2321 3773
96 318 107 95 quo
157 318 152 95 aperte
263 318 198 95 sequitur,
415 318 122 95 quod
491 318 183 95 praecisa
628 318 137 95 ratio
720 318 107 95 qua
781 318 137 95 pater
872 318 152 95 creat,
979 318 107 95 est
1039 318 213 95 aequaliter
1207 318 91 95 in
1252 318 137 95 filio
1344 318 76 95 &
1374 318 91 95 in
1420 318 167 95 spiritu
1542 318 167 95 sancto,
1663 318 137 95 sicut
1755 318 76 95 &
1785 318 91 95 in

97 389 165 84 patre,
213 389 99 84 vt
263 389 165 84 possit
378 389 132 84 dici
461 389 99 84 de
511 389 165 84 patre,
626 389 149 84 Quare
725 389 149 84 pater
825 389 149 84 creat
924 389 198 84 deitatem
1072 389 132 84 quae
1155 389 116 84 est
1221 389 99 84 in
1271 389 165 84 seipso
1386 389 83 84 &
1419 389 132 84 sua:
1502 389 116 84 non
1568 389 116 84 sub
1634 389 182 84 ratione
1766 389 116 84 qua

96 439 104 78 lua
156 439 119 78 est,
230 439 74 78 &
260 439 89 78 in
304 439 119 78 ipso
379 439 89 78 (&
423 439 119 78 idem
497 439 89 78 de
542 439 134 78 filio
631 439 74 78 &
661 439 178 78 spiritus
795 439 149 78 scton)
899 439 104 78 sed
958 439 119 78 quod
1033 439 134 78 omnes
1122 439 134 78 simul
1211 439 74 78 &
1241 439 163 78 singuli
1360 439 149 78 creant
1464 439 163 78 deitate
1582 439 119 78 quae
1657 439 104 78 est
1716 439 89 78 in
1746 439 104 78 singu

85 489 114 81 lis
150 489 114 81 sub
215 489 178 81 ratione
344 489 114 81 qua
409 489 227 81 singulorum
588 489 130 81 est,
669 489 114 81 non
734 489 97 81 vt
782 489 130 81 sunt
863 489 195 81 singuli,
1009 489 114 81 sed
1074 489 97 81 vt
1123 489 130 81 sunt
1204 489 130 81 vnum
1285 489 227 81 principium
1464 489 227 81 creaturae.
1642 489 97 81 Et
1675 489 178 81 similiter

89 554 146 76 quodam
191 554 116 76 modo
264 554 87 76 de
308 554 102 76 pre
366 554 73 76 &
395 554 131 76 filio
482 554 87 76 in
526 554 175 76 spirando
657 554 175 76 spiritum
788 554 175 76 sanctum.
919 554 233 76 Quandocumque
1108 554 131 76 autem
1195 554 131 76 ratio
1283 554 116 76 illa
1355 554 102 76 qua
1414 554 102 76 vna
1472 554 160 76 persona
1588 554 116 76 agit
1661 554 87 76 ab
1705 554 131 76 ipsa,
1777 554 73 76 est

93 602 87 86 in
137 602 116 86 alia
210 602 102 86 sub
268 602 116 86 illa
340 602 160 86 ratione
456 602 102 86 qua
514 602 116 86 illa
587 602 131 86 agit:
674 602 116 86 tunc
747 602 116 86 ipsa
819 602 160 86 dicetur
935 602 131 86 agere
1023 602 102 86 per
1081 602 131 86 illam
1168 602 174 86 actionem
1298 602 116 86 quam
1371 602 116 86 illa
1444 602 116 86 alia
1516 602 160 86 persona
1632 602 131 86 agit.
1719 602 87 86 De
1763 602 116 86 quo-

97 660 146 68 cumque
200 660 117 68 enim
273 660 88 68 de
317 660 103 68 quo
376 660 132 68 verum
463 660 103 68 est
522 660 146 68 dicere
625 660 117 68 quod
698 660 117 68 agit
771 660 161 68 aliquam
888 660 176 68 actionem
1020 660 176 68 ablatiue
1152 660 117 68 sine
1225 660 249 68 praepositione
1430 660 146 68 aliqua
1532 660 161 68 ratione
1650 660 117 68 quae
1723 660 88 68 ab
1752 660 88 68 ipso

88 708 124 80 habet
171 708 110 80 esse
239 708 165 80 praecisa
363 708 82 80 in
404 708 124 80 alio,
487 708 124 80 verum
569 708 96 80 est
624 708 137 80 dicere
720 708 110 80 quod
789 708 110 80 agit
858 708 124 80 illam
940 708 192 80 accusatiue
1091 708 165 80 scilicet
1215 708 96 80 per
1270 708 124 80 illud
1352 708 124 80 aliud
1435 708 82 80 in
1476 708 96 80 quo
1531 708 82 80 ab
1572 708 110 80 illo
1641 708 96 80 est
1696 708 110 80 illa
1751 708 96 80 ratio

99 768 94 78 vt
146 768 94 78 si
193 768 156 78 radius
302 768 203 78 calefacit
458 768 172 78 hominem
583 768 156 78 calore
692 768 125 78 quem
770 768 156 78 causat
880 768 94 78 in
926 768 140 78 aere,
1020 768 109 78 sub
1082 768 94 78 ea
1129 768 172 78 ratione
1254 768 109 78 qua
1316 768 109 78 est
1379 768 94 78 in
1426 768 125 78 ipso
1504 768 140 78 aere:
1597 768 140 78 verum
1691 768 109 78 est
1738 768 109 78 dice-

86 814 91 89 re
131 814 121 89 quod
207 814 212 89 calefaciat
374 814 136 89 ipsum
465 814 106 89 per
525 814 151 89 aerem.
631 814 76 89 â‹
662 814 91 89 Ex
707 814 136 89 parte
798 814 121 89 vero
874 814 151 89 actuum
980 814 151 89 omnino
1086 814 227 89 absolutorum
1267 814 197 89 manentium
1419 814 151 89 intra,
1525 814 106 89 est
1586 814 227 89 aduertendum
1752 814 76 89 quo

93 870 145 87 pater
189 870 80 87 &
222 870 161 87 filius
334 870 80 87 &
366 870 193 87 spiritus
511 870 161 87 sctuns
623 870 113 87 non
688 870 96 87 se
736 870 161 87 habent
848 870 177 87 penitus
977 870 96 87 vt
1025 870 129 87 vnum
1106 870 145 87 agens
1202 870 96 87 ad
1250 870 145 87 actus
1347 870 209 87 absolutos
1508 870 241 87 essentiales
1684 870 145 87 manente

82 930 172 79 intra,
202 930 224 79 cuiusmodi
375 930 138 79 sunt
461 930 259 79 intelligere
668 930 86 79 &
703 930 172 79 velle:
823 930 259 79 quemadmodum
1030 930 103 79 se
1082 930 172 79 habent
1203 930 103 79 ad
1255 930 155 79 actus
1358 930 259 79 essentiales
1565 930 259 79 transeuntes
1755 930 86 79 ex-

88 980 138 79 tra:
174 980 120 79 sed
243 980 155 79 actus
346 980 224 79 huiusmodi
518 980 155 79 agunt
621 980 103 79 vt
673 980 206 79 singuli.
827 980 86 79 &
862 980 120 79 hoc
931 980 155 79 ideo:
1034 980 138 79 quia
1120 980 172 79 ordine
1240 980 172 79 quodam
1360 980 206 79 rationis
1515 980 155 79 inter
1618 980 103 79 se
1653 980 189 79 huiusmodi

86 1034 142 83 actus
181 1034 158 83 agunt:
292 1034 142 83 sicut
387 1034 158 83 ordine
498 1034 158 83 quodam
608 1034 127 83 ipsi
688 1034 158 83 habent
798 1034 158 83 agendi
909 1034 206 83 rationem.
1067 1034 174 83 Propter
1194 1034 127 83 quod
1273 1034 127 83 etsi
1352 1034 142 83 eodem
1447 1034 190 83 secundum
1590 1034 190 83 rationem
1716 1034 127 83 absolu

87 1086 111 80 tam
150 1086 142 80 agunt
245 1086 127 80 eos,
325 1086 111 80 non
388 1086 142 80 tamen
483 1086 174 80 penitus
609 1086 190 80 secundum
752 1086 158 80 eandem
863 1086 190 80 rationem
1005 1086 237 80 respectiuam
1195 1086 206 80 rationis.
1353 1086 142 80 Licet
1448 1086 127 80 enim
1527 1086 127 80 ipsa
1607 1086 158 80 deitas
1717 1086 127 80 siue
1781 1086 63 80 di

82 1143 131 79 uina
164 1143 197 79 essentia
311 1143 98 79 in
360 1143 164 79 tribus
475 1143 197 79 personis
623 1143 197 79 existens
771 1143 115 79 vna
836 1143 82 79 &
869 1143 148 79 eadem
968 1143 98 79 re
1017 1143 82 79 &
1050 1143 180 79 ratione
1181 1143 197 79 absoluta
1328 1143 115 79 sit
1394 1143 148 79 ratio
1492 1143 164 79 agendi
1607 1143 148 79 omnes
1689 1143 148 79 diuinas

82 1197 204 73 actiones
235 1197 102 73 in
286 1197 187 73 omnibus
422 1197 187 73 diuinis
558 1197 221 73 personis,
728 1197 102 73 vt
779 1197 272 73 determinatum
999 1197 119 73 est
1067 1197 170 73 supra:
1186 1197 153 73 tamen
1288 1197 153 73 habet
1390 1197 187 73 aliquam
1526 1197 272 73 differentiam
1730 1197 119 73 respe

85 1249 119 79 ctus
159 1249 178 79 secundum
293 1249 178 79 rationem
426 1249 89 79 vt
470 1249 104 79 est
530 1249 89 79 in
574 1249 104 79 vna
633 1249 178 79 persona,
767 1249 74 79 a
796 1249 148 79 seipsa
900 1249 89 79 vt
944 1249 104 79 est
1004 1249 89 79 in
1048 1249 133 79 alia,
1137 1249 207 79 inquantum.
1300 1249 178 79 scilicet
1433 1249 104 79 vna
1492 1249 163 79 persona
1611 1249 133 79 habet
1700 1249 133 79 ipsam
1789 1249 89 79 in

87 1301 221 86 semetipsa
257 1301 102 86 ex
308 1301 238 86 semetipsa:
494 1301 136 86 alia
579 1301 136 86 vero
664 1301 153 86 habet
766 1301 153 86 ipsam
868 1301 102 86 in
919 1301 221 86 semetipsa
1088 1301 119 86 non
1156 1301 102 86 ex
1207 1301 238 86 semetipsa:
1394 1301 119 86 sed
1462 1301 85 86 a
1496 1301 170 86 quadam
1614 1301 136 86 alia
1682 1301 153 86 persona

75 1344 145 93 Verbi
171 1344 177 93 gratia,
300 1344 113 93 cum
364 1344 161 93 deitas
477 1344 113 93 sub
541 1344 177 93 ratione
670 1344 225 93 sapientiae
846 1344 113 93 seu
911 1344 209 93 veritatis
1071 1344 241 93 simpliciter
1264 1344 113 93 sit
1329 1344 145 93 ratio
1425 1344 129 93 eius
1505 1344 129 93 quod
1586 1344 113 93 est
1650 1344 161 93 sapere
1763 1344 113 93 aut

82 1409 260 78 intelligere
289 1409 277 78 simpliciter:
514 1409 121 78 hoc
584 1409 156 78 tamen
687 1409 121 78 non
757 1409 121 78 vna
826 1409 87 78 &
861 1409 156 78 eadem
964 1409 190 78 ratione
1103 1409 104 78 vt
1155 1409 121 78 est
1224 1409 104 78 in
1276 1409 173 78 patre,
1397 1409 87 78 &
1432 1409 156 78 ratio
1535 1409 173 78 sapere
1657 1409 87 78 &
1674 1409 173 78 intelli-

82 1472 113 78 gere
153 1472 141 78 patris
251 1472 170 78 secundum
379 1472 113 78 quod
449 1472 113 78 sunt
520 1472 155 78 patris,
633 1472 71 78 &
661 1472 85 78 vt
704 1472 99 78 est
760 1472 85 78 in
802 1472 141 78 filio,
901 1472 71 78 &
930 1472 127 78 ratio
1014 1472 141 78 sapere
1113 1472 71 78 &
1142 1472 212 78 intelligere
1311 1472 127 78 filii
1396 1472 170 78 secundum
1523 1472 113 78 quod
1594 1472 113 78 sunt
1664 1472 141 78 filii.
1763 1472 113 78 quia

81 1521 98 75 vt
130 1521 114 75 est
195 1521 98 75 in
244 1521 164 75 patre,
359 1521 82 75 &
391 1521 114 75 est
457 1521 147 75 ratio
555 1521 262 75 intelligendi
768 1521 114 75 aut
833 1521 196 75 sapiendi
980 1521 164 75 patris
1095 1521 98 75 vt
1144 1521 164 75 patris
1258 1521 131 75 est:
1340 1521 147 75 habet
1438 1521 196 75 rationem
1585 1521 213 75 ingeniti:
1749 1521 82 75 &
1765 1521 82 75 eli

84 1578 111 70 cit
148 1578 95 70 in
195 1578 111 70 pre
258 1578 254 70 intelligendi
464 1578 143 70 actum
560 1578 95 70 vt
607 1578 158 70 patris
718 1578 127 70 est,
797 1578 111 70 sub
861 1578 174 70 ratione
987 1578 111 70 qua
1051 1578 111 70 est
1114 1578 206 70 perfectio
1273 1578 158 70 solius
1383 1578 174 70 patris,
1510 1578 190 70 scilicet
1653 1578 111 70 sub
1700 1578 143 70 ratione

78 1630 107 67 qua
139 1630 107 67 est
200 1630 198 67 sapientia
352 1630 198 67 ingenita.
505 1630 92 67 Vt
551 1630 122 67 vero
627 1630 107 67 est
688 1630 92 67 in
734 1630 153 67 filio:
840 1630 76 67 &
871 1630 107 67 est
932 1630 137 67 ratio
1024 1630 244 67 intelligendi
1222 1630 107 67 aut
1283 1630 183 67 sapiendi
1420 1630 153 67 filii,
1527 1630 92 67 vt
1573 1630 137 67 filii
1664 1630 122 67 est:
1725 1630 107 67 habet

76 1684 200 69 rationem
226 1684 183 69 geniti:
359 1684 83 69 &
393 1684 166 69 elicit
509 1684 100 69 in
559 1684 150 69 filio
659 1684 150 69 actum
759 1684 266 69 intelligendi
975 1684 100 69 vt
1025 1684 150 69 filii
1125 1684 133 69 est,
1208 1684 117 69 sub
1275 1684 183 69 ratione
1408 1684 117 69 qua
1475 1684 117 69 est
1541 1684 216 69 perfectio
1691 1684 150 69 propria

82 1727 165 87 filii,
198 1727 198 87 scilicet
347 1727 116 87 sub
413 1727 182 87 ratione
545 1727 116 87 qua
612 1727 116 87 est
678 1727 215 87 sapientia
843 1727 165 87 genita
959 1727 132 87 siue
1041 1727 165 87 habita
1157 1727 116 87 per
1223 1727 281 87 generationem.
1455 1727 99 87 Et
1504 1727 215 87 similiter
1670 1727 99 87 vt
1719 1727 116 87 est
1769 1727 66 87 in

82 1779 175 88 spiritu
209 1779 175 88 sancto:
336 1779 79 88 &
368 1779 111 88 est
432 1779 143 88 ratio
527 1779 254 88 intelligendi
734 1779 127 88 siue
813 1779 207 88 sapiendi,
972 1779 95 88 vt
1020 1779 191 88 spiritus
1163 1779 159 88 sancti
1274 1779 127 88 est,
1353 1779 111 88 est
1417 1779 207 88 sapientia
1576 1779 111 88 sub
1639 1779 175 88 ratione
1767 1779 111 88 qua

76 1846 94 71 est
129 1846 162 71 spirata,
251 1846 108 71 siue
318 1846 135 71 habita
412 1846 94 71 per
466 1846 162 71 spiritus
588 1846 108 71 scti
655 1846 216 71 spirationem.
830 1846 148 71 Propter
938 1846 108 71 quid
1005 1846 162 71 secundum
1127 1846 243 71 determiationem
1329 1846 202 71 Augustinus,
1491 1846 94 71 xv.
1545 1846 81 71 de
1585 1846 189 71 trinitate.
1733 1846 81 71 c.
1760 1846 81 71 vii.

81 1889 160 83 licet
188 1889 213 83 memoria,
348 1889 320 83 intelligentia,
615 1889 213 83 voluntas
775 1889 125 83 sic
846 1889 249 83 conueniant
1042 1889 178 83 tribus
1166 1889 213 83 personis
1326 1889 107 83 vt
1380 1889 125 83 non
1451 1889 125 83 sit
1522 1889 160 83 patri
1629 1889 178 83 tantum
1735 1889 107 83 con-

82 1954 199 73 ueniens
227 1954 217 73 memoria,
390 1954 90 73 &
426 1954 163 73 filio
534 1954 326 73 intelligentia,
806 1954 90 73 &
842 1954 217 73 spiritui
1005 1954 181 73 sancto
1131 1954 235 73 voluntas,
1312 1954 127 73 sed
1385 1954 199 73 singula
1529 1954 163 73 horum
1638 1954 163 73 trium
1728 1954 109 73 con-

87 2004 188 79 ueniunt
224 2004 205 79 omnibus:
377 2004 137 79 quia
463 2004 239 79 sequeretur
651 2004 239 79 obscuritas
839 2004 239 79 praedicta,
1027 2004 103 79 vt
1078 2004 154 79 pater
1181 2004 120 79 non
1249 2004 120 79 sit
1317 2004 188 79 sapiens
1454 2004 120 79 aut
1522 2004 256 79 intelligens
1727 2004 103 79 ex
1762 2004 68 79 se

81 2049 142 81 ipso,
176 2049 111 81 sed
239 2049 95 81 ea
287 2049 142 81 sapia
382 2049 127 81 quam
461 2049 174 81 genuit:
588 2049 142 81 tamen
683 2049 111 81 (vt
746 2049 142 81 dicit
841 2049 174 81 ibidem)
968 2049 142 81 pater
1062 2049 111 81 est
1126 2049 174 81 sapiens
1252 2049 95 81 ea
1300 2049 127 81 quae
1379 2049 127 81 ipse
1458 2049 111 81 sua
1521 2049 111 81 est
1585 2049 222 81 sapientia:
1759 2049 79 81 &
1775 2049 63 81 si

74 2108 131 77 lius
156 2108 180 77 sapiens
287 2108 213 77 sapientia
451 2108 98 77 de
500 2108 213 77 sapientia
664 2108 131 77 quae
746 2108 115 77 est
812 2108 164 77 pater.
927 2108 98 77 Et
976 2108 213 77 similiter
1140 2108 115 77 (vt
1206 2108 164 77 dicit)
1320 2108 115 77 est
1386 2108 98 77 de
1435 2108 197 77 memoria:
1583 2108 131 77 quia
1665 2108 148 77 sicut
1747 2108 82 77 si-

82 2160 101 80 bi
133 2160 186 80 meminit
268 2160 169 80 pater,
386 2160 118 80 ita
454 2160 84 80 &
487 2160 186 80 filius:
622 2160 84 80 &
656 2160 152 80 sicut
757 2160 152 80 filii
859 2160 84 80 &
893 2160 118 80 sui
960 2160 186 80 meminit
1095 2160 152 80 pater
1196 2160 186 80 memoria
1331 2160 118 80 non
1399 2160 169 80 filii,
1517 2160 118 80 sed
1585 2160 135 80 sua,
1669 2160 118 80 ita
1737 2160 118 80 sui
1787 2160 51 80 &

84 2216 175 76 patris
207 2216 193 76 meminit
347 2216 175 76 filius
470 2216 193 76 memoria
611 2216 123 76 non
681 2216 175 76 patris
803 2216 123 76 sed
874 2216 140 76 sua.
961 2216 105 76 Et
1014 2216 158 76 sicut
1119 2216 123 76 est
1189 2216 105 76 de
1242 2216 210 76 memoria,
1400 2216 123 76 sic
1470 2216 123 76 est
1540 2216 105 76 de
1575 2216 263 76 intelligentia

90 2273 80 78 &
122 2273 225 78 voluntate.
299 2273 128 78 Vnde
379 2273 161 78 subdit
491 2273 96 78 de
540 2273 161 78 filio.
652 2273 145 78 Sicut
748 2273 112 78 nec
812 2273 145 78 pater
909 2273 96 78 ei
957 2273 193 78 meminit,
1101 2273 112 78 nec
1166 2273 193 78 spiritus
1310 2273 177 78 sanctus
1439 2273 96 78 ei
1487 2273 193 78 diligit,
1631 2273 112 78 sed
1696 2273 128 78 ipse
1760 2273 64 78 si

84 2320 115 82 bi:
149 2320 115 82 Sua
215 2320 131 82 enim
297 2320 115 82 est
362 2320 82 82 &
395 2320 131 82 ipse
477 2320 197 82 memoria,
625 2320 115 82 sua
690 2320 295 82 intelligentia,
936 2320 115 82 sua
1002 2320 213 82 dilectio:
1166 2320 115 82 sed
1232 2320 115 82 ita
1297 2320 98 82 se
1346 2320 180 82 habere,
1478 2320 98 82 de
1527 2320 148 82 patre
1625 2320 131 82 illi
1707 2320 115 82 est
1756 2320 66 82 de

83 2383 110 74 quo
146 2383 142 74 natus
241 2383 126 74 est:
319 2383 110 74 Sic
382 2383 142 74 etiam
476 2383 189 74 spiritus
618 2383 189 74 sanctus:
760 2383 126 74 quia
838 2383 204 74 sapientia
995 2383 110 74 est
1058 2383 204 74 procedens
1216 2383 94 74 de
1263 2383 204 74 sapientia
1420 2383 110 74 &c.
1483 2383 94 74 Et
1530 2383 142 74 sicut
1625 2383 110 74 est
1687 2383 94 74 de
1719 2383 110 74 istis

79 2428 183 81 tribus,
212 2428 199 81 memoria,
362 2428 299 81 intelligentia,
610 2428 216 81 voluntas,
776 2428 116 81 sic
843 2428 116 81 est
909 2428 83 81 &
942 2428 100 81 de
992 2428 282 81 essentialibus
1225 2428 166 81 aliis.
1341 2428 133 81 lsta
1424 2428 133 81 enim
1507 2428 249 81 essentialia
1706 2428 133 81 sunt
1772 2428 50 81 &

82 2491 194 73 communia
227 2491 146 73 sicut
324 2491 81 73 &
357 2491 146 73 alia.
454 2491 129 73 Vnde
535 2491 129 73 quod
615 2491 162 73 dicit,
729 2491 129 73 quod
809 2491 146 73 pater
906 2491 178 73 meminit
1036 2491 178 73 memoria
1165 2491 113 73 non
1230 2491 162 73 filii,
1343 2491 113 73 sed
1408 2491 129 73 sua:
1488 2491 113 73 non
1553 2491 113 73 est
1618 2491 113 73 hoc
1666 2491 162 73 accipien

84 2533 133 81 dum
160 2533 171 81 quasi
274 2533 152 81 alia
368 2533 133 81 sit
444 2533 208 81 memoria
596 2533 189 81 patris
728 2533 95 81 &
766 2533 189 81 filii.
899 2533 152 81 Immo
993 2533 152 81 illa
1088 2533 171 81 eadem
1202 2533 133 81 est
1278 2533 208 81 memoria
1429 2533 189 81 patris
1562 2533 133 81 qua
1619 2533 208 81 memoratur

81 2600 179 89 pater:
206 2600 90 89 &
242 2600 161 89 filii
350 2600 125 89 qua
421 2600 233 89 memoratur
600 2600 197 89 filius:
744 2600 90 89 &
779 2600 304 89 vniuersaliter
1030 2600 161 89 omnia
1138 2600 269 89 essentialia
1352 2600 161 89 eadem
1460 2600 143 89 sunt
1549 2600 179 89 trium.
1657 2600 161 89 Attamen

78 2658 136 68 quia
163 2658 152 68 alius
264 2658 169 68 pater,
383 2658 152 68 alius
485 2658 186 68 filius,
620 2658 152 68 alius
722 2658 203 68 spiritus
874 2658 203 68 sanctus:
1027 2658 85 68 &
1061 2658 203 68 secundum
1213 2658 119 68 hoc
1281 2658 136 68 alia
1366 2658 186 68 ratione
1501 2658 152 68 patri
1603 2658 152 68 omnia
1687 2658 136 68 essen-

85 2701 137 87 tialia
181 2701 205 87 conveniunt,
345 2701 110 87 alia
414 2701 137 87 filio,
510 2701 110 87 alia
578 2701 151 87 spiritu
688 2701 151 87 sancto,
797 2701 192 87 inquantum.
948 2701 164 87 scilicet
1071 2701 123 87 pater
1153 2701 123 87 omnia
1235 2701 123 87 habet
1317 2701 68 87 a
1345 2701 82 87 se
1386 2701 68 87 &
1413 2701 96 87 sub
1468 2701 151 87 ratione
1577 2701 178 87 ingeniti:
1700 2701 110 87 filius

75 2760 156 68 autem
179 2760 156 68 omnia
283 2760 156 68 habet
387 2760 87 68 a
422 2760 156 68 patre
526 2760 87 68 &
560 2760 121 68 sub
630 2760 191 68 ratione
768 2760 191 68 geniti:
907 2760 208 68 spiritus
1063 2760 191 68 sanctus
1202 2760 225 68 similiter
1375 2760 156 68 omnia
1479 2760 173 68 habet,
1601 2760 121 68 sed
1670 2760 87 68 a
1688 2760 121 68 patre

83 2808 84 74 &
117 2808 168 74 filio,
235 2808 84 74 &
268 2808 118 74 sub
336 2808 185 74 ratione
470 2808 202 74 spirati,
622 2808 135 74 siue
706 2808 168 74 habiti
824 2808 118 74 per
891 2808 269 74 spirationem.
1110 2808 152 74 Licet
1211 2808 135 74 enim
1295 2808 135 74 eius
1379 2808 135 74 quod
1464 2808 118 74 est
1531 2808 202 74 memorari
1666 2808 152 74 simpli-

69 2866 180 73 citer,
195 2866 108 73 vt
249 2866 251 73 communiter
446 2866 126 73 est
518 2866 162 73 trium
626 2866 269 73 personarum,
841 2866 162 73 ratio
949 2866 126 73 sit
1021 2866 198 73 memoria
1165 2866 269 73 simpliciter
1380 2866 108 73 vt
1434 2866 126 73 est
1506 2866 162 73 trium
1596 2866 216 73 communiter

84 2912 81 83 &
116 2912 130 83 eius
197 2912 130 83 quod
279 2912 114 83 est
344 2912 260 83 intelligere,
555 2912 179 83 sapere,
685 2912 114 83 aut
750 2912 146 83 scire
847 2912 260 83 simpliciter,
1059 2912 97 83 vt
1107 2912 114 83 est
1172 2912 227 83 communiter
1351 2912 146 83 trium
1449 2912 244 83 personarum,
1644 2912 146 83 ratio
1725 2912 81 83 sit

73 2968 283 83 intelligentia
307 2968 133 83 siue
390 2968 200 83 veritas,
540 2968 117 83 seu
606 2968 217 83 sapientia
773 2968 117 83 aut
840 2968 200 83 scientia
990 2968 250 83 simpliciter
1190 2968 100 83 vt
1240 2968 117 83 est
1306 2968 150 83 trium
1406 2968 250 83 communiter:
1606 2968 83 83 &
1623 2968 183 83 similiter

83 3027 121 72 est
152 3027 104 72 de
204 3027 156 72 velle
307 3027 86 72 &
342 3027 207 72 diligere
498 3027 207 72 respectu
653 3027 242 72 voluntatis
843 3027 86 72 &
878 3027 190 72 amoris:
1016 3027 156 72 tamen
1120 3027 104 72 vt
1172 3027 207 72 memorari
1327 3027 121 72 est
1396 3027 173 72 patris
1517 3027 294 72 singulariter,
1742 3027 69 72 ra

85 3076 113 77 tio
149 3076 129 77 eius
230 3076 113 77 non
294 3076 113 77 est
358 3076 177 77 memoria
487 3076 129 77 nisi
567 3076 113 77 sub
631 3076 177 77 ratione
760 3076 129 77 illa
840 3076 113 77 qua
905 3076 113 77 est
969 3076 177 77 patris,
1098 3076 193 77 scilicet
1242 3076 113 77 qua
1307 3076 113 77 est
1371 3076 209 77 ingenita.
1532 3076 96 77 Et
1580 3076 209 77 similiter
1725 3076 80 77 est

78 3139 96 76 de
126 3139 240 76 intelligere
318 3139 80 76 &
350 3139 176 76 sapere:
478 3139 128 76 quod
557 3139 96 76 vt
605 3139 160 76 patris
717 3139 112 76 est
781 3139 272 76 singulariter,
1005 3139 112 76 non
1069 3139 112 76 est
1133 3139 128 76 eius
1213 3139 144 76 ratio
1309 3139 272 76 intelligentia
1532 3139 112 76 aut
1596 3139 208 76 sapientia
1740 3139 80 76 ni-

86 3184 98 85 si
135 3184 114 85 sub
200 3184 179 85 ratione
330 3184 114 85 qua
395 3184 179 85 patris.
525 3184 98 85 Et
573 3184 146 85 eodem
671 3184 130 85 modo
752 3184 114 85 est
817 3184 98 85 de
866 3184 179 85 actibus
996 3184 276 85 essentialibus
1224 3184 228 85 attributis
1403 3184 146 85 filio
1500 3184 98 85 vt
1549 3184 146 85 filii
1646 3184 130 85 sunt
1711 3184 98 85 sin-

77 3241 241 88 gulariter:
266 3241 86 88 &
301 3241 224 88 similiter
473 3241 103 88 de
525 3241 190 88 spiritu
663 3241 190 88 sancto:
800 3241 138 88 quia
887 3241 155 88 nihil
990 3241 121 88 est
1059 3241 155 88 ratio
1162 3241 190 88 illorum
1300 3241 138 88 nisi
1386 3241 121 88 sub
1455 3241 190 88 ratione
1593 3241 121 88 qua
1662 3241 190 88 istorum
