2276 3776
445 317 151 85 sunt.
546 317 134 85 Quod
630 317 134 85 Aug.
714 317 218 85 expressit
882 317 151 85 illis
983 317 168 85 verbis
1100 317 134 85 suis
1184 317 252 85 praedictis.
1386 317 101 85 Et
1436 317 118 85 sic
1503 317 151 85 licet
1604 317 151 85 pater
1705 317 151 85 creat
1806 317 185 85 deitate
1940 317 134 85 quae
2024 317 118 85 sua
2091 317 118 85 est
2142 317 50 85 &

442 395 145 62 filii
538 395 80 62 &
570 395 193 62 spiritus
715 395 177 62 sancti:
843 395 80 62 &
875 395 209 62 similiter
1036 395 161 62 filius
1148 395 80 62 &
1181 395 193 62 spiritus
1325 395 177 62 sanctus
1453 395 161 62 creant
1566 395 161 62 eadem,
1678 395 128 62 quia
1759 395 145 62 tamen
1855 395 145 62 pater
1951 395 112 62 non
2015 395 145 62 creat
2096 395 96 62 illa

462 440 86 65 vt
505 440 100 65 sua
562 440 114 65 est,
633 440 129 65 neque
719 440 86 65 vt
762 440 143 65 filii,
862 440 129 65 neque
948 440 86 65 vt
991 440 172 65 spiritus
1120 440 157 65 sancti:
1234 440 129 65 neque
1320 440 86 65 vt
1363 440 86 65 in
1406 440 86 65 se
1448 440 114 65 est,
1520 440 129 65 neque
1606 440 86 65 vt
1649 440 86 65 in
1692 440 143 65 filio,
1792 440 143 65 neque,
1892 440 86 65 vt
1935 440 86 65 in
1978 440 157 65 spiritu
2078 440 114 65 scton:

455 499 103 66 sed
514 499 88 66 vt
558 499 162 66 coniter
676 499 103 66 est
735 499 133 66 trium
824 499 74 66 &
853 499 88 66 in
898 499 162 66 tribus:
1015 499 74 66 &
1045 499 192 66 similiter
1192 499 103 66 est
1251 499 88 66 de
1296 499 133 66 filio
1384 499 74 66 &
1413 499 88 66 de
1458 499 162 66 spiritu
1576 499 162 66 sancto:
1694 499 206 66 intelligit
1856 499 133 66 tamen
1944 499 103 66 aut
2003 499 133 66 sapit
2077 499 103 66 intel

458 547 165 75 ligentia
582 547 96 75 aut
637 547 179 75 sapientia
775 547 83 75 vt
817 547 96 75 sua
872 547 110 75 est,
941 547 96 75 non
996 547 124 75 autem
1078 547 83 75 vt
1120 547 124 75 filii
1203 547 96 75 aut
1258 547 165 75 spiritus
1382 547 152 75 sancti:
1492 547 69 75 &
1520 547 179 75 similiter
1657 547 96 75 est
1713 547 83 75 de
1754 547 124 75 filio
1837 547 69 75 &
1864 547 83 75 de
1906 547 165 75 spiritus
2030 547 152 75 sancto:
2140 547 83 75 ld

465 603 135 67 circo
555 603 135 67 pater
645 603 241 67 convenienter
841 603 165 67 dicitur
961 603 150 67 creare
1067 603 120 67 illa
1142 603 165 67 ratione
1262 603 181 67 ablatiue
1398 603 105 67 qua
1458 603 150 67 filius
1563 603 150 67 creat,
1668 603 75 67 &
1699 603 90 67 vt
1744 603 120 67 illa
1819 603 150 67 creat.
1924 603 105 67 Non
1984 603 135 67 autem
2060 603 135 67 dicitur

460 668 242 61 convenienter
657 668 227 61 intelligere
839 668 121 61 illa
914 668 167 61 ratione
1036 668 106 61 qua
1096 668 152 61 filius
1202 668 227 61 intelligit,
1384 668 76 61 &
1414 668 91 61 vt
1460 668 121 61 illa
1536 668 227 61 intelligit.
1717 668 167 61 Propter
1839 668 121 61 quod
1914 668 136 61 etiam
2005 668 136 61 actum
2081 668 106 61 crean

452 709 101 59 di
503 709 268 59 convenienter
721 709 184 59 dicitur
855 709 151 59 agere
955 709 117 59 per
1022 709 184 59 filium:
1156 709 117 59 non
1224 709 151 59 autem
1324 709 151 59 actum
1425 709 285 59 intelligendi:
1659 709 101 59 eo
1710 709 134 59 quod
1794 709 168 59 semper
1911 709 252 59 vniformiter
2095 709 101 59 con-

464 767 203 64 structio
617 767 203 64 ablatiua
769 767 102 64 de
820 767 102 64 eo
871 767 136 64 quod
956 767 186 64 indicat
1091 767 203 64 rationem
1244 767 170 64 actus,
1362 767 237 64 resoluitur
1549 767 102 64 in
1600 767 254 64 accusatiuam
1803 767 119 64 cum
1871 767 288 64 praepositione
2091 767 102 64 per-

457 827 106 57 de
510 827 106 57 eo
563 827 141 57 quod
651 827 123 57 est
721 827 158 57 agens
827 827 176 57 actum.
950 827 176 57 Illius
1073 827 158 57 autem
1179 827 141 57 modi
1266 827 158 57 cuius
1372 827 123 57 est
1442 827 193 57 creare,
1583 827 141 57 sunt
1671 827 158 57 omnes
1776 827 158 57 actus
1882 827 264 57 essentiales
2075 827 106 57 ter-

456 882 179 59 minati
581 882 107 59 ad
635 882 197 59 aliquid
778 882 251 59 productum.
975 882 179 59 Istius
1100 882 161 59 autem
1208 882 143 59 modi
1297 882 161 59 cuius
1405 882 125 59 est
1476 882 286 59 intelligere,
1709 882 143 59 sunt
1798 882 161 59 omnes
1906 882 161 59 actus
1995 882 197 59 essentia-

464 926 147 73 les,
556 926 129 73 sic
629 926 221 73 manentes
795 926 165 73 intra
905 926 110 73 vt
960 926 129 73 non
1034 926 276 73 terminentur
1254 926 110 73 ad
1309 926 202 73 aliquid
1457 926 184 73 extra:
1585 926 110 73 vt
1640 926 110 73 ad
1696 926 221 73 effectum
1861 926 239 73 productum
2045 926 110 73 ex
2082 926 110 73 tem-

454 982 163 73 pore.
563 982 127 73 Non
635 982 145 73 enim
725 982 127 73 est
798 982 290 73 differentia,
1033 982 145 73 etsi
1124 982 272 73 terminentur
1341 982 109 73 ad
1395 982 235 73 creaturam
1576 982 199 73 tanquam
1721 982 109 73 ad
1776 982 217 73 obiectum
1939 982 181 73 purum:
2065 982 109 73 vt
2101 982 91 73 cum

457 1035 191 66 dicitur
595 1035 139 66 deus
682 1035 260 66 intelligere
890 1035 121 66 aut
959 1035 208 66 diligere
1115 1035 243 66 creaturas:
1306 1035 208 66 simplici
1461 1035 139 66 dico
1548 1035 294 66 intelligentia
1791 1035 87 66 &
1825 1035 260 66 dilectione.
2033 1035 139 66 Vnde
2102 1035 87 66 pa-

463 1086 120 70 tet
531 1086 188 70 veritas
668 1086 239 70 communiter
856 1086 171 70 dicti:
975 1086 137 70 quod
1061 1086 154 70 actus
1163 1086 256 70 essentiales
1368 1086 290 70 significantes
1607 1086 120 70 per
1676 1086 154 70 modum
1778 1086 256 70 egredientis
1983 1086 102 70 ad
2034 1086 188 70 aliquid

465 1142 157 67 extra,
575 1142 94 67 vt
622 1142 94 67 ad
669 1142 188 67 effectum
810 1142 110 67 per
873 1142 157 67 illos,
982 1142 141 67 pater
1076 1142 172 67 dicitur
1202 1142 141 67 agere
1296 1142 110 67 per
1359 1142 172 67 filium:
1484 1142 78 67 &
1515 1142 125 67 ambo
1594 1142 110 67 per
1656 1142 188 67 spiritum
1797 1142 188 67 sanctum:
1938 1142 110 67 non
2001 1142 141 67 autem
2079 1142 110 67 actus

458 1190 258 69 essentiales
664 1190 120 69 non
733 1190 292 69 significantes
974 1190 120 69 per
1043 1190 155 69 modum
1146 1190 258 69 egredientis
1352 1190 103 69 ad
1404 1190 189 69 aliquid
1541 1190 172 69 extra,
1662 1190 103 69 vt
1713 1190 103 69 ad
1765 1190 206 69 effectum
1920 1190 120 69 per
1989 1190 172 69 illos.
2109 1190 120 69 Sed

450 1249 188 62 dictum
582 1249 169 62 illud
694 1249 131 62 non
769 1249 225 62 declarat
938 1249 188 62 causam
1069 1249 131 62 seu
1144 1249 244 62 rationem.
1332 1249 150 62 Immo
1425 1249 150 62 quia
1519 1249 169 62 actus
1632 1249 281 62 transeuntes
1857 1249 113 62 ad
1913 1249 225 62 effectum
2063 1249 131 62 extra

456 1299 168 77 siunt
569 1299 224 77 secundum
737 1299 187 77 eandem
868 1299 224 77 rationem
1036 1299 243 77 praecisam
1223 1299 112 77 ab
1279 1299 224 77 omnibus,
1448 1299 131 77 non
1523 1299 168 77 autem
1635 1299 150 77 illi
1728 1299 131 77 qui
1803 1299 187 77 manent
1934 1299 187 77 intra:
2065 1299 112 77 vt
2102 1299 94 77 iam

463 1353 219 70 expositum
632 1353 135 70 est:
716 1353 135 70 haec
800 1353 118 70 est
868 1353 152 70 ratio
969 1353 152 70 quare
1070 1353 101 70 in
1121 1353 152 70 illis
1222 1353 152 70 habet
1323 1353 152 70 locum
1424 1353 253 70 constructio
1627 1353 101 70 de
1677 1353 135 70 per,
1762 1353 101 70 in
1812 1353 152 70 aliis
1913 1353 152 70 autem
2015 1353 135 70 non,
2099 1353 101 70 vt
2133 1353 67 70 di

460 1409 134 58 ctum
544 1409 134 58 est.
627 1409 117 58 Vt.
694 1409 117 58 sit
761 1409 167 58 regula
878 1409 217 58 generalis
1044 1409 150 58 artis
1145 1409 250 58 Theologicae
1345 1409 167 58 talis.
1462 1409 267 58 Quandocunque
1679 1409 100 58 in
1729 1409 184 58 diuinis
1862 1409 184 58 persona
1996 1409 167 58 aliqua
2113 1409 117 58 ha-

463 1453 127 77 bet
535 1453 109 77 ab
590 1453 181 77 altera
717 1453 218 77 rationem
880 1453 127 77 qua
953 1453 163 77 agit:
1061 1453 91 77 &
1098 1453 163 77 eadem
1206 1453 200 77 ratione
1352 1453 218 77 praecisa
1515 1453 200 77 vtraque
1660 1453 145 77 agit
1751 1453 181 77 eandem
1878 1453 236 77 actionem:
2041 1453 163 77 persona

455 1520 85 64 a
489 1520 120 64 qua
557 1520 154 64 habet
660 1520 171 64 altera
779 1520 154 64 illam
882 1520 222 64 rationem,
1053 1520 120 64 per
1121 1520 154 64 illam
1223 1520 188 64 alteram
1360 1520 273 64 conuenienter
1582 1520 188 64 dicitur
1719 1520 154 64 agere
1821 1520 154 64 illam
1924 1520 222 64 actionem:
2077 1520 120 64 prae-

465 1574 125 64 ter
536 1574 125 64 hoc
608 1574 142 64 quod
697 1574 160 64 etiam
803 1574 125 64 eam
874 1574 142 64 agit
963 1574 249 64 immediate.
1159 1574 178 64 Quando
1284 1574 160 64 autem
1390 1574 125 64 non
1462 1574 160 64 agunt
1568 1574 160 64 illam
1675 1574 214 64 actionem
1835 1574 160 64 eadem
1942 1574 196 64 ratione
2066 1574 125 64 prae-

470 1624 171 68 cisa:
584 1624 228 68 secundum
755 1624 133 68 iam
831 1624 247 68 expositum
1020 1624 190 68 modum:
1153 1624 152 68 tunc
1248 1624 133 68 non
1324 1624 209 68 dicitur
1476 1624 304 68 conuenienter
1723 1624 171 68 illam
1836 1624 228 68 actionem
2007 1624 171 68 agere
2102 1624 95 68 per

464 1679 156 67 illam
568 1679 191 67 alteram
706 1679 225 67 personam:
880 1679 156 67 licet
984 1679 260 67 simpliciter
1192 1679 156 67 habet
1296 1679 139 67 esse
1382 1679 104 67 ab
1434 1679 139 67 ista
1521 1679 121 67 per
1590 1679 173 67 illam:
1712 1679 225 67 inquantum
1885 1679 139 67 illa
1972 1679 208 67 rationem
2128 1679 104 67 a-

470 1727 145 79 gendi
566 1727 145 79 habet
663 1727 96 79 ab
711 1727 145 79 ista.
807 1727 96 79 vt
856 1727 96 79 si
904 1727 209 79 propterea
1064 1727 145 79 illa,
1161 1727 145 79 pater
1257 1727 225 79 intelligit
1434 1727 112 79 per
1498 1727 177 79 filium,
1627 1727 177 79 dicatur
1755 1727 241 79 simpliciter
1948 1727 129 79 esse
2012 1727 177 79 recipien-

473 1796 113 59 da:
538 1796 113 59 hoc
602 1796 113 59 non
667 1796 113 59 est
732 1796 130 59 nisi
813 1796 227 59 resoluendo
991 1796 162 59 istam,
1105 1796 146 59 pater
1202 1796 227 59 intelligit
1381 1796 113 59 per
1445 1796 178 59 filium,
1575 1796 97 59 in
1624 1796 162 59 illam,
1737 1796 146 59 actus
1834 1796 259 59 intelligendi
2045 1796 146 59 filii
2126 1796 65 59 ha

466 1842 125 62 bet
537 1842 143 62 esse
627 1842 89 62 a
662 1842 160 62 patre
769 1842 125 62 per
840 1842 196 62 filium:
983 1842 107 62 ex
1036 1842 125 62 quo
1107 1842 178 62 nullum
1232 1842 285 62 inconueniens
1464 1842 232 62 sequitur.
1642 1842 160 62 Licet
1749 1842 143 62 enim
1838 1842 143 62 idem
1927 1842 125 62 sit
1998 1842 160 62 patri
2087 1842 107 62 esse

468 1888 90 71 &
504 1888 270 71 intelligere
720 1888 126 71 seu
792 1888 198 71 sapere:
935 1888 144 71 quia
1025 1888 144 71 ambo
1115 1888 198 71 penitus
1259 1888 216 71 absoluta
1421 1888 162 71 sunt:
1529 1888 126 71 non
1601 1888 162 71 tamen
1709 1888 144 71 idem
1798 1888 126 71 est
1870 1888 162 71 patri
1978 1888 162 71 esse,
2086 1888 90 71 &
2122 1888 108 71 ab

460 1944 142 72 ipso
549 1944 160 72 actum
656 1944 284 72 intelligendi
887 1944 160 72 filii
993 1944 160 72 esse,
1100 1944 142 72 quia
1189 1944 160 72 illud
1295 1944 124 72 est
1366 1944 195 72 penitus
1508 1944 249 72 absolutum,
1704 1944 160 72 istud
1810 1944 160 72 autem
1917 1944 249 72 relatiuum.
2094 1944 107 72 Esse

468 1995 158 79 autem
574 1995 228 79 absolutum
749 1995 88 79 &
785 1995 263 79 respectiuum
995 1995 158 79 aliud
1101 1995 88 79 &
1136 1995 158 79 aliud
1241 1995 140 79 sunt
1329 1995 105 79 in
1382 1995 140 79 deo.
1469 1995 158 79 Sicut
1575 1995 211 79 secundum
1733 1995 246 79 Augustinus
1926 1995 158 79 patri
2031 1995 158 79 aliud
2119 1995 88 79 est

463 2048 179 79 patrem
589 2048 161 79 esse,
696 2048 161 79 aliud
804 2048 143 79 deum
893 2048 161 79 esse.
1001 2048 143 79 Quia
1091 2048 161 79 autem
1198 2048 161 79 actus
1306 2048 269 79 transeuntes
1521 2048 108 79 in
1575 2048 215 79 effectum
1736 2048 161 79 extra
1843 2048 215 79 secundum
2005 2048 179 79 eandem
2112 2048 90 79 ra-

470 2107 162 73 tionem
583 2107 211 73 praecisam
746 2107 211 73 procedant
908 2107 81 73 a
941 2107 162 73 tribus
1055 2107 211 73 personis:
1217 2107 114 73 non
1282 2107 146 73 autem
1380 2107 195 73 manentes
1526 2107 162 73 intra:
1640 2107 146 73 huius
1737 2107 146 73 adhuc
1835 2107 130 73 alia
1916 2107 146 73 ratio
2013 2107 130 73 est,
2095 2107 130 73 quod

473 2171 213 60 videlicet
636 2171 147 60 illae
734 2171 196 60 actiones
881 2171 98 60 vt
930 2171 245 60 transeuntes
1127 2171 163 60 extra,
1241 2171 131 60 quia
1323 2171 163 60 ordine
1437 2171 180 60 naturae
1568 2171 82 60 &
1601 2171 229 60 durationis
1780 2171 213 60 sequuntur
1944 2171 131 60 esse
2026 2171 147 60 trium
2107 2171 82 60 per

461 2212 200 72 sonarum
606 2212 219 72 agentium
770 2212 146 72 eas,
861 2212 109 72 vt
916 2212 182 72 dictum
1044 2212 127 72 est
1116 2212 182 72 supra:
1244 2212 200 72 idcirco
1390 2212 219 72 personae
1554 2212 164 72 illae
1663 2212 182 72 nullum
1790 2212 200 72 ordinem
1936 2212 182 72 omnino
2045 2212 146 72 habent

476 2270 136 68 inter
567 2270 91 68 se
612 2270 91 68 in
658 2270 152 68 agendo
764 2270 197 68 huiusmodi
915 2270 197 68 actiones.
1067 2270 167 68 Propter
1188 2270 121 68 quod
1264 2270 167 68 necesse
1385 2270 106 68 est
1446 2270 121 68 quod
1521 2270 106 68 eas
1582 2270 136 68 agant
1673 2270 106 68 non
1733 2270 182 68 secundum
1870 2270 167 68 aliquas
1991 2270 182 68 proprias
2112 2270 76 68 ra-

473 2318 186 74 tiones
604 2318 112 74 vt
659 2318 149 74 sunt
753 2318 223 74 singuli:
920 2318 130 74 sed
994 2318 223 74 secundum
1162 2318 149 74 vnam
1255 2318 223 74 rationem
1422 2318 242 74 communem,
1609 2318 112 74 vt
1664 2318 149 74 ipsa
1757 2318 149 74 sunt
1850 2318 167 74 vnum:
1962 2318 167 74 licet
2074 2318 167 74 illud

463 2383 191 71 commune
601 2383 121 71 sub
671 2383 191 71 ratione
810 2383 121 71 qua
879 2383 225 71 essentia,
1052 2383 121 71 non
1122 2383 121 71 sit
1191 2383 208 71 praecisa
1347 2383 156 71 ratio
1451 2383 208 71 respectu
1607 2383 156 71 actus
1711 2383 208 71 creandi:
1867 2383 139 71 quia
1954 2383 243 71 requiritur
2128 2383 69 71 ra

467 2435 121 63 tio
536 2435 156 63 verbi
640 2435 104 63 vt
692 2435 121 63 est
761 2435 260 63 vniformiter
969 2435 225 63 perfectio
1142 2435 156 63 actus
1246 2435 277 63 intelligendi
1471 2435 173 63 trium:
1592 2435 87 63 &
1627 2435 225 63 similiter
1800 2435 156 63 ratio
1904 2435 173 63 amoris
2008 2435 190 63 proceden-

462 2482 124 68 tis
533 2482 106 68 vt
586 2482 124 68 est
656 2482 265 68 vniformiter
868 2482 229 68 perfectio
1045 2482 159 68 actus
1151 2482 176 68 amandi
1274 2482 176 68 trium:
1398 2482 212 68 secundum
1557 2482 141 68 quod
1645 2482 247 68 declaratum
1839 2482 124 68 est
1910 2482 106 68 in
1963 2482 176 68 quadam
2068 2482 124 68 quae-

474 2535 167 58 stione
591 2535 100 58 de
642 2535 217 58 quolibet.
809 2535 151 58 lstae
909 2535 134 58 vero
993 2535 201 58 actiones
1143 2535 201 58 manentes
1294 2535 167 58 intra,
1411 2535 100 58 eo
1461 2535 134 58 quod
1545 2535 151 58 nullo
1645 2535 167 58 ordine
1762 2535 217 58 sequuntur
1929 2535 134 58 esse
2013 2535 151 58 trium
2097 2535 100 58 per-

467 2587 208 69 sonarum
618 2587 226 69 agentium
788 2587 151 69 eas:
882 2587 132 69 sed
958 2587 226 69 cuilibet
1128 2587 226 69 personae
1297 2587 264 69 conueniunt
1505 2587 226 69 secundum
1675 2587 170 69 modum
1788 2587 132 69 quo
1863 2587 189 69 habent
1995 2587 151 69 esse
2090 2587 113 69 in
2128 2587 75 69 se

480 2644 206 73 deitatis,
639 2644 95 73 vt
686 2644 111 73 est
749 2644 143 73 ratio
845 2644 143 73 illas
940 2644 190 73 actiones
1082 2644 222 73 eliciendi:
1256 2644 174 73 idcirco
1383 2644 190 73 personae
1526 2644 143 73 ipsae
1621 2644 95 73 in
1668 2644 158 73 agendo
1779 2644 206 73 huiusmodi
1938 2644 190 73 actiones
2064 2644 127 73 eundem

472 2709 190 56 ordinem
610 2709 208 56 rationis
766 2709 173 56 habent
887 2709 156 56 inter
990 2709 104 56 se
1042 2709 121 56 quo
1112 2709 173 56 habent
1233 2709 156 56 illam
1336 2709 208 56 rationem
1492 2709 190 56 agendi.
1630 2709 190 56 Propter
1769 2709 138 56 quod
1855 2709 190 56 necesse
1993 2709 121 56 est
2063 2709 138 56 quod
2132 2709 69 56 hu

467 2750 195 69 iusmodi
609 2750 212 69 actiones
768 2750 159 69 agant
874 2750 212 69 secundum
1034 2750 142 69 suas
1122 2750 212 69 proprias
1282 2750 212 69 rationes
1441 2750 248 69 praedictas
1636 2750 106 69 vt
1689 2750 195 69 singuli
1830 2750 159 69 sunt:
1936 2750 89 69 &
1972 2750 124 69 non
2025 2750 177 69 secundum

480 2807 151 72 vnam
574 2807 226 72 rationem
744 2807 245 72 communem:
932 2807 170 72 neque
1045 2807 113 72 vt
1102 2807 151 72 vnum
1196 2807 151 72 sunt
1290 2807 113 72 in
1347 2807 132 72 ea.
1460 2807 113 72 Ad
1516 2807 170 72 cuius
1629 2807 283 72 intellectum
1855 2807 226 72 sciendum
2025 2807 132 72 est
2081 2807 113 72 quod

477 2870 166 59 omnia
587 2870 277 59 essentialia
809 2870 166 59 patri
920 2870 111 59 ex
975 2870 111 59 se
1031 2870 92 59 &
1067 2870 129 59 non
1141 2870 111 59 ab
1197 2870 148 59 alio
1289 2870 314 59 conueniuntide
1548 2870 185 59 quorum
1677 2870 185 59 numero
1806 2870 148 59 sunt
1899 2870 222 59 rationes
2046 2870 148 59 actuum

473 2910 263 78 essentialium
686 2910 197 78 manentum
834 2910 164 78 intra:
949 2910 82 78 &
982 2910 148 78 etiam
1081 2910 132 78 ipsi
1163 2910 164 78 actus:
1278 2910 214 78 cuiusmodi
1443 2910 132 78 sunt
1525 2910 247 78 intelligere
1722 2910 115 78 seu
1788 2910 181 78 sapere:
1919 2910 82 78 &
1952 2910 148 78 velle
2051 2910 115 78 seu
2100 2910 99 78 dili

468 2959 158 76 gere.
574 2959 158 76 Super
679 2959 158 76 ipsum
785 2959 158 76 autem
890 2959 263 76 intelligere
1101 2959 105 76 vt
1153 2959 123 76 est
1224 2959 158 76 actus
1329 2959 281 76 essentialis,
1557 2959 211 76 fundatur
1715 2959 176 76 dicere
1838 2959 105 76 vt
1891 2959 123 76 est
1961 2959 158 76 actus
2049 2959 158 76 notiona

479 3026 134 58 lis.
563 3026 100 58 Et
613 3026 217 58 similiter
780 3026 117 58 vis
847 3026 184 58 dictiua
980 3026 234 58 notionalis
1164 3026 150 58 super
1264 3026 117 58 vim
1331 3026 284 58 intellectiuam
1565 3026 267 58 essentialem.
1782 3026 184 58 Quamuis
1916 3026 134 58 enim
2000 3026 167 58 dicere
2116 3026 117 58 non

481 3069 116 73 sit
548 3069 199 73 praecise
697 3069 149 73 ipsum
797 3069 266 73 intelligere:
1013 3069 166 73 dicere
1129 3069 149 73 tamen
1228 3069 116 73 non
1295 3069 116 73 est
1361 3069 133 73 sine
1444 3069 266 73 intelligere,
1660 3069 116 73 nec
1726 3069 166 73 potest
1842 3069 149 73 esse.
1942 3069 116 73 Sed
1992 3069 199 73 intellige-

480 3127 106 73 re
533 3127 247 73 essentiale
727 3127 194 73 quantum
868 3127 123 73 est
938 3127 106 73 de
991 3127 123 73 se,
1061 3127 123 73 est
1132 3127 141 73 fine
1220 3127 176 73 dicere
1343 3127 229 73 notionali
1519 3127 106 73 in
1572 3127 194 73 aliquo.
1713 3127 264 73 Intelligere
1924 3127 141 73 enim
1995 3127 211 73 essentiale

482 3188 207 65 conuenit
637 3188 155 65 filio
741 3188 86 65 &
775 3188 207 65 spiritui
930 3188 190 65 sancto:
1068 3188 121 65 non
1137 3188 155 65 autem
1241 3188 173 65 dicere
1362 3188 242 65 notionale.
1551 3188 190 65 Propter
1689 3188 138 65 quod
1776 3188 173 65 dicere
1896 3188 86 65 &
1931 3188 259 65 intelligere
2121 3188 86 65 ne-

468 3232 226 88 cessario
638 3232 132 88 non
713 3232 170 88 solum
826 3232 245 88 differunt
1015 3232 226 88 ratione,
1185 3232 132 88 sed
1260 3232 132 88 cum
1336 3232 132 88 hoc
1411 3232 189 88 habent
1543 3232 207 88 aliquem
1694 3232 207 88 ordinem
1845 3232 226 88 rationis
2014 3232 170 88 inter
2109 3232 94 88 se:
