2335 3784
470 345 139 83 dine
556 345 208 83 rationis
713 345 87 83 &
748 345 226 83 discursus
921 345 261 83 intellectus
1130 345 174 83 nostri
1251 345 104 83 se
1303 345 174 83 habent
1425 345 156 83 pater
1529 345 104 83 ad
1581 345 261 83 intelligere
1790 345 243 83 essentiale
1981 345 104 83 vt
2033 345 174 83 patris
2137 345 87 83 est

490 414 75 67 &
520 414 150 67 filius
625 414 90 67 vt
670 414 135 67 filii
759 414 120 67 est.
834 414 90 67 Et
879 414 135 67 sicut
969 414 105 67 est
1028 414 90 67 de
1073 414 120 67 isto
1148 414 224 67 essentiali,
1328 414 194 67 similiter
1477 414 105 67 est
1537 414 90 67 de
1582 414 165 67 omnibus
1702 414 150 67 aliis,
1806 414 75 67 &
1836 414 135 67 sicut
1926 414 105 67 est
1986 414 90 67 de
2031 414 135 67 patre
2105 414 120 67 respe-

486 462 118 63 ctu
554 462 169 63 filii,
672 462 219 63 similiter
841 462 118 63 est
908 462 101 63 de
959 462 186 63 vtroque
1094 462 203 63 respectu
1246 462 203 63 spiritus
1398 462 186 63 sancti.
1533 462 118 63 Sic
1600 462 135 63 ergo
1685 462 152 63 patet
1786 462 101 63 ex
1837 462 118 63 iam
1904 462 169 63 dictis
2022 462 186 63 quomodo
2141 462 84 63 se-

488 516 167 59 cundum
605 516 200 59 vtrumque
755 516 250 59 articulorum
955 516 250 59 quaestionis
1155 516 233 59 propositae
1338 516 233 59 communiter
1522 516 150 59 omnes
1622 516 183 59 diuinas
1755 516 200 59 actiones
1905 516 267 59 essentiales,
2105 516 117 59 omnes

486 574 202 66 diuinae
633 574 220 66 personae
798 574 276 66 vniformiter
1018 574 184 66 agunt,
1147 574 92 66 &
1184 574 202 66 quomodo
1331 574 294 66 difformiter.
1570 574 129 66 Sed
1643 574 202 66 praeter
1790 574 129 66 hoc
1864 574 129 66 est
1937 574 165 66 modus
2047 574 147 66 vnus
2139 574 129 66 quo

478 621 240 72 quaelibet
662 621 240 72 diuinarum
847 621 277 72 personarum,
1068 621 148 72 immo
1160 621 148 72 deus
1253 621 221 72 trinitas
1419 621 277 72 difformiter
1640 621 148 72 agit
1733 621 221 72 diuersas
1899 621 221 72 actiones
2046 621 185 72 communes

476 674 264 70 essentiales,
691 674 215 70 cuiusmodi
856 674 132 70 sunt
939 674 165 70 velle,
1054 674 264 70 intelligere,
1269 674 182 70 creare,
1401 674 231 70 gubernare,
1582 674 83 70 &
1615 674 231 70 huiusmodi:
1797 674 99 70 In
1846 674 116 70 hoc
1912 674 231 70 videlicet,
2094 674 132 70 quod
2160 674 66 70 li

484 734 113 63 cet
549 734 146 63 eadem
646 734 178 63 ratione
776 734 194 63 absoluta
921 734 211 63 eliciente
1083 734 130 63 quae
1165 734 113 63 est
1229 734 178 63 deitas,
1359 734 146 63 omnes
1456 734 130 63 agat
1537 734 227 63 elicitiue:
1716 734 146 63 aliis
1813 734 146 63 tamen
1910 734 81 63 &
1942 734 146 63 aliis
2024 734 194 63 rationibus

482 784 246 62 respectiuis
678 784 131 62 agit
760 784 148 62 aliam
859 784 82 62 &
892 784 148 62 aliam
990 784 197 62 actionem
1138 784 279 62 determinatiue
1368 784 197 62 secundum
1515 784 148 62 modum
1614 784 345 62 praedeterminatum:
1909 784 98 62 vt
1958 784 148 62 sicut
2057 784 148 62 pater
2139 784 98 62 alio

482 842 209 53 respectu
638 842 174 53 realis
760 842 243 53 relationis
951 842 209 53 generat,
1107 842 139 53 alio
1194 842 191 53 spirat,
1333 842 87 53 &
1368 842 139 53 ideo
1455 842 139 53 sunt
1542 842 209 53 diuersae
1698 842 209 53 actiones
1855 842 243 53 notionales
2046 842 226 53 generare,

478 891 96 60 &
516 891 231 60 spirare,
689 891 96 60 &
728 891 289 60 diuersimode
959 891 269 60 quodammodo
1170 891 96 60 &
1209 891 289 60 difformiter
1439 891 212 60 generat
1593 891 96 60 &
1632 891 212 60 spirat:
1786 891 135 60 sic
1863 891 154 60 deus
1959 891 231 60 trinitas
2113 891 115 60 alio

481 940 207 76 respectu
636 940 86 76 &
670 940 138 76 alio
757 940 241 76 rationalis
946 940 241 76 relationis
1136 940 241 76 intelligit
1325 940 86 76 &
1360 940 155 76 vult.
1463 940 103 76 vt
1515 940 138 76 sint
1601 940 207 76 secundum
1756 940 121 76 hoc
1825 940 207 76 diuersae
1980 940 207 76 actiones
2118 940 121 76 essen

484 1001 180 71 tiales
610 1001 270 71 intelligere
826 1001 90 71 &
862 1001 180 71 velle:
987 1001 90 71 &
1023 1001 270 71 diuersimode
1239 1001 162 71 atque
1347 1001 270 71 difformiter
1563 1001 180 71 quodam
1689 1001 144 71 modo
1778 1001 252 71 intelligit
1976 1001 90 71 &
1994 1001 126 71 vult.

525 1052 157 67 Quia
622 1052 157 67 ergo
720 1052 235 67 arguitur
896 1052 196 67 primo,
1033 1052 157 67 quod
1131 1052 176 67 omnes
1249 1052 215 67 diuinae
1405 1052 254 67 personae,
1601 1052 176 67 omnes
1718 1052 235 67 actiones
1894 1052 235 67 communes
2051 1052 176 67 diuinas

483 1107 86 67 &
517 1107 257 67 essentiales
723 1107 257 67 vniformiter
928 1107 171 67 agunt:
1048 1107 137 67 quia
1133 1107 154 67 eadem
1236 1107 188 67 ratione
1373 1107 223 67 eliciente
1544 1107 86 67 &
1578 1107 291 67 determinante,
1818 1107 205 67 Dicendum
1972 1107 137 67 quod
2058 1107 154 67 verum
2143 1107 86 67 est

484 1167 220 67 secundum
648 1167 128 67 iam
722 1167 274 67 determinata
941 1167 128 67 quo
1014 1167 110 67 ad
1069 1167 274 67 substantiam
1289 1167 238 67 actionum,
1472 1167 91 67 &
1508 1167 128 67 quo
1582 1167 110 67 ad
1636 1167 165 67 ipsam
1746 1167 238 67 rationem,
1929 1167 238 67 huiusmodi
2094 1167 128 67 actio

482 1223 137 55 num
561 1223 293 55 elicitiuam.
795 1223 215 55 Quantum
952 1223 176 55 tamen
1069 1223 137 55 est
1147 1223 137 55 quo
1225 1223 117 55 ad
1284 1223 235 55 rationem
1460 1223 371 55 determinatiuam,
1772 1223 274 55 quodammodo
1968 1223 254 55 difformiter

484 1279 160 63 agunt
591 1279 214 63 diuersas
752 1279 214 63 actiones
912 1279 214 63 singulae
1072 1279 214 63 personae
1233 1279 89 63 &
1268 1279 160 63 omnes
1375 1279 178 63 simul.
1500 1279 89 63 &
1536 1279 232 63 similiter
1714 1279 125 63 quo
1785 1279 107 63 ad
1839 1279 160 63 modum
1946 1279 232 63 eliciendi
2106 1279 125 63 actio

479 1328 126 69 nem
551 1328 126 69 per
623 1328 126 69 se,
694 1328 90 69 &
730 1328 126 69 per
802 1328 179 69 alium,
928 1328 90 69 a
963 1328 126 69 se,
1035 1328 90 69 &
1071 1328 108 69 ab
1125 1328 161 69 alio,
1232 1328 161 69 etiam
1340 1328 215 69 diuersae
1502 1328 215 69 personae
1663 1328 179 69 eandem
1789 1328 215 69 actionem
1950 1328 144 69 bene
2040 1328 161 69 agunt
2129 1328 108 69 dif-

473 1381 218 56 formiter
636 1381 218 56 secundum
799 1381 290 56 determinatum
1035 1381 127 56 iam
1107 1381 181 56 modum.
1270 1381 109 56 Ad
1325 1381 236 56 secundum,
1506 1381 145 56 quod
1597 1381 236 56 diuinarum
1778 1381 254 56 personarum
1977 1381 163 56 nulla
2086 1381 127 56 est
2140 1381 91 56 di-

481 1429 199 76 uersitas
631 1429 100 76 in
680 1429 182 76 agendo,
813 1429 199 76 dicendum
963 1429 199 76 secundum
1112 1429 216 76 praedicta
1278 1429 133 76 quod
1361 1429 149 76 verum
1460 1429 116 76 est
1527 1429 182 76 quantum
1659 1429 116 76 est
1726 1429 100 76 ex
1775 1429 149 76 parte
1875 1429 232 76 elicitiui,
2058 1429 182 76 quantum
2174 1429 66 76 ta

473 1483 125 64 men
545 1483 125 64 est
616 1483 107 64 ex
670 1483 161 64 parte
777 1483 143 64 modi
867 1483 233 64 eliciendi
1045 1483 89 64 &
1081 1483 215 64 rationis
1242 1483 304 64 determinantis
1493 1483 179 64 actum,
1618 1483 143 64 bene
1707 1483 233 64 contingit
1886 1483 268 64 diuersitas:
2101 1483 107 64 vt
2137 1483 89 64 di-

484 1538 141 63 ctum
572 1538 141 63 est.
695 1538 123 63 Per
766 1538 141 63 idem
853 1538 158 63 patet
959 1538 105 63 ad
1012 1538 211 63 tertium,
1170 1538 123 63 quo
1240 1538 193 63 dicitur
1381 1538 141 63 quod
1468 1538 158 63 actio
1574 1538 123 63 est
1644 1538 176 63 eadem,
1767 1538 176 63 quorum
1890 1538 176 63 natura
2013 1538 123 63 est
2066 1538 158 63 eadem.-

483 1593 209 57 Dicendum
639 1593 139 57 quod
726 1593 157 57 verum
831 1593 122 57 est
901 1593 192 57 quantum
1040 1593 105 57 ad
1092 1593 261 57 substantiam
1301 1593 226 57 actionis,
1476 1593 87 57 &
1510 1593 192 57 quantum
1650 1593 122 57 est
1719 1593 105 57 ex
1772 1593 192 57 ratione
1911 1593 244 57 elicitiui.
2085 1593 157 57 Quantum

482 1645 153 67 tamen
584 1645 119 67 est
652 1645 102 67 ex
703 1645 153 67 parte
805 1645 306 67 determinatorum
1060 1645 136 67 quae
1145 1645 272 67 diuersitatem
1366 1645 204 67 secundum
1518 1645 204 67 rationem
1671 1645 170 67 ponunt
1790 1645 102 67 in
1841 1645 221 67 essentia,
2011 1645 136 67 bene
2079 1645 153 67 possunt

470 1701 214 61 actiones
631 1701 143 61 esse
720 1701 214 61 diuersae
880 1701 214 61 secundum
1040 1701 232 61 rationem,
1218 1701 89 61 &
1254 1701 160 61 etiam
1361 1701 232 61 difformes
1539 1701 125 61 quo
1610 1701 107 61 ad
1664 1701 160 61 modum
1771 1701 249 61 eliciendi:
1967 1701 107 61 vt
2020 1701 178 61 dictum
2127 1701 107 61 est.

513 1751 97 65 Ad
562 1751 162 65 primum
675 1751 97 65 in
724 1751 227 65 oppositum,
902 1751 130 65 quod
983 1751 194 65 diuersae
1129 1751 194 65 personae
1274 1751 243 65 difformiter
1469 1751 162 65 agunt,
1582 1751 194 65 secundum
1728 1751 130 65 quod
1809 1751 178 65 quaedam
1938 1751 146 65 agunt
2036 1751 81 65 a
2068 1751 113 65 se,
2133 1751 130 65 quae

479 1808 120 57 dam
547 1808 137 57 vero
633 1808 103 57 ab
684 1808 154 57 alia:
787 1808 103 57 Et
838 1808 222 57 similiter
1009 1808 103 57 ad
1060 1808 222 57 secundum,
1231 1808 137 57 quod
1317 1808 188 57 quaedam
1453 1808 137 57 agit
1539 1808 120 57 per
1607 1808 120 57 se,
1676 1808 188 57 quaedam
1813 1808 137 57 vero
1898 1808 120 57 per
1966 1808 171 57 aliam:
2069 1808 171 57 Dicendum

485 1864 143 68 quod
575 1864 161 68 verum
682 1864 125 68 est
753 1864 125 68 quo
825 1864 107 68 ad
879 1864 143 68 hoc:
968 1864 125 68 sed
1040 1864 125 68 hoc
1111 1864 179 68 nullam
1236 1864 161 68 ponit
1344 1864 304 68 difformitatem
1594 1864 107 68 in
1648 1864 250 68 substantia
1844 1864 215 68 actionis
2005 1864 161 68 neque
2113 1864 107 68 in
2149 1864 89 68 mos

477 1918 101 59 do
528 1918 220 59 eliciendi
697 1918 186 59 quantum
832 1918 118 59 est
900 1918 101 59 ex
951 1918 152 59 parte
1052 1918 237 59 elicitiui,
1238 1918 101 59 in
1289 1918 169 59 quibus
1407 1918 220 59 consistit
1576 1918 254 59 conformitas
1762 1918 237 59 simpliciter.

799 2005 146 68 Irca
890 2005 200 68 octauum
1035 2005 237 68 arguitur,
1218 2005 146 68 quod
1309 2005 109 68 in
1363 2005 127 68 deo
1436 2005 164 68 nulla
1545 2005 127 68 sit
1618 2005 164 68 actio
1727 2005 182 68 manens
1855 2005 182 68 intra,
1982 2005 127 68 non
2037 2005 200 68 terminata

810 2065 93 74 ad
856 2065 170 74 aliquid
979 2065 154 74 extra.
1087 2065 139 74 Primo
1180 2065 123 74 sic.
1257 2065 231 74 Philosophus
1442 2065 154 74 dicit.
1550 2065 108 74 ii.
1612 2065 123 74 cae.
1689 2065 77 74 &
1720 2065 154 74 mundo.
1828 2065 108 74 Res
1890 2065 123 74 bona
1967 2065 185 74 completa
2106 2065 108 74 est
2152 2065 77 74 exi

815 2120 144 62 stens
911 2120 160 62 absque
1023 2120 241 62 operatione.
1216 2120 112 62 vbi
1280 2120 144 62 dicit
1376 2120 176 62 Commen.
1504 2120 96 62 Et
1553 2120 112 62 est
1617 2120 96 62 in
1665 2120 112 62 rei
1729 2120 192 62 veritate
1873 2120 144 62 illud
1969 2120 144 62 cuius
2066 2120 144 62 actio
2146 2120 80 62 est

807 2174 117 60 sua
874 2174 250 60 substantia,
1074 2174 200 60 scilicet
1224 2174 250 60 intellectus
1424 2174 250 60 abstractus,
1625 2174 167 60 qualis
1741 2174 167 60 maxime
1858 2174 117 60 est
1925 2174 250 60 intellectus
2125 2174 133 60 dei:

815 2228 107 66 vt
869 2228 197 66 habitum
1012 2228 125 66 est
1083 2228 179 66 supra.
1209 2228 125 66 Sed
1280 2228 107 66 si
1334 2228 197 66 haberet
1477 2228 215 66 actionem
1638 2228 215 66 manentem
1799 2228 179 66 intra,
1924 2228 125 66 non
1996 2228 161 66 esset
2103 2228 143 66 bona
2174 2228 54 66 &

803 2276 214 65 completa
964 2276 178 65 absque
1088 2276 267 65 operatione,
1302 2276 196 65 quoniam
1445 2276 125 65 (vt
1516 2276 160 65 dicit
1623 2276 107 65 in
1676 2276 160 65 primo
1783 2276 214 65 eiusdem)
1944 2276 160 65 omnis
2051 2276 125 65 res
2104 2276 125 65 cuius

467 2333 126 71 est
539 2333 233 71 operatio,
718 2333 126 71 sit
790 2333 198 71 propter
934 2333 269 71 operationem
1149 2333 162 71 suam.
1257 2333 144 71 Omne
1347 2333 162 71 autem
1455 2333 144 71 quod
1545 2333 126 71 est
1616 2333 198 71 propter
1760 2333 180 71 aliud,
1886 2333 233 71 bonitatis
2065 2333 144 71 suae
2137 2333 90 71 com

463 2381 223 77 plementum
634 2381 189 77 recipit
771 2381 103 77 ab
823 2381 154 77 illo.
926 2381 154 77 Illud
1029 2381 137 77 enim
1114 2381 189 77 propter
1252 2381 137 77 quod
1337 2381 154 77 finis
1440 2381 137 77 est,
1526 2381 86 77 &
1560 2381 154 77 bonum
1663 2381 86 77 &
1697 2381 154 77 finis
1800 2381 154 77 idem.
1903 2381 120 77 ii.
1972 2381 154 77 meta.
2075 2381 137 77 ergo
2143 2381 86 77 &c.

503 2443 194 54 Secundo
644 2443 141 54 sic.
732 2443 159 54 Omnis
838 2443 159 54 actio
944 2443 124 54 est
1015 2443 194 54 aliquid
1156 2443 124 54 per
1227 2443 106 54 se
1280 2443 88 54 &
1315 2443 230 54 immediate
1491 2443 212 54 elicitum
1650 2443 88 54 a
1686 2443 230 54 principio
1862 2443 247 54 elicitiuo.
2056 2443 141 54 Etsi
2127 2443 106 54 enim

459 2492 197 58 aliquid
603 2492 126 58 sit
674 2492 287 58 principiatum
908 2492 108 58 ab
961 2492 197 58 agente,
1105 2492 269 58 immediatius
1320 2492 161 58 tamen
1428 2492 179 58 elicit
1553 2492 215 58 actionem
1715 2492 144 58 quam
1804 2492 287 58 principiatum
2038 2492 144 58 quod
2109 2492 108 58 pro-

469 2546 164 65 ducit
578 2546 127 65 per
650 2546 182 65 ipsam:
778 2546 145 65 quia
869 2546 164 65 actio
977 2546 182 65 semper
1105 2546 127 65 est
1177 2546 164 65 media
1286 2546 164 65 inter
1395 2546 254 65 principium
1595 2546 91 65 &
1632 2546 309 65 principiatum.
1886 2546 109 65 In
1940 2546 127 65 deo
2013 2546 164 65 autem
2104 2546 127 65 nihil

462 2603 174 61 potest
583 2603 156 61 elici
688 2603 122 61 per
757 2603 104 61 se
809 2603 87 61 &
844 2603 226 61 immediate
1018 2603 87 61 a
1052 2603 226 61 principio
1226 2603 243 61 elicitiuo,
1417 2603 174 61 manens
1539 2603 174 61 intra:
1661 2603 139 61 quia
1747 2603 243 61 principium
1939 2603 243 61 elicitiuum
2112 2603 122 61 omnis

477 2656 196 57 actionis
624 2656 229 57 possibilis
804 2656 98 57 in
853 2656 114 57 deo
918 2656 114 57 est
983 2656 163 57 diuina
1098 2656 213 57 essentia:
1261 2656 98 57 vt
1310 2656 180 57 habitum
1441 2656 114 57 est
1507 2656 163 57 supra.
1621 2656 196 57 secundum
1768 2656 131 57 quam
1850 2656 98 57 in
1899 2656 114 57 deo
1964 2656 147 57 nihil
2063 2656 163 57 potest
2161 2656 65 57 se

468 2697 165 75 habere
583 2697 115 75 per
649 2697 296 75 immediationem,
895 2697 132 75 nisi
978 2697 214 75 respectus
1142 2697 197 75 aliquis:
1290 2697 132 75 quia
1372 2697 181 75 praeter
1504 2697 214 75 essentiam
1669 2697 148 75 nihil
1767 2697 115 75 est
1833 2697 99 75 in
1882 2697 115 75 deo
1948 2697 132 75 nisi
2031 2697 230 75 respectus:

476 2758 96 71 vt
524 2758 160 71 dictum
636 2758 112 71 est
699 2758 160 71 saepe.
811 2758 207 71 Respectus
971 2758 144 71 autem
1066 2758 112 71 per
1130 2758 96 71 se
1178 2758 144 71 elici
1274 2758 112 71 non
1338 2758 160 71 potest
1449 2758 80 71 a
1481 2758 207 71 principio
1641 2758 223 71 elicitiuo:
1816 2758 128 71 quia
1896 2758 128 71 tunc
1976 2758 144 71 esset
2055 2758 160 71 substan-

473 2808 98 61 tia
529 2808 140 61 ipsius
627 2808 182 61 actionis:
767 2808 112 61 quod
837 2808 98 61 non
893 2808 98 61 est
950 2808 140 61 verum,
1048 2808 154 61 quoniam
1160 2808 168 61 secundum
1286 2808 224 61 philosophum.
1468 2808 112 61 iii.
1538 2808 168 61 phycici.
1664 2808 126 61 eadem
1748 2808 98 61 est
1805 2808 196 61 substantia
1959 2808 168 61 actionis
2085 2808 70 61 &
2099 2808 126 61 passio-

469 2869 121 59 nis,
545 2869 121 59 quae
621 2869 106 59 est
681 2869 167 59 aliquid
803 2869 91 59 in
848 2869 152 59 passo,
955 2869 106 59 non
1015 2869 137 59 autem
1106 2869 197 59 respectus
1258 2869 91 59 in
1304 2869 167 59 agente.
1425 2869 121 59 ergo
1501 2869 106 59 &c.
1592 2869 91 59 In
1638 2869 213 59 contrarium
1805 2869 121 59 est:
1881 2869 121 59 quod
1957 2869 182 59 nobilius
2093 2869 106 59 est
2139 2869 91 59 esse

475 2913 104 84 in
527 2913 208 84 actione,
683 2913 139 84 quam
770 2913 139 84 non:
857 2913 139 84 quia
943 2913 156 84 otium
1048 2913 122 84 est
1117 2913 156 84 sicut
1221 2913 191 84 somnus,
1360 2913 156 84 actio
1464 2913 139 84 vero
1551 2913 156 84 sicut
1655 2913 208 84 vigilia.
1811 2913 122 84 deo
1881 2913 208 84 nobilius
2037 2913 174 84 semper
2141 2913 87 84 est

474 2972 325 75 attribuendum:
742 2972 115 75 vt
799 2972 211 75 habitum
952 2972 134 75 est
1029 2972 191 75 supra.
1163 2972 153 75 ergo
1239 2972 96 75 &c.

502 3019 124 90 Ad
563 3019 247 90 sciendum
749 3019 165 90 quae
852 3019 103 90 &
893 3019 206 90 qualis
1037 3019 185 90 actio
1161 3019 144 90 sit
1243 3019 124 90 in
1305 3019 144 90 deo
1387 3019 206 90 manens
1532 3019 206 90 intra,
1676 3019 144 90 est
1758 3019 144 90 hic
1841 3019 330 90 aduertendum,
2108 3019 165 90 quod

464 3082 135 73 ista
549 3082 135 73 sex,
633 3082 169 73 motio,
752 3082 203 73 mutatio,
904 3082 186 73 factio,
1040 3082 237 73 productio,
1226 3082 169 73 actio,
1345 3082 220 73 operatio,
1514 3082 102 73 si
1565 3082 203 73 secundum
1717 3082 203 73 proprias
1869 3082 203 73 rationes
2022 3082 237 73 consideren

457 3138 142 77 tur,
546 3138 230 77 differunt
723 3138 248 77 abinuicem,
918 3138 195 77 quamuis
1059 3138 124 77 quo
1130 3138 106 77 ad
1183 3138 195 77 quasdam
1325 3138 212 77 rationes
1484 3138 212 77 communes
1644 3138 195 77 ipsorum
1785 3138 248 77 communiter
1980 3138 195 77 quaedam
2104 3138 124 77 acci-

456 3201 204 69 piuntur
605 3201 130 69 pro
679 3201 260 69 quibusdam.
884 3201 167 69 Motio
995 3201 149 69 enim
1088 3201 204 69 mutatio
1237 3201 204 69 quaedam
1385 3201 130 69 est
1459 3201 260 69 communiter
1664 3201 204 69 accepta
1812 3201 260 69 mutatione,
2017 3201 130 69 pro
2072 3201 149 69 varia-

457 3256 161 80 tione
565 3256 269 80 contingente
780 3256 108 80 in
834 3256 233 80 subiecto:
1013 3256 126 80 sed
1085 3256 197 80 proprie
1228 3256 197 80 sumendo
1371 3256 305 80 mutationemne:
1622 3256 143 80 utra
1712 3256 126 80 est
1784 3256 161 80 alia.
1891 3256 126 80 Sed
1963 3256 251 80 communiter
2142 3256 90 80 ac
