2322 3828
85 383 239 72 communiter
273 383 205 72 convenit
426 383 171 72 tribus
546 383 222 72 personis,
717 383 85 72 &
751 383 290 72 indifferenter
990 383 239 72 terminatur
1178 383 154 72 actus
1280 383 273 72 intelligendi
1502 383 102 72 ad
1554 383 222 72 essentiam
1724 383 85 72 &
1742 383 102 72 per-

88 444 179 67 sonam:
214 444 90 67 &
249 444 143 67 ipsa
339 444 161 67 etiam
446 444 143 67 eius
536 444 215 67 communis
697 444 161 67 ratio
805 444 125 67 est
876 444 215 67 essentia
1038 444 108 67 in
1091 444 215 67 qualibet
1253 444 215 67 persona,
1414 444 90 67 &
1450 444 143 67 vnus
1539 444 215 67 communis
1683 444 161 67 intelle

94 494 135 77 ctus
178 494 101 77 in
229 494 169 77 tribus
347 494 219 77 personis,
516 494 101 77 vt
566 494 118 77 iam
633 494 185 77 amplius
768 494 185 77 patebit
903 494 101 77 ex
954 494 219 77 dicendis.
1122 494 135 77 ldeo
1207 494 253 77 simpliciter
1409 494 202 77 ponendum
1560 494 118 77 est
1628 494 135 77 quod
1695 494 152 77 intelli

97 555 145 57 gere
188 555 109 57 in
242 555 127 57 deo
315 555 127 57 sit
388 555 164 57 actus
497 555 291 57 essentialis,
733 555 91 57 &
769 555 164 57 nullo
878 555 145 57 modo
951 555 236 57 notionalis.

75 584 107 86 ⁋
117 584 193 86 Ratio
246 584 193 86 prima
375 584 129 86 in
440 584 279 86 oppositum
655 584 365 86 difficultatem
955 584 236 86 inducit
1127 584 258 86 latentem
1320 584 193 86 circa
1449 584 193 86 verbi
1578 584 215 86 diuini
1707 584 129 86 pro-

80 664 237 67 ductionem
262 664 146 67 modo
353 664 255 67 opeationis
553 664 346 67 intellectualis.
844 664 109 67 Et
899 664 109 67 vt
953 664 164 67 nobis
1063 664 164 67 circa
1172 664 127 67 hoc
1245 664 164 67 magis
1354 664 200 67 veritas
1499 664 218 67 clareat,
1663 664 91 67 a
1681 664 146 67 nostro

78 725 236 74 intellectu
263 725 84 74 &
297 725 202 74 angelico
449 725 101 74 in
499 725 253 74 concipiendo
701 725 185 74 verbum,
836 725 101 74 ad
886 725 185 74 diuinum
1021 725 253 74 intellectum
1223 725 101 74 in
1273 725 253 74 concipiendo
1475 725 185 74 verbum,
1610 725 152 74 prout
1694 725 135 74 possi-

75 774 128 75 bile
155 774 112 75 est
219 774 241 75 procedamus.
412 774 80 75 ⁋
444 774 112 75 Est
508 774 160 75 igitur
620 774 273 75 intelligendum
845 774 128 75 quod
925 774 241 75 intellectus
1117 774 225 75 communiter
1294 774 192 75 loquendo
1438 774 96 75 de
1486 774 225 75 intellectu
1663 774 96 75 ad
1695 774 144 75 creatum

80 829 86 73 &
114 829 241 73 increatum,
303 829 241 73 dupliciter
492 829 172 73 potest
613 829 275 73 considerari.
836 829 155 73 Primo
939 829 138 73 modo
1025 829 103 73 vt
1077 829 223 73 cognitiua
1249 829 223 73 potentia.
1420 829 189 73 Secundo
1558 829 138 73 modo
1644 829 103 73 vt
1678 829 155 73 natura.

77 872 137 77 Primo
168 872 121 77 modo
244 872 228 77 intellectus
426 872 91 77 in
472 872 197 77 creaturis
623 872 106 77 est
684 872 106 77 vis
745 872 182 77 passiua.
881 872 91 77 In
927 872 106 77 deo
988 872 137 77 autem
1079 872 106 77 est
1140 872 137 77 quasi
1231 872 106 77 vis
1291 872 182 77 passiua,
1428 872 91 77 vt
1474 872 167 77 habitum
1595 872 106 77 est
1656 872 152 77 supra,
1747 872 91 77 nata

88 932 147 76 deduci
191 932 88 76 ad
236 932 133 76 actum
324 932 236 76 intelligendi
515 932 103 76 per
574 932 147 76 formam
677 932 265 76 intelligibilis
898 932 177 76 obiecti:
1031 932 118 76 quae
1104 932 88 76 in
1149 932 118 76 ipso
1222 932 206 76 intellectu
1384 932 103 76 est
1443 932 206 76 principium
1590 932 236 76 intellectualis

82 997 223 63 opeationis,
261 997 89 63 vt
305 997 104 63 iam
365 997 149 63 dictum
469 997 119 63 est.
544 997 164 63 Secundo
663 997 119 63 modo
737 997 104 63 est
797 997 104 63 vis
856 997 149 63 actiua
961 997 104 63 tam
1020 997 89 63 in
1065 997 104 63 deo
1124 997 119 63 quam
1199 997 89 63 in
1243 997 208 63 creaturis.
1407 997 223 63 Intellectus
1586 997 119 63 enim
1660 997 89 63 vt
1690 997 149 63 potentia

82 1040 209 67 cognitiua,
246 1040 104 67 est
306 1040 104 67 tam
366 1040 90 67 in
410 1040 164 67 deoquam
530 1040 90 67 in
575 1040 164 67 angelis
694 1040 119 67 quam
769 1040 90 67 in
813 1040 209 67 hominibus,
977 1040 194 67 inquantum
1127 1040 134 67 natus
1216 1040 104 67 est
1276 1040 104 67 per
1336 1040 149 67 formam
1440 1040 269 67 intelligibilis
1664 1040 164 67 obiecti
1768 1040 60 67 de

80 1099 116 73 duci
152 1099 87 73 in
195 1099 130 73 actam
282 1099 188 73 simplicis
427 1099 261 73 intelligentiae
644 1099 116 73 siue
717 1099 188 73 notitiae,
862 1099 116 73 quae
934 1099 145 73 quidem
1035 1099 159 73 notitia
1151 1099 101 73 est
1209 1099 87 73 ab
1253 1099 159 73 vtroque
1369 1099 174 73 scilicet
1499 1099 72 73 a
1528 1099 217 73 cognoscente
1702 1099 72 73 &
1716 1099 116 73 cogni-

89 1155 85 70 to,
138 1155 73 70 vt
174 1155 110 70 dicit
248 1155 171 70 Augustinus
382 1155 73 70 in
418 1155 85 70 si.
467 1155 85 70 ix.
516 1155 73 70 de
553 1155 171 70 trinitate.
687 1155 171 70 inquantum.
821 1155 147 70 scilicet
931 1155 183 70 intellectus
1078 1155 61 70 &
1102 1155 183 70 intellectum
1249 1155 147 70 secundum
1359 1155 122 70 actum,
1444 1155 98 70 sunt
1505 1155 110 70 idem.
1579 1155 147 70 secundum
1676 1155 159 70 philosophum

81 1202 106 77 Per
142 1202 106 77 hoc
202 1202 121 77 enim
278 1202 212 77 concurrunt
445 1202 91 77 in
491 1202 182 77 vnitatem
627 1202 197 77 effectus:
779 1202 137 77 cuius
870 1202 212 77 principium
1037 1202 212 77 elicitiuum
1204 1202 228 77 principale,
1386 1202 106 77 est
1446 1202 137 77 ipsum
1538 1202 182 77 obiectum
1674 1202 167 77 formale
1780 1202 61 77 in

75 1258 239 63 intellectu,
266 1258 80 63 &
298 1258 239 63 intelligens
489 1258 255 63 secundarium:
696 1258 127 63 quia
775 1258 111 63 per
839 1258 143 63 ipsum
934 1258 207 63 obiectum.
1093 1258 95 63 Et
1141 1258 111 63 hoc
1205 1258 239 63 quemadmodum
1396 1258 95 63 in
1443 1258 207 63 creaturis
1602 1258 143 63 totum
1682 1258 159 63 composi-

75 1321 107 69 tum
136 1321 122 69 agit
212 1321 107 69 per
273 1321 122 69 suam
350 1321 168 69 formam.
472 1321 229 69 Intellectus
656 1321 138 69 autem
747 1321 92 69 vt
793 1321 153 69 natura
900 1321 92 69 in
946 1321 107 69 deo
1007 1321 107 69 est
1069 1321 122 69 ipsa
1145 1321 183 69 potentia
1283 1321 245 69 intellectiua
1481 1321 122 69 siue
1558 1321 153 69 diuina
1650 1321 183 69 intelligen

83 1371 105 63 tia
143 1371 181 63 existens
279 1371 90 63 in
324 1371 120 63 actu
399 1371 241 63 intelligendi
595 1371 181 63 simplici
731 1371 166 63 notitia
851 1371 105 63 per
911 1371 181 63 obiectum
1047 1371 181 63 formale:
1182 1371 136 63 ipsam
1273 1371 181 63 scilicet
1408 1371 166 63 diuinam
1529 1371 211 63 essentiam:
1694 1371 90 63 in
1740 1371 120 63 quam

90 1427 199 56 vlterius
240 1427 100 56 vi
290 1427 116 56 sua
356 1427 166 56 actiua
473 1427 249 56 naturaliter
672 1427 166 56 format
788 1427 100 56 in
838 1427 100 56 se
888 1427 216 56 conceptum
1054 1427 233 56 simillimum
1237 1427 133 56 ipsi
1320 1427 183 56 diuinae
1453 1427 216 56 essentiae
1603 1427 216 56 intellectae

79 1472 98 72 in
128 1472 196 72 simplici
274 1472 293 72 intelligentia.
519 1472 114 72 Qui
584 1472 163 72 quidem
698 1472 212 72 conceptus
861 1472 163 72 verbum
975 1472 114 72 est
1040 1472 261 72 declaratiuum
1252 1472 81 72 &
1284 1472 293 72 manifestatiuum
1529 1472 130 72 eius
1610 1472 130 72 quod
1675 1472 147 72 intelle

75 1531 126 63 ctum
154 1531 110 63 est
217 1531 95 63 in
265 1531 189 63 simplici
406 1531 284 63 intelligentia:
643 1531 79 63 &
675 1531 142 63 actus
769 1531 110 63 quo
832 1531 237 63 concipitur,
1022 1531 158 63 dicere
1132 1531 126 63 est:
1211 1531 142 63 cuius
1306 1531 221 63 principium
1479 1531 221 63 elicitiuum
1637 1531 189 63 principale

73 1587 129 55 ipsa
153 1587 258 55 intellectiua
363 1587 193 55 potentia
508 1587 113 55 est
572 1587 81 55 &
605 1587 209 55 obiectum,
766 1587 113 55 per
830 1587 113 55 hoc
895 1587 129 55 quod
975 1587 145 55 quasi
1072 1587 193 55 informat
1217 1587 145 55 ipsam
1313 1587 209 55 potentiam
1475 1587 97 55 ad
1523 1587 145 55 actum
1603 1587 226 55 intelligendi

80 1641 206 72 simplicis
239 1641 206 72 notitiae:
397 1641 111 72 qui
460 1641 222 72 necessario
635 1641 143 72 quasi
730 1641 222 72 substratus
904 1641 111 72 est
967 1641 143 72 actui
1062 1641 190 72 dicendi.
1205 1641 143 72 Pater
1300 1641 127 72 enim
1379 1641 254 72 intelligendo
1585 1641 127 72 suam
1649 1641 174 72 essentiam

72 1692 125 64 actu
150 1692 171 64 dicendi
275 1692 187 64 concipit
415 1692 156 64 verbum
524 1692 218 64 simillimum
695 1692 109 64 ei,
758 1692 93 64 vt
804 1692 140 64 infra
898 1692 249 64 declarabitur
1100 1692 156 64 magis.
1209 1692 109 64 lta
1271 1692 93 64 vt
1318 1692 187 64 secundum
1458 1692 109 64 iam
1521 1692 156 64 dicta,
1630 1692 140 64 quasi
1707 1692 125 64 contra

80 1749 113 59 rio
144 1749 129 59 modo
225 1749 194 59 secundum
370 1749 145 59 modum
467 1749 178 59 nostrum
596 1749 258 59 intelligendi
806 1749 97 59 se
855 1749 161 59 habent
968 1749 97 59 ad
1016 1749 145 59 actum
1113 1749 258 59 intelligendi
1323 1749 210 59 simplicis
1484 1749 210 59 notitiae,
1645 1749 81 59 &
1678 1749 97 59 ad
1710 1749 113 59 actum

70 1802 200 60 dicendi:
221 1802 134 60 ipsa
304 1802 184 60 paterna
438 1802 284 60 intelligentia
671 1802 83 60 &
705 1802 167 60 diuina
821 1802 217 60 essentia.
988 1802 134 60 Quia
1072 1802 150 60 actum
1172 1802 267 60 intelligendi
1389 1802 217 60 simplicis
1556 1802 200 60 notitiae
1689 1802 134 60 elicit

82 1856 293 67 principaliter
323 1856 138 67 ipsa
409 1856 207 67 essentia
564 1856 103 67 vt
616 1856 138 67 eius
702 1856 190 67 formale
840 1856 258 67 principium:
1047 1856 155 67 actum
1150 1856 138 67 vero
1236 1856 190 67 dicendi
1374 1856 172 67 elicit
1495 1856 293 67 principaliter
1719 1856 103 67 ipsa

75 1914 197 64 potentia
222 1914 262 64 intellectiua
435 1914 98 64 vt
485 1914 131 64 eius
566 1914 230 64 principium
747 1914 197 64 actiuum.
894 1914 246 64 Intellectus
1091 1914 148 64 autem
1190 1914 98 64 vt
1239 1914 164 64 natura
1354 1914 98 64 in
1403 1914 180 64 angelo,
1534 1914 115 64 est
1599 1914 131 64 ipsa
1665 1914 164 64 potentia

79 1963 261 56 intellectiua
291 1963 130 56 siue
372 1963 196 56 angelica
519 1963 277 56 intelligentia
747 1963 196 56 existens
893 1963 98 56 in
942 1963 130 56 actu
1024 1963 212 56 simplicis
1187 1963 196 56 notitiae
1333 1963 261 56 intelligendi
1545 1963 196 56 obiectum
1675 1963 147 56 formale

78 2014 96 65 vt
126 2014 128 65 suam
206 2014 223 65 essentiam,
381 2014 112 65 vel
445 2014 239 65 cuiuscumque
636 2014 207 65 alterius,
796 2014 207 65 inquantum
955 2014 96 65 vi
1003 2014 112 65 sua
1067 2014 159 65 actiua
1178 2014 159 65 format
1290 2014 96 65 in
1338 2014 96 65 se
1386 2014 207 65 conceptum
1545 2014 223 65 simillimum
1704 2014 128 65 essen-

74 2066 114 61 tiae
145 2066 99 61 rei
202 2066 213 61 intellectae
372 2066 85 61 in
414 2066 170 61 simplici
542 2066 170 61 notitia.
670 2066 99 61 Qui
726 2066 142 61 quidem
826 2066 184 61 conceptus
968 2066 99 61 est
1024 2066 114 61 quod
1095 2066 114 61 quod
1166 2066 99 61 est
1223 2066 142 61 ipsius
1322 2066 199 61 essentiae:
1478 2066 114 61 quod
1549 2066 99 61 est
1606 2066 170 61 intentio
1720 2066 99 61 quae-

82 2120 113 60 dam
146 2120 113 60 rei
211 2120 242 60 intellectae
405 2120 97 60 in
453 2120 194 60 simplici
599 2120 194 60 notitia:
744 2120 81 60 &
776 2120 145 60 ratio
873 2120 162 60 ipsius
986 2120 129 60 quam
1067 2120 226 60 significat
1245 2120 226 60 definitio.
1422 2120 97 60 Et
1471 2120 113 60 est
1535 2120 178 60 vltimus
1648 2120 162 60 terminus

77 2174 286 58 intellectualis
316 2174 254 58 operationis:
522 2174 143 58 cuius
618 2174 127 58 ipsa
697 2174 191 58 essentia
840 2174 223 58 intellecta
1015 2174 127 58 erat
1095 2174 238 58 principium.
1285 2174 111 58 lta
1349 2174 127 58 quod
1428 2174 95 58 in
1476 2174 270 58 apprehensione
1683 2174 127 58 simpli

79 2232 102 67 cis
138 2232 175 67 notitiae
269 2232 189 67 inchoatur
414 2232 131 67 omnis
501 2232 160 67 opeatio
618 2232 262 67 intellectualis
836 2232 102 67 per
894 2232 145 67 formam
996 2232 160 67 obiecti
1112 2232 276 67 intelligibilis:
1345 2232 73 67 &
1374 2232 87 67 in
1418 2232 87 67 eo
1461 2232 116 67 quod
1534 2232 116 67 quod
1607 2232 102 67 est
1650 2232 175 67 perficitur

68 2283 80 60 &
100 2283 111 60 sic
164 2283 175 60 habetur
291 2283 191 60 perfecta
434 2283 175 60 notitia
561 2283 95 60 de
609 2283 95 60 re
657 2283 239 60 incomplexa.
848 2283 95 60 Et
895 2283 159 60 habent
1007 2283 95 60 se
1054 2283 127 60 modo
1134 2283 207 60 contrario
1293 2283 95 60 ad
1341 2283 143 60 istum
1436 2283 143 60 actum
1532 2283 191 60 secundum
1675 2283 80 60 &
1691 2283 127 60 primum

71 2336 255 63 intellectiua
278 2336 207 63 potentia,
438 2336 80 63 &
470 2336 128 63 ipsa
549 2336 191 63 essentia
693 2336 223 63 formaliter
868 2336 239 63 intellectui
1060 2336 175 63 obiecta
1187 2336 191 63 secundum
1331 2336 112 63 iam
1394 2336 159 63 dictum
1506 2336 144 63 modum
1602 2336 96 63 in
1650 2336 128 63 deo.
1713 2336 112 63 Istum

76 2389 121 66 autem
156 2389 108 66 acum
224 2389 162 66 scilicet
345 2389 202 66 concipiendi
507 2389 108 66 quod
575 2389 108 66 quod
642 2389 94 66 est
696 2389 175 66 secundum,
831 2389 162 66 operatur
953 2389 202 66 intellectus
1114 2389 175 66 angelicus
1249 2389 81 66 vt
1290 2389 148 66 natura,
1398 2389 94 66 non
1452 2389 81 66 vt
1492 2389 135 66 ratio:
1587 2389 108 66 quia
1641 2389 175 66 naturaliter

81 2446 223 62 intellecta
257 2446 112 62 rei
320 2446 191 62 essentia
464 2446 96 62 in
512 2446 191 62 simplici
655 2446 287 62 intelligentia,
895 2446 160 62 absque
1006 2446 128 62 omni
1086 2446 191 62 discursu
1230 2446 160 62 statim
1341 2446 191 62 concipit
1485 2446 128 62 quod
1565 2446 128 62 quid
1645 2446 112 62 est
1708 2446 96 62 de
1740 2446 80 62 ea.

75 2494 215 56 Intelligit
243 2494 123 56 enim
320 2494 153 56 statim
427 2494 123 56 quod
504 2494 123 56 quod
581 2494 107 56 est
642 2494 92 56 in
688 2494 123 56 ipsa
765 2494 107 56 rei
826 2494 199 56 essentia:
980 2494 107 56 non
1041 2494 107 56 via
1102 2494 291 56 inuestigationis
1348 2494 184 56 secundum
1486 2494 138 56 artem
1578 2494 245 56 inuestigandi
1762 2494 61 56 de

73 2550 183 56 finitiue
210 2550 122 56 quod
286 2550 122 56 quod
362 2550 122 56 est,
438 2550 183 56 traditam
575 2550 91 56 in
621 2550 168 56 secundo
743 2550 228 56 posteriorem
926 2550 183 56 scilicet
1063 2550 137 56 primo
1154 2550 198 56 diuidendo
1306 2550 168 56 speciem
1428 2550 107 56 per
1489 2550 137 56 genus
1580 2550 152 56 primum
1687 2550 76 56 &
1702 2550 122 56 primam

71 2605 285 60 differentiam:
306 2605 84 60 &
340 2605 201 60 vlterius
491 2605 285 60 subdiuidendo,
726 2605 101 60 et
776 2605 269 60 differentias
994 2605 101 60 ex
1045 2605 118 60 vno
1112 2605 168 60 latere
1229 2605 252 60 abiiciendo:
1431 2605 84 60 &
1464 2605 101 60 ex
1515 2605 134 60 alio
1599 2605 168 60 latere
1699 2605 118 60 colli

78 2657 146 71 gendo
175 2657 114 71 cum
240 2657 179 71 genere:
370 2657 244 71 quemadmodum
565 2657 211 71 contingit
728 2657 98 71 in
777 2657 228 71 intellectu
956 2657 179 71 nostro.
1086 2657 179 71 Propter
1216 2657 130 71 quod
1297 2657 98 71 in
1346 2657 244 71 concipiendo
1541 2657 98 71 de
1590 2657 98 71 re
1638 2657 130 71 quod
1703 2657 98 71 quod

75 2715 117 65 est:
148 2715 132 65 ipsum
236 2715 102 65 non
295 2715 175 65 concipit
426 2715 219 65 intellectus
602 2715 117 65 ntur
675 2715 88 65 vt
719 2715 102 65 est
777 2715 146 65 natura
880 2715 234 65 simpliciter,
1070 2715 102 65 sed
1128 2715 88 65 vt
1172 2715 102 65 est
1231 2715 132 65 ratio
1318 2715 205 65 naturalis.
1479 2715 219 65 Descendendo
1655 2715 146 65 igitur
1743 2715 58 65 ad

72 2762 193 59 assumptum
221 2762 89 59 in
265 2762 208 59 argumento,
429 2762 119 59 quod
503 2762 149 59 filius
607 2762 208 59 producitur
770 2762 163 59 actione
889 2762 223 59 intellectus
1067 2762 119 59 quid
1142 2762 104 59 non
1201 2762 104 59 est
1260 2762 119 59 nisi
1335 2762 238 59 intelligere:
1528 2762 178 59 Dicendum
1661 2762 178 59 secundum

68 2819 119 67 iam
136 2819 170 67 dicta:
255 2819 136 67 quod
340 2819 255 67 intellectus
544 2819 187 67 diuinus
680 2819 170 67 potest
799 2819 255 67 considerari
1004 2819 102 67 vt
1055 2819 221 67 cognitiua
1225 2819 221 67 potentia,
1395 2819 119 67 vel
1463 2819 102 67 vt
1514 2819 187 67 natura.
1650 2819 102 67 Et
1684 2819 119 67 primo

73 2872 121 63 modo
148 2872 121 63 eius
224 2872 136 63 actio
315 2872 106 63 est
375 2872 242 63 intelligere:
572 2872 121 63 quae
648 2872 106 63 non
708 2872 106 63 est
769 2872 121 63 nisi
844 2872 227 63 essentialis
1026 2872 76 63 &
1056 2872 197 63 simplicis
1207 2872 197 63 notitiae.
1358 2872 166 63 Secundo
1479 2872 121 63 vero
1555 2872 121 63 modo
1631 2872 121 63 eius
1691 2872 106 63 actio

75 2922 104 63 est
135 2922 163 63 dicere:
253 2922 119 63 quod
328 2922 104 63 non
387 2922 104 63 est
446 2922 119 63 nisi
521 2922 134 63 actio
610 2922 223 63 notionalis:
788 2922 119 63 quod
862 2922 119 63 alia
937 2922 134 63 actio
1026 2922 104 63 est
1085 2922 119 63 quam
1159 2922 104 63 sit
1219 2922 238 63 intelligere.
1412 2922 178 63 secundum
1546 2922 134 63 modum
1635 2922 104 63 iam
1679 2922 134 63 determi

70 2978 166 61 natum.
187 2978 250 61 Quemadmodum
387 2978 150 61 etiam
486 2978 133 61 alia
570 2978 150 61 actio
669 2978 100 61 in
719 2978 166 61 angelo
836 2978 83 61 &
869 2978 100 61 in
919 2978 150 61 nobis
1019 2978 116 61 est
1085 2978 250 61 intelligere
1285 2978 200 61 simplici
1435 2978 183 61 notitia
1568 2978 216 61 essentiam
1718 2978 83 61 rei

73 3035 73 70 &
103 3035 160 70 formare
219 3035 87 70 de
262 3035 87 70 ea
306 3035 116 70 quod
379 3035 116 70 quid
451 3035 116 70 est.
524 3035 160 70 Eormare
640 3035 116 70 enim
713 3035 116 70 quod
785 3035 116 70 quod
858 3035 116 70 est,
931 3035 102 70 non
989 3035 102 70 est
1047 3035 232 70 intelligere:
1236 3035 160 70 quamuis
1352 3035 102 70 sit
1410 3035 131 70 actus
1497 3035 232 70 intellectus:
1686 3035 116 70 quia
1759 3035 87 70 in

61 3086 138 61 actu
147 3086 276 61 intelligendi
371 3086 258 61 intellectus
578 3086 103 61 se
629 3086 155 61 habet
733 3086 103 61 in
784 3086 224 61 patiendo,
957 3086 86 61 &
991 3086 207 61 obiectum
1146 3086 190 61 formale
1284 3086 103 61 in
1336 3086 190 61 agendo.
1474 3086 103 61 In
1525 3086 241 61 formatione
1698 3086 103 61 vero

67 3141 125 71 eius
145 3141 125 71 quod
224 3141 125 71 quod
302 3141 125 71 est,
380 3141 265 71 principaliter
598 3141 94 71 se
645 3141 141 71 habet
739 3141 94 71 in
786 3141 172 71 agendo.
910 3141 172 71 Eormare
1035 3141 125 71 enim
1113 3141 125 71 quod
1191 3141 125 71 quod
1270 3141 125 71 est,
1348 3141 109 71 non
1410 3141 109 71 est
1473 3141 203 71 obiectiue
1613 3141 203 71 intelligere

67 3192 114 65 quod
138 3192 114 65 quod
209 3192 114 65 est,
280 3192 100 65 sed
337 3192 142 65 facere
436 3192 85 65 id
479 3192 85 65 in
522 3192 100 65 quo
579 3192 171 65 perfecte
706 3192 227 65 intelligitur
891 3192 171 65 essentia
1019 3192 128 65 cuius
1104 3192 114 65 est,
1176 3192 114 65 quae
1247 3192 171 65 perfecte
1375 3192 256 65 intelligebatur
1588 3192 85 65 in
1630 3192 171 65 simplici
1744 3192 57 65 no

71 3257 147 54 titia.
174 3257 88 54 Et
218 3257 235 54 consimiliter
409 3257 147 54 dicere
511 3257 117 54 siue
585 3257 147 54 verbum
687 3257 191 54 concipere
834 3257 103 54 aut
893 3257 147 54 forare
995 3257 103 54 non
1054 3257 103 54 est
1113 3257 220 54 intelligere
1289 3257 88 54 in
1333 3257 117 54 deo:
1406 3257 161 54 quamuis
1523 3257 103 54 sit
1582 3257 132 54 actus
1655 3257 147 54 intelle-

69 3299 142 69 ctus:
164 3299 110 69 sed
227 3299 158 69 dicere
337 3299 110 69 est
400 3299 142 69 agere
495 3299 158 69 verbum
605 3299 95 69 in
652 3299 110 69 quo
715 3299 142 69 pater
810 3299 173 69 seipsum
936 3299 79 69 &
968 3299 126 69 suam
1046 3299 205 69 essentiam
1204 3299 95 69 vt
1251 3299 95 69 in
1299 3299 189 69 perfecta
1440 3299 252 69 similitudine
1645 3299 79 69 &
1661 3299 142 69 imagine
