2420 3778
423 276 101 68 an
474 276 118 68 non
541 276 152 68 esse:
642 276 152 68 sicut
743 276 101 68 an
794 276 169 68 habeat
912 276 135 68 esse
996 276 169 68 album,
1114 276 101 68 an
1165 276 135 68 non.
1249 276 101 68 Et
1300 276 101 68 si
1350 276 185 68 dubitas
1485 276 152 68 forte
1586 276 101 68 an
1637 276 169 68 habeat
1755 276 135 68 esse
1839 276 101 68 in
1889 276 169 68 mundo,
2007 276 101 68 an
2058 276 135 68 non:

425 342 108 68 hoc
486 342 108 68 non
548 342 170 68 impedit
672 342 124 68 tuum
750 342 232 68 intellectum
935 342 93 68 ad
982 342 263 68 intelligendum
1199 342 201 68 essentiam
1353 342 186 68 hominis.
1493 342 124 68 Quod
1570 342 201 68 manifeste
1725 342 139 68 dicit
1818 342 248 68 Philosophus.
2019 342 186 68 secundum

434 399 133 63 anti.
523 399 162 63 transl.
641 399 88 63 x.
685 399 147 63 poste.
788 399 162 63 Apparet
906 399 177 63 (inquit)
1039 399 118 63 quod
1112 399 177 63 intentio
1245 399 236 63 definitionis
1437 399 118 63 rei:
1511 399 74 63 &
1540 399 118 63 quia
1614 399 177 63 existat:
1746 399 118 63 sunt
1820 399 118 63 duae
1894 399 103 63 res
1953 399 192 63 diuersae:
2086 399 88 63 quia

436 449 118 61 qui
504 449 203 61 ostendit
656 449 135 61 quid
740 449 118 61 est
808 449 135 61 res:
892 449 84 61 &
926 449 135 61 eius
1010 449 287 61 definitionem:
1246 449 118 61 non
1314 449 253 61 apprehendit
1517 449 118 61 per
1584 449 118 61 hoc
1652 449 135 61 quod
1736 449 135 61 illa
1820 449 118 61 res
1888 449 203 61 existat.
2040 449 118 61 Nam
2091 449 84 61 cum

428 502 130 58 homo
509 502 196 58 ostendit
656 502 261 58 definitionem
868 502 196 58 circuli,
1014 502 130 58 quod
1096 502 114 58 sit
1161 502 163 58 figura
1275 502 147 58 plana
1373 502 114 58 &c,
1438 502 114 58 non
1503 502 244 58 apprehendit
1699 502 114 58 per
1764 502 244 58 ostensionem
1959 502 163 58 illius
2073 502 130 58 quod

432 556 105 59 sit
492 556 120 59 esse
567 556 181 59 circulo.
703 556 120 59 Nota
778 556 105 59 per
839 556 136 59 illud
929 556 120 59 quod
1004 556 151 59 dicit:
1110 556 120 59 Sunt
1185 556 120 59 duae
1260 556 105 59 res
1321 556 196 59 diuersae:
1471 556 136 59 ipsum
1562 556 105 59 non
1622 556 226 59 intelligere
1803 556 120 59 nisi
1878 556 241 59 diuersitatem
2059 556 105 59 inten

426 613 160 66 tionum
538 613 96 66 in
586 613 273 66 intelligendo,
811 613 128 66 quod
891 613 144 66 patet
988 613 112 66 per
1052 613 112 66 hoc
1116 613 128 66 quod
1196 613 177 66 subdit:
1325 613 128 66 Quia
1405 613 128 66 quid
1485 613 193 66 ostendit
1629 613 112 66 &c.
1694 613 96 66 De
1742 613 112 66 non
1806 613 128 66 ente
1886 613 128 66 vero
1966 613 128 66 quod
2031 613 144 66 opponi-

424 664 106 67 tur
485 664 121 67 enti
560 664 182 67 secundum
697 664 167 67 siguras
819 664 319 67 praedicamentorum:
1092 664 121 67 quod
1168 664 152 67 priuat
1274 664 106 67 rem
1335 664 213 67 cuiuslibet
1502 664 273 67 praedicamenti,
1730 664 91 67 de
1775 664 121 67 illo
1851 664 121 67 solo
1927 664 106 67 non
1988 664 121 67 ente
2064 664 106 67 non
2109 664 61 67 po

433 717 117 70 test
506 717 117 70 esse
579 717 190 70 scientia:
725 717 117 70 nisi
798 717 102 70 per
856 717 190 70 accidens:
1002 717 131 70 sicut
1090 717 175 70 priuatio
1221 717 219 70 cognoscitur
1396 717 102 70 per
1454 717 175 70 habitum.
1586 717 175 70 secundum
1717 717 117 70 quod
1790 717 131 70 dicit
1877 717 160 70 Auicen.
1994 717 88 70 i.
2023 717 146 70 Metaphy.

430 768 133 66 Esse
514 768 116 66 est
580 768 183 66 notius,
713 768 133 66 quam
796 768 116 66 non
863 768 150 66 esse.
963 768 133 66 Esse
1046 768 133 66 enim
1129 768 250 66 cognoscitur
1329 768 116 66 per
1396 768 116 66 se:
1462 768 116 66 non
1529 768 133 66 esse
1612 768 133 66 vero
1695 768 250 66 cognoscitur
1895 768 116 66 per
1961 768 133 66 esse
2028 768 133 66 aliquo

432 822 148 62 modo.
530 822 115 62 Per
596 822 132 62 haec
679 822 165 62 patent
794 822 181 62 obiecta
926 822 214 62 vtriusque
1091 822 165 62 partis
1206 822 99 62 si
1255 822 132 62 quis
1321 822 198 62 inspiciat.

768 867 125 69 lrca
847 867 188 69 secundum
987 867 203 69 arguitur,
1143 867 125 69 quod
1222 867 203 69 contingit
1378 867 172 69 hominem
1503 867 141 69 scire
1597 867 141 69 omnia
1690 867 156 69 entia.
1800 867 141 69 Primo
1893 867 125 69 sic.
1956 867 203 69 philosophus

766 931 153 61 dicit.
873 931 77 61 .
904 931 92 61 de
950 931 153 61 anima.
1057 931 123 61 quod
1134 931 230 61 intellectus
1318 931 107 61 est
1379 931 153 61 quodam
1486 931 123 61 modo
1563 931 138 61 omnia
1655 931 291 61 intelligibilia:
1900 931 138 61 sicut
1992 931 153 61 sensus
2084 931 77 61 est

772 990 139 66 omnia
864 990 231 66 sensibilia.
1049 990 154 66 Sensus
1157 990 108 66 sic
1219 990 108 66 est
1281 990 139 66 omnia
1373 990 154 66 sensib
1481 990 123 66 ilia
1558 990 123 66 quod
1635 990 154 66 potest
1743 990 139 66 omnia
1836 990 185 66 sentire.
1975 990 123 66 ergo
2037 990 123 66 intel-

769 1035 158 61 lectus
880 1035 111 61 ita
943 1035 111 61 est
1006 1035 142 61 omnia
1101 1035 300 61 intelligibilia:
1354 1035 126 61 quod
1433 1035 158 61 potest
1544 1035 142 61 omina
1638 1035 253 61 intelligere.
1844 1035 126 61 haec
1923 1035 126 61 sunt
2002 1035 142 61 omnia
2081 1035 79 61 sci

773 1091 145 62 bilia
870 1091 81 62 &
902 1091 145 62 omnia
999 1091 162 62 entia.
1112 1091 129 62 ergo
1193 1091 113 62 &c.
1290 1091 178 62 Secundo
1419 1091 129 62 sic.
1500 1091 113 62 qui
1564 1091 162 62 potest
1677 1091 145 62 scire
1774 1091 81 62 &
1807 1091 242 62 intelligere
2000 1091 145 62 magis
2081 1091 97 62 sci-

770 1143 114 67 bile
841 1143 71 67 &
869 1143 256 67 intelligibile:
1083 1143 71 67 &
1111 1143 142 67 minus.
1211 1143 171 67 secundum
1339 1143 228 67 philosophum.
1524 1143 85 67 x.
1566 1143 85 67 de
1609 1143 142 67 anima.
1709 1143 114 67 homo
1780 1143 142 67 potest
1879 1143 128 67 scire
1965 1143 71 67 &
1979 1143 185 67 intelligere

428 1195 138 62 summe
520 1195 184 62 scibile.
658 1195 92 62 vt
704 1195 153 62 dictum
811 1195 123 62 est.
888 1195 184 62 loannem.
1026 1195 77 62 .
1056 1195 123 62 Haec
1133 1195 107 62 est
1194 1195 123 62 vita
1271 1195 184 62 aeterna.
1409 1195 123 62 ergo
1485 1195 107 62 &c.
1577 1195 199 62 Oppositum
1731 1195 199 62 arguitur.
1884 1195 138 62 Primo
1976 1195 123 62 sic.
2037 1195 123 62 Eccle-

431 1250 203 63 siastici.
587 1250 94 63 i.
634 1250 172 63 Plurima
759 1250 125 63 sunt
837 1250 140 63 super
931 1250 156 63 sensum
1040 1250 187 63 hominis.
1180 1250 109 63 sed
1243 1250 125 63 illa
1321 1250 109 63 non
1383 1250 156 63 potest
1492 1250 156 63 scire.
1601 1250 125 63 ergo
1679 1250 109 63 &c.
1773 1250 172 63 Secundo
1898 1250 125 63 sic.
1960 1250 203 63 Ecclesiasti

428 1305 110 80 ci.
491 1305 94 80 A.
538 1305 125 80 Dixi
617 1305 173 80 sapiens
742 1305 204 80 efficiar:
899 1305 78 80 &
930 1305 125 80 ipsa
1009 1305 188 80 recessit
1150 1305 78 80 a
1181 1305 94 80 me
1228 1305 141 80 multo
1322 1305 125 80 plus
1401 1305 125 80 quam
1479 1305 141 80 erat.
1573 1305 110 80 Sed
1636 1305 110 80 hoc
1699 1305 110 80 non
1761 1305 251 80 contingeret,
1965 1305 94 80 si
1997 1305 173 80 continge-

421 1354 129 81 ret
494 1354 129 81 eum
568 1354 166 81 scire
679 1354 166 81 omnia
789 1354 184 81 entia.
918 1354 147 81 ergo
992 1354 92 81 &c.

469 1413 249 87 Dicendum
655 1413 124 87 ad
718 1413 166 87 hoc,
821 1413 166 87 quod
925 1413 145 87 ita
1008 1413 145 87 est
1091 1413 124 87 in
1153 1413 228 87 omnibus
1319 1413 207 87 quibus
1465 1413 249 87 conpetit
1651 1413 228 87 opeatio
1817 1413 207 87 aliqua
1942 1413 228 87 exercenda

421 1489 115 67 per
486 1489 280 67 instrumentum:
717 1489 132 67 quod
800 1489 148 67 agens
899 1489 99 67 de
948 1489 99 67 se
998 1489 231 67 sufficiens
1179 1489 99 67 vt
1229 1489 148 67 agere
1328 1489 181 67 possit,
1460 1489 99 67 si
1509 1489 165 67 habeat
1625 1489 165 67 copiam
1740 1489 264 67 instrumenti:
1955 1489 198 67 dicendus
2087 1489 82 67 est

426 1549 239 58 simpliciter
617 1549 144 58 posse
713 1549 96 58 in
761 1549 144 58 illam
857 1549 239 58 opeationem:
1048 1549 144 58 licet
1144 1549 96 58 ei
1192 1549 191 58 deficiat
1335 1549 271 58 instrumentum:
1559 1549 80 58 &
1591 1549 128 58 ideo
1670 1549 112 58 non
1734 1549 160 58 possit
1846 1549 207 58 procedere
2005 1549 96 58 in
2037 1549 128 58 actum.

424 1599 138 64 sicut
516 1599 154 64 oculus
624 1599 169 64 dicitur
747 1599 138 64 posse
839 1599 154 64 videre
947 1599 123 64 omne
1024 1599 200 64 visibile:
1177 1599 138 64 licet
1270 1599 108 64 non
1331 1599 154 64 possit
1439 1599 200 64 procedere
1593 1599 92 64 in
1639 1599 138 64 actum
1731 1599 169 64 videndi
1854 1599 215 64 deficiente
2024 1599 123 64 luce
2085 1599 77 64 ex-

431 1650 177 58 teriori.
564 1650 118 58 Nunc
638 1650 133 58 autem
726 1650 103 58 ita
785 1650 118 58 est:
859 1650 118 58 quod
933 1650 162 58 propria
1051 1650 177 58 operatio
1184 1650 162 58 hominis
1302 1650 177 58 secundum
1435 1650 118 58 quod
1509 1650 133 58 homo,
1597 1650 103 58 est
1656 1650 133 58 scire
1745 1650 74 58 &
1774 1650 236 58 intelligere,
1966 1650 118 58 quia
2040 1650 103 58 est
2084 1650 89 58 eius

436 1701 177 60 operatio
569 1701 177 60 secundum
702 1701 236 60 intellectum:
894 1701 74 60 &
923 1701 177 60 rationem
1056 1701 103 60 qua
1115 1701 118 60 vere
1189 1701 118 60 homo
1263 1701 118 60 est.
1337 1701 177 60 secundum
1469 1701 236 60 philosophum.
1661 1701 89 60 S.
1705 1701 192 60 Ethicorum
1853 1701 89 60 Ad
1897 1701 221 60 operationem
2060 1701 103 60 autem

425 1758 219 60 huiusmodi:
597 1758 125 60 homo
675 1758 172 60 quantum
800 1758 109 60 est
863 1758 94 60 ex
910 1758 156 60 natura
1019 1758 109 60 sui
1081 1758 234 60 intellectus
1269 1758 94 60 si
1316 1758 250 60 sufficienter
1519 1758 234 60 illustretur
1706 1758 125 60 luce
1784 1758 266 60 intellectuali
1987 1758 172 60 proportio

429 1812 132 62 nali
511 1812 198 62 cuilibet
660 1812 182 62 scibili
792 1812 198 62 secundum
940 1812 165 62 statum
1056 1812 83 62 &
1089 1812 165 62 gradum
1204 1812 149 62 suum,
1303 1812 116 62 est
1369 1812 99 62 in
1419 1812 198 62 potentia
1567 1812 99 62 vt
1617 1812 149 62 sciat
1716 1812 83 62 &
1749 1812 231 62 intelligat
1930 1812 264 62 vnumquodque.

435 1863 187 62 Absolute
576 1863 125 62 ergo
654 1863 234 62 concedendum
841 1863 109 62 est
903 1863 125 62 quod
981 1863 125 62 homo
1059 1863 156 62 potest
1168 1863 140 62 scire
1261 1863 140 62 omnia
1355 1863 140 62 entia
1448 1863 109 62 hoc
1511 1863 109 62 est
1573 1863 140 62 omnia
1666 1863 203 62 scibilia.
1822 1863 93 62 Et
1869 1863 93 62 ob
1916 1863 109 62 hoc
1978 1863 171 62 dicitur
2103 1863 93 62 in

427 1918 106 72 li.
487 1918 91 72 de
533 1918 166 72 spiritu
653 1918 75 72 &
684 1918 151 72 anima.
789 1918 106 72 Aia
850 1918 91 72 ad
895 1918 257 72 similitudinem
1106 1918 151 72 totius
1212 1918 211 72 sapientiae
1378 1918 136 72 facta
1469 1918 151 72 omnium
1574 1918 91 72 in
1620 1918 91 72 se
1665 1918 257 72 similitudinem
1876 1918 151 72 gerit.
1982 1918 136 72 Dicit
2057 1918 106 72 etiam

428 1972 164 60 Auicen.
547 1972 89 60 in
592 1972 104 60 ix.
651 1972 238 60 Metaphysicae
845 1972 134 60 suae:
934 1972 119 60 quod
1009 1972 104 60 sua
1068 1972 194 60 perfectio
1217 1972 149 60 animae
1321 1972 208 60 rationalis
1485 1972 119 60 est:
1560 1972 89 60 vt
1604 1972 119 60 fiat
1679 1972 179 60 secundum
1813 1972 268 60 intelligibile:
2036 1972 74 60 &
2051 1972 119 60 descri

420 2023 151 60 batur
521 2023 101 60 in
571 2023 101 60 ea
622 2023 151 60 forma
723 2023 185 60 totius:
857 2023 84 60 &
891 2023 134 60 ordo
975 2023 252 60 intellectus
1176 2023 101 60 in
1227 2023 151 60 toto:
1328 2023 84 60 &
1361 2023 185 60 bonitas
1496 2023 202 60 influens
1647 2023 101 60 in
1697 2023 151 60 omne:
1798 2023 84 60 &
1832 2023 101 60 vt
1882 2023 218 60 incipiens
2050 2023 84 60 a
2067 2023 101 60 prim

419 2082 140 58 cipio
513 2082 156 58 totius
622 2082 187 58 procedat
763 2082 94 58 ad
809 2082 234 58 substantias
997 2082 281 58 intellectuales
1231 2082 234 58 spirituales
1418 2082 203 58 absolute:
1574 2082 78 58 &
1605 2082 156 58 deinde
1714 2082 94 58 ad
1761 2082 234 58 spirituales
1949 2082 203 58 pendentes
2089 2082 78 58 ali

427 2136 120 64 quo
495 2136 137 64 modo
581 2136 86 64 a
615 2136 257 64 corporibus:
821 2136 86 64 &
855 2136 171 64 deinde
975 2136 103 64 ad
1026 2136 171 64 animas
1146 2136 205 64 mouentes
1300 2136 205 64 corpora:
1454 2136 86 64 &
1488 2136 171 64 postea
1608 2136 103 64 ad
1660 2136 188 64 corpora
1796 2136 240 64 caelestia:
1985 2136 86 64 &
2019 2136 103 64 vt
2053 2136 103 64 haec

427 2191 139 64 omnia
519 2191 139 64 fiant
612 2191 201 64 descripta
766 2191 93 64 in
813 2191 139 64 anima
905 2191 185 64 secundum
1044 2191 263 64 dispositiones
1260 2191 77 64 &
1291 2191 139 64 vires
1384 2191 154 64 eorum:
1492 2191 185 64 quousque
1631 2191 232 64 perficiatur
1816 2191 93 64 in
1863 2191 93 64 ea
1909 2191 216 64 dispositio
2063 2191 93 64 esse

424 2242 295 77 vniuersitatis,
669 2242 82 77 &
702 2242 115 77 sic
767 2242 196 77 transeat
915 2242 115 77 per
980 2242 246 77 intellectum
1177 2242 98 77 in
1226 2242 164 77 instar
1340 2242 164 77 totius
1455 2242 164 77 mundi:
1570 2242 82 77 &
1602 2242 180 77 cernens
1733 2242 98 77 id
1782 2242 131 77 quod
1864 2242 115 77 est
1930 2242 196 77 pulchrum
2061 2242 98 77 abso

429 2290 161 56 lute:
536 2290 89 56 &
572 2290 196 56 bonitas
715 2290 232 56 absolute:
893 2290 89 56 &
929 2290 161 56 decor
1036 2290 178 56 verus:
1161 2290 143 56 fiat
1250 2290 143 56 vnum
1339 2290 125 56 cum
1410 2290 125 56 eo:
1482 2290 232 56 insculpta
1660 2290 143 56 eius
1732 2290 178 56 exemplo.

466 2354 124 97 Ad
527 2354 206 97 primum
672 2354 124 97 in
733 2354 288 97 oppositum,
960 2354 165 97 quod
1063 2354 185 97 plura
1187 2354 165 97 sunt
1290 2354 185 97 supra
1413 2354 206 97 sensum
1558 2354 247 97 hominis:
1743 2354 247 97 Dicendum
1928 2354 165 97 quod
2011 2354 144 97 verum

432 2431 113 68 est
497 2431 226 68 attingenda
674 2431 162 68 lumine
788 2431 210 68 naturali.
949 2431 97 68 Si
998 2431 146 68 tamen
1095 2431 259 68 sufficienter
1305 2431 243 68 illustretur
1499 2431 162 68 lumine
1612 2431 259 68 supnaturali:
1822 2431 146 68 nihil
1919 2431 113 68 est
1984 2431 146 68 supra
2065 2431 97 68 sen-

427 2485 114 77 sum
492 2485 179 77 hominis
622 2485 130 77 quin
703 2485 163 77 possit
817 2485 146 77 illud
915 2485 228 77 intellectu
1094 2485 228 77 attingere.
1306 2485 98 77 Ad
1354 2485 195 77 secundum
1501 2485 130 77 quod
1582 2485 212 77 sapientia
1745 2485 179 77 recedit
1875 2485 98 77 ab
1924 2485 277 77 inuestigante:

425 2540 194 65 Dicendum
570 2540 129 65 quod
651 2540 178 65 dicitur
780 2540 210 65 recedere:
942 2540 129 65 quia
1022 2540 162 65 quanto
1135 2540 129 65 homo
1216 2540 129 65 plus
1297 2540 226 65 inuestigat
1475 2540 210 65 scientiam
1636 2540 162 65 lumine
1749 2540 210 65 naturalis
1911 2540 210 65 rationis:
2056 2540 97 65 tan-

426 2597 96 58 to
474 2597 143 58 magis
569 2597 143 58 patet
665 2597 96 58 ei
713 2597 255 58 profunditas.
920 2597 143 58 Nihil
1015 2597 143 58 tamen
1111 2597 111 58 est
1175 2597 175 58 scibile
1302 2597 96 58 in
1350 2597 223 58 creaturis,
1525 2597 96 58 si
1573 2597 239 58 sufficienti
1764 2597 159 58 lumine
1875 2597 239 58 illustretur
2066 2597 127 58 quin

433 2652 155 66 possit
541 2652 139 66 illud
634 2652 155 66 scire.
742 2652 155 66 Maxime
851 2652 108 66 cum
913 2652 232 66 illustretur
1098 2652 93 66 ad
1145 2652 108 66 hoc
1207 2652 93 66 vt
1253 2652 155 66 possit
1362 2652 139 66 scire
1455 2652 155 66 summum
1563 2652 263 66 intelligibile
1780 2652 217 66 attingendo
1950 2652 139 66 licet
2043 2652 108 66 non
2090 2652 77 66 con

432 2709 245 62 prehendendo.
631 2709 92 62 In
677 2709 138 62 cuius
768 2709 245 62 comparatione
967 2709 230 62 cognitionis
1151 2709 153 62 potest
1258 2709 138 62 etiam
1350 2709 214 62 verificari
1518 2709 138 62 illud
1610 2709 260 62 Ecclesiastes.
1824 2709 92 62 7.
1870 2709 122 62 Dixi
1947 2709 168 62 sapiens
2054 2709 107 62 effi-

431 2763 150 62 ciar,
531 2763 83 62 &
565 2763 133 62 ipsa
648 2763 183 62 longius
781 2763 200 62 recessit
931 2763 83 62 a
964 2763 100 62 me
1014 2763 150 62 multo
1114 2763 150 62 magis
1214 2763 133 62 quam
1297 2763 150 62 erat:
1397 2763 100 62 Et
1447 2763 133 62 alta
1530 2763 266 62 profunditas,
1747 2763 133 62 quis
1830 2763 200 62 inueniet
1980 2763 133 62 eam:
2063 2763 133 62 Quan

429 2806 100 74 to
479 2806 134 74 enim
563 2806 184 74 amplius
696 2806 250 74 cognoscitur
897 2806 167 74 illud,
1013 2806 150 74 tanto
1114 2806 184 74 amplius
1247 2806 200 74 recedere
1397 2806 184 74 dicitur
1531 2806 200 74 cognitio
1681 2806 167 74 illius
1798 2806 100 74 ab
1848 2806 117 74 eo:
1915 2806 184 74 quoniam
2031 2806 134 74 semper

424 2859 90 63 de
469 2859 166 63 scibili
589 2859 120 63 illo
650 2859 120 63 claret

766 2865 143 67 plus
856 2865 197 67 restare
999 2865 287 67 cognoscendum
1232 2865 143 67 quam
1322 2865 125 67 iam
1393 2865 215 67 cognitum
1537 2865 108 67 est.

764 2903 132 78 lrca
847 2903 182 78 tertium
979 2903 198 78 arguitur
1128 2903 132 78 quod
1210 2903 215 78 contingit
1375 2903 182 78 hominem
1508 2903 149 78 scire
1607 2903 149 78 omnia
1706 2903 99 78 ex
1755 2903 281 78 philosophicis
1970 2903 198 78 scientiis.

770 2968 151 68 Primo
871 2968 134 68 sic.
954 2968 234 68 quaecumque
1138 2968 134 68 sunt
1222 2968 100 68 in
1272 2968 218 68 vniuerso:
1440 2968 117 68 per
1506 2968 184 68 ordinem
1640 2968 84 68 &
1674 2968 251 68 connexionem
1875 2968 100 68 se
1925 2968 167 68 habent
2042 2968 100 68 ad
2092 2968 100 68 in

772 3027 150 57 uicem.
877 3027 180 57 connexio
1012 3027 120 57 illa
1087 3027 135 57 sciri
1178 3027 150 57 potest
1283 3027 90 57 ex
1328 3027 255 57 philosophicis
1538 3027 210 57 scientiis:
1703 3027 120 57 quia
1778 3027 105 57 sit
1839 3027 105 57 per
1899 3027 165 57 naturam
2004 3027 150 57 influen-

759 3079 144 58 tiae
849 3079 162 58 inter
956 3079 197 58 motorem
1100 3079 90 58 &
1136 3079 179 58 motum,
1262 3079 179 58 causam
1387 3079 90 58 &
1423 3079 233 58 causatum:
1603 3079 144 58 quae
1692 3079 162 58 sciri
1800 3079 197 58 possunt
1944 3079 108 58 ex
1980 3079 179 58 philoso-

756 3132 156 66 phicis
866 3132 218 66 scientiis:
1037 3132 187 66 connexio
1178 3132 140 66 autem
1271 3132 78 66 &
1303 3132 125 66 ordo
1381 3132 203 66 aliquorum
1537 3132 140 66 sciri
1630 3132 109 66 non
1693 3132 172 66 possunt
1818 3132 125 66 nisi
1896 3132 140 66 simul
1974 3132 187 66 scientian-

721 3183 131 90 tur
796 3183 205 90 connexa
945 3183 93 90 &
983 3183 243 90 ordinata:
1169 3183 149 90 quia
1263 3183 224 90 relatiue
1431 3183 112 90 se
1487 3183 187 90 habent
1618 3183 112 90 ad
1674 3183 224 90 inuicem.
1842 3183 149 90 ergo
1935 3183 131 90 &c.
2028 3183 131 90 Secun
