2414 3778
418 303 115 88 cut
483 303 148 88 sapor
582 303 115 88 vel
648 303 132 88 odor
731 303 82 88 a
764 303 148 88 visu,
863 303 82 88 &
896 303 82 88 a
929 303 165 88 colore
1044 303 132 88 quae
1126 303 148 88 nullo
1225 303 132 88 modo
1308 303 132 88 sunt
1390 303 231 88 visibilia:
1572 303 115 88 sed
1637 303 148 88 sicut
1736 303 198 88 visibile
1885 303 214 88 excellens
2033 303 132 88 distat

426 365 81 71 a
458 365 196 71 visibili
605 365 228 71 temperato:
784 365 81 71 &
817 365 81 71 a
849 365 163 71 debili
963 365 130 71 visu
1045 365 98 71 ad
1094 365 130 71 quod
1175 365 114 71 non
1240 365 163 71 potest
1354 365 130 71 ipse
1436 365 228 71 attingere:
1615 365 130 71 nisi
1697 365 163 71 lumine
1811 365 196 71 clariori
1941 365 228 71 illustretur,

436 423 79 67 &
468 423 270 67 fortificetur.
690 423 127 67 Vnde
770 423 143 67 dicit
865 423 270 67 Philosophous.
1087 423 111 67 ii.
1151 423 270 67 Metaphysicae.
1373 423 127 67 quod
1452 423 238 67 intellectus
1643 423 159 67 noster
1754 423 95 67 se
1802 423 143 67 habet
1897 423 95 67 ad
1929 423 254 67 manifestissima

430 477 211 67 naturae:
589 477 158 67 sicut
694 477 176 67 oculus
818 477 317 67 vespertilionis
1081 477 106 67 ad
1134 477 158 67 lucem
1222 477 141 67 Solis.

724 576 204 105 Artic.
867 576 184 105 IIll.
989 576 123 105 de
1051 576 245 105 appetitu
1234 576 102 105 &
1275 576 266 105 desiderio
1480 576 225 105 sciendi
1643 576 123 105 in
1684 576 184 105 homine.

931 670 126 88 Via
1003 670 217 88 scibilia
1166 670 126 88 non
1238 670 144 88 sunt
1328 670 163 88 facta
1437 670 181 88 homini
1563 670 325 88 cognoscibilia,
1834 670 144 88 nisi
1924 670 108 88 vt
1978 670 235 88 aliquando

923 750 106 60 ea
976 750 159 60 sciat
1083 750 89 60 &
1118 750 248 60 cognoscat:
1313 750 106 60 ad
1366 750 212 60 sciendum
1525 750 159 60 autem
1631 750 106 60 ea
1684 750 124 60 non
1755 750 106 60 se
1808 750 248 60 extenderet
2003 750 142 60 nisi
2074 750 106 60 sci-

931 793 100 71 re
981 793 100 71 ea
1031 793 232 71 appeteret:
1214 793 183 71 Idcirco
1346 793 199 71 postquam
1496 793 149 71 visum
1595 793 116 71 est
1662 793 100 71 de
1711 793 216 71 qualitate
1877 793 216 71 scibilium
2043 793 100 71 ab
2093 793 116 71 ho-

923 852 158 73 mine,
1029 852 210 73 videndum
1186 852 123 73 est
1257 852 105 73 de
1309 852 210 73 appetitu
1467 852 140 73 siue
1555 852 228 73 desiderio
1730 852 193 73 sciendi
1870 852 105 73 in
1923 852 158 73 ipso.
2028 852 105 73 Et
2063 852 123 73 circa

918 902 147 71 hoc
1002 902 293 71 quaeruntur
1211 902 168 71 nouem.

924 953 225 74 Primum:
1087 953 184 74 vtrum
1210 953 164 74 Homo
1312 953 225 74 appetat
1455 953 164 74 scire.

929 1006 261 69 Secundum:
1130 1006 181 69 vtrum
1250 1006 181 69 omnis
1371 1006 161 69 homo
1471 1006 221 69 appetat
1611 1006 161 69 scire.

930 1068 218 55 Tertium:
1093 1068 163 55 vtrum
1202 1068 145 55 homo
1293 1068 272 55 naturaliter
1511 1068 200 55 appetat
1638 1068 145 55 scire.

918 1116 236 64 Quartum:
1095 1116 177 64 vtrum
1213 1116 177 64 omnes
1331 1116 216 64 homines
1489 1116 275 64 aequaliter
1705 1116 236 64 appetant
1863 1116 157 64 scire.

876 1141 197 124 Quintum:
1024 1141 148 124 vtrum
1122 1141 132 124 homo
1204 1141 181 124 appetat
1336 1141 148 124 scire
1435 1141 99 124 ea
1484 1141 132 124 quae
1566 1141 197 124 notitiam
1714 1141 197 124 rationis
1862 1141 214 124 naturalis
2010 1141 181 124 excedunt.

423 1226 222 62 Sextum:
584 1226 182 62 vtrum
706 1226 162 62 homo
807 1226 222 62 appetat
968 1226 182 62 scire
1069 1226 162 62 omnia.

439 1269 245 75 Septimum:
628 1269 170 75 vtrum
741 1269 151 75 homo
835 1269 264 75 aequaliter
1043 1269 208 75 appetat
1194 1269 170 75 scire
1288 1269 189 75 singula.

434 1327 223 69 Octauum:
602 1327 167 69 vtrum
713 1327 130 69 sit
787 1327 204 69 aliquod
936 1327 149 69 vnum
1029 1327 149 69 quod
1122 1327 149 69 homo
1214 1327 316 69 principaliter
1474 1327 204 69 appetat
1604 1327 149 69 scire.

443 1379 174 84 Nonum:
564 1379 156 84 vtrum
668 1379 191 84 propter
807 1379 156 84 illud
912 1379 139 84 quod
999 1379 139 84 homo
1085 1379 295 84 principaliter
1329 1379 191 84 appetit
1468 1379 174 84 scire,
1589 1379 191 84 appetat
1728 1379 156 84 omnia
1833 1379 139 84 alia
1902 1379 139 84 scire.

780 1480 129 84 Irca
860 1480 161 84 primum
973 1480 210 84 arguitur:
1134 1480 129 84 quod
1215 1480 129 84 homo
1296 1480 113 84 non
1360 1480 177 84 appetat
1489 1480 161 84 scire.
1602 1480 145 84 Primo
1699 1480 129 84 sic.
1779 1480 97 84 Si
1827 1480 129 84 homo
1908 1480 210 84 appeteret
2053 1480 129 84 scire:

790 1555 103 71 aut
849 1555 118 71 quod
923 1555 147 71 nouit:
1026 1555 103 71 aut
1084 1555 118 71 quid
1158 1555 103 71 non
1217 1555 147 71 nouit:
1320 1555 103 71 nec
1378 1555 103 71 est
1437 1555 162 71 medium:
1555 1555 118 71 quia
1628 1555 103 71 est
1687 1555 162 71 diuisio
1805 1555 103 71 per
1864 1555 279 71 contradictoria,
2084 1555 103 71 inter

790 1606 151 67 quae
885 1606 132 67 non
960 1606 170 67 cadit
1074 1606 208 67 medium.
1225 1606 227 67 secundum
1395 1606 302 67 Philosophum.
1641 1606 113 67 x.
1697 1606 227 67 Metaphy.
1868 1606 132 67 Non
1943 1606 151 67 quod
2038 1606 189 67 nouit:

790 1660 122 60 quia
866 1660 122 60 eius
943 1660 122 60 quod
1019 1660 153 60 nouit,
1126 1660 107 60 iam
1187 1660 138 60 habet
1279 1660 214 60 scientiam.
1447 1660 183 60 Secundum
1585 1660 122 60 enim
1661 1660 214 60 Augustinus
1829 1660 92 60 in
1875 1660 107 60 li.
1936 1660 183 60 xxxiiiii
2074 1660 138 60 quads

790 1712 96 75 In
838 1712 207 75 scientiis
997 1712 127 75 idem
1077 1712 112 75 est
1141 1712 159 75 nosse,
1252 1712 127 75 quod
1332 1712 175 75 habere:
1459 1712 207 75 appetitus
1618 1712 143 75 autem
1714 1712 112 75 non
1778 1712 112 75 est
1842 1712 191 75 respectu
1985 1712 175 75 habiti:
2112 1712 112 75 sed

771 1773 207 69 respectu
926 1773 121 69 non
995 1773 190 69 habiti,
1134 1773 242 69 possibilis
1324 1773 156 69 tamen
1428 1773 190 69 haberi.
1566 1773 156 69 Neque
1669 1773 138 69 quod
1756 1773 121 69 non
1825 1773 173 69 nouit:
1946 1773 138 69 quia
2015 1773 173 69 secundum

451 1825 212 62 Augustinus
617 1825 136 62 iiii.
708 1825 91 62 de
754 1825 151 62 Trini.
859 1825 197 62 Appetitus
1011 1825 91 62 ex
1056 1825 166 62 notitia
1177 1825 197 62 procedit.
1329 1825 121 62 ergo
1404 1825 106 62 &c.
1495 1825 166 62 Secundo
1616 1825 121 62 sic:
1692 1825 182 62 potentia
1828 1825 197 62 naturalis
1979 1825 106 62 non
2040 1825 106 62 est
2085 1825 91 62 nata

450 1878 196 62 moueri,
593 1878 143 62 nisi
682 1878 107 62 ex
735 1878 125 62 suo
807 1878 196 62 proprio
950 1878 196 62 obiecto
1092 1878 232 62 naturali.
1271 1878 214 62 obiectum
1431 1878 214 62 proprium
1592 1878 232 62 appetitus
1770 1878 214 62 naturale
1930 1878 125 62 non
2002 1878 125 62 est
2055 1878 125 62 verum

453 1929 130 79 quod
534 1929 147 79 mouet
632 1929 98 79 ad
681 1929 212 79 sciendum:
844 1929 114 79 sed
909 1929 163 79 bonum.
1023 1929 130 79 ergo
1104 1929 114 79 &c.
1202 1929 163 79 Contra
1316 1929 130 79 est,
1397 1929 130 79 quia
1479 1929 130 79 homo
1560 1929 98 79 vt
1609 1929 163 79 sciat,
1723 1929 195 79 laborat:
1870 1929 130 79 quod
1951 1929 114 79 non
2016 1929 147 79 esset
2098 1929 81 79 nis

444 1975 101 80 si
495 1975 152 80 scire
596 1975 237 80 appeteret.
782 1975 135 80 ergo
850 1975 84 80 &c.

492 2038 244 68 Dicendum
675 2038 122 68 ad
736 2038 142 68 hoc
817 2038 163 68 quod
919 2038 142 68 ita
1000 2038 142 68 est
1082 2038 122 68 in
1143 2038 224 68 omnibus
1305 2038 264 68 potentiis
1508 2038 224 68 actiuis
1671 2038 102 68 &
1712 2038 244 68 passiuis
1895 2038 264 68 ordinatis
2098 2038 122 68 ad

455 2097 200 62 inuicem,
605 2097 133 62 quod
689 2097 133 62 illa
772 2097 200 62 potentia
922 2097 133 62 quae
1006 2097 250 62 vniuersalem
1206 2097 150 62 finem
1306 2097 217 62 respicit,
1473 2097 167 62 mouere
1590 2097 150 62 habet
1690 2097 150 62 alias
1790 2097 100 62 ad
1840 2097 150 62 actus
1940 2097 200 62 proprios
2073 2097 117 62 illis

452 2155 84 64 &
486 2155 219 64 inclinare
654 2155 118 64 eos
721 2155 101 64 ad
772 2155 151 64 fines
873 2155 202 64 proprios
1024 2155 202 64 illarum:
1176 2155 135 64 quos
1260 2155 118 64 sub
1327 2155 135 64 fine
1411 2155 236 64 vniuersali
1596 2155 236 64 respiciunt
1781 2155 185 64 tanquam
1916 2155 135 64 sibi
2000 2155 202 64 proprios
2135 2155 50 64 &

449 2209 271 58 particulares
669 2209 220 58 ordinatos
838 2209 102 58 in
889 2209 152 58 finem
991 2209 271 58 vniuersalem,
1211 2209 119 58 qui
1279 2209 119 58 est
1346 2209 203 58 proprius
1499 2209 152 58 finis
1600 2209 152 58 primi
1702 2209 220 58 mouentis:
1871 2209 119 58 qui
1939 2209 152 58 omnia
2041 2209 135 58 alia
2125 2209 102 58 ad

452 2263 164 63 finem
561 2263 91 63 &
597 2263 109 63 ad
652 2263 164 63 bonum
761 2263 146 63 suum
852 2263 255 63 obtinendum
1053 2263 182 63 mouet:
1180 2263 182 63 veluti
1308 2263 182 63 caelum
1435 2263 146 63 quod
1526 2263 219 63 intendit
1690 2263 273 63 vniuersalem
1891 2263 291 63 conseruationem

441 2321 299 60 generabilium
685 2321 94 60 &
722 2321 356 60 corruptibilium,
1022 2321 168 60 mouet
1134 2321 168 60 omnia
1246 2321 262 60 inferiora,
1452 2321 187 60 quorum
1583 2321 281 60 vnumquodque
1808 2321 150 60 agit
1883 2321 299 60 particulariter

451 2371 111 62 ad
506 2371 332 62 conseruationem
783 2371 148 62 suae
875 2371 222 62 speciei.
1041 2371 240 62 Similiter
1226 2371 129 62 rex
1300 2371 129 62 qui
1374 2371 222 62 intendit
1540 2371 166 62 bonum
1651 2371 185 62 regni,
1780 2371 166 62 mouet
1891 2371 203 62 Barones
2038 2371 92 62 &
2057 2371 129 62 Bali-

447 2434 137 59 uos
526 2434 137 59 qui
604 2434 254 59 intendunt
799 2434 176 59 bonum
917 2434 332 59 prouinciarum,
1190 2434 137 59 aut
1268 2434 254 59 ciuitatum
1464 2434 274 59 quarundam:
1679 2434 98 59 &
1718 2434 352 59 Architectonica
2011 2434 137 59 ars
2089 2434 137 59 mo-

455 2475 117 69 uet
522 2475 150 69 alias
622 2475 167 69 artes,
739 2475 133 69 quae
822 2475 133 69 sunt
906 2475 117 69 sub
972 2475 150 69 ipsa:
1072 2475 100 69 vt
1123 2475 150 69 dicit
1223 2475 250 69 Philosophus
1423 2475 100 69 in
1473 2475 217 69 principio
1640 2475 183 69 Ethico.
1773 2475 133 69 Nunc
1856 2475 150 69 autem
1956 2475 117 69 ita
2023 2475 117 69 est
2090 2475 133 69 quod

456 2532 223 59 appetitus
627 2532 240 59 rationalis
815 2532 120 59 seu
884 2532 205 59 voluntas
1038 2532 205 59 respicit
1192 2532 188 59 tanquam
1329 2532 137 59 suum
1415 2532 154 59 finem
1517 2532 154 59 bonum
1620 2532 257 59 simpliciter
1825 2532 103 59 vt
1877 2532 154 59 bonum
1980 2532 137 59 est:
2048 2532 137 59 quaeli

461 2586 123 53 bet
532 2586 159 53 autem
638 2586 141 53 alia
726 2586 212 53 potentia
884 2586 176 53 animae
1008 2586 194 53 aliquod
1149 2586 264 53 particulare
1360 2586 176 53 bonum:
1484 2586 141 53 quod
1572 2586 141 53 sibi
1660 2586 159 53 bonum
1766 2586 141 53 est:
1854 2586 159 53 Sicut
1960 2586 159 53 visus
2048 2586 141 53 perfi-

446 2639 101 60 ci
497 2639 237 60 intentione
683 2639 203 60 coloris:
835 2639 254 60 intellectus
1038 2639 186 60 perfici
1173 2639 237 60 intentione
1359 2639 152 60 veri.
1461 2639 203 60 secundum
1613 2639 135 60 quod
1698 2639 152 60 dicit
1799 2639 186 60 Auicen.
1934 2639 118 60 ix.
1985 2639 203 60 Metaphysi.

457 2687 136 75 suae.
547 2687 120 75 Dico
623 2687 181 75 oportere
758 2687 90 75 vt
803 2687 196 75 scientias
954 2687 120 75 quod
1029 2687 136 75 omnis
1120 2687 151 75 virtus
1225 2687 196 75 naturalis
1376 2687 136 75 habet
1466 2687 256 75 delectationem
1677 2687 75 75 &
1707 2687 151 75 bonum,
1812 2687 120 75 quae
1888 2687 120 75 sunt
1963 2687 120 75 sibi
2038 2687 181 75 propria:

461 2743 88 58 &
497 2743 159 58 habet
603 2743 247 58 nocumentum
797 2743 88 58 &
832 2743 176 58 malum,
956 2743 141 58 quae
1044 2743 141 58 sunt
1132 2743 141 58 sibi
1220 2743 212 58 propria.
1379 2743 159 58 Verbi
1485 2743 194 58 gratia,
1626 2743 247 58 Delectatio
1820 2743 141 58 irae
1909 2743 124 58 est
1979 2743 229 58 victoria,
2138 2743 53 58 &

450 2796 235 68 delectatio
635 2796 285 68 aestimationis
870 2796 118 68 est
937 2796 201 68 fiducia,
1088 2796 84 68 &
1122 2796 235 68 delectatio
1306 2796 285 68 conseruatiuae
1541 2796 118 68 est
1608 2796 252 68 recordatio.
1810 2796 218 68 Appetitus
1978 2796 168 68 igitur
2078 2796 118 68 ratio

449 2852 165 58 nalis
559 2852 110 58 in
614 2852 184 58 homine
743 2852 147 58 siue
834 2852 220 58 voluntas
1000 2852 184 58 mouere
1128 2852 165 58 habet
1239 2852 165 58 omnes
1349 2852 165 58 alias
1459 2852 239 58 potentias
1643 2852 184 58 animae
1771 2852 110 58 ad
1827 2852 165 58 actus
1937 2852 147 58 suos
2029 2852 92 58 &
2065 2852 110 58 in
2102 2852 92 58 pro

457 2906 159 73 prios
563 2906 177 73 fines.
687 2906 159 73 Nihil
793 2906 159 73 autem
899 2906 159 73 mouet
1005 2906 106 73 ad
1058 2906 159 73 actus
1163 2906 247 73 inclinando
1358 2906 106 73 in
1411 2906 159 73 finem
1517 2906 141 73 nisi
1605 2906 194 73 appetat
1746 2906 177 73 finem.
1870 2906 194 73 appetit
2011 2906 141 73 ergo
2081 2906 124 73 volun

449 2961 138 63 tas
528 2961 118 63 in
587 2961 217 63 homine:
745 2961 158 63 immo
844 2961 158 63 homo
942 2961 138 63 per
1021 2961 276 63 voluntatem
1238 2961 178 63 fines
1357 2961 99 63 &
1396 2961 316 63 perfectiones
1653 2961 237 63 proprias
1830 2961 197 63 omnium
1949 2961 256 63 potentiarum

445 3007 211 65 aliarum
598 3007 192 65 animae
733 3007 345 65 comprehendendo
1020 3007 134 65 sub
1097 3007 154 65 actu
1193 3007 134 65 suo
1270 3007 173 65 actus
1385 3007 192 65 omnium
1519 3007 230 65 illarum:
1692 3007 96 65 &
1730 3007 134 65 sub
1807 3007 154 65 fine
1903 3007 134 65 suo
1980 3007 173 65 fines
2076 3007 115 65 omni

459 3068 112 54 um
515 3068 225 54 illarum:
684 3068 94 54 &
721 3068 131 54 est
796 3068 206 54 seipsam
946 3068 187 54 mouens
1077 3068 169 54 primo
1190 3068 225 54 appetens
1358 3068 150 54 sibi
1452 3068 169 54 bonum
1564 3068 300 54 simpliciter:
1808 3068 94 54 &
1845 3068 187 54 mouens
1976 3068 169 54 omnes
2070 3068 131 54 alias

452 3123 192 63 appetens
596 3123 112 63 non
660 3123 144 63 sibi:
756 3123 112 63 sed
820 3123 112 63 eis
884 3123 128 63 bona
965 3123 256 63 particularia
1173 3123 144 63 illis
1269 3123 192 63 propria.
1413 3123 112 63 sed
1477 3123 112 63 hoc
1541 3123 224 63 intentione
1717 3123 208 63 ordinandi
1878 3123 144 63 omnia
1974 3123 128 63 illa
2054 3123 128 63 bona
2134 3123 96 63 in

451 3166 165 68 bonum
561 3166 165 68 sibi.
671 3166 128 68 Cum
744 3166 147 68 ergo
836 3166 110 68 de
891 3166 183 68 numero
1019 3166 202 68 illarum
1166 3166 275 68 potentiarum
1385 3166 128 68 vna
1459 3166 128 68 sit
1532 3166 293 68 intellectus:
1770 3166 165 68 cuius
1880 3166 220 68 obiectum
2045 3166 92 68 &
2064 3166 128 68 finis

448 3229 129 87 est
521 3229 166 87 verum
632 3229 92 87 &
668 3229 184 87 scire:
797 3229 221 87 Dicendum
963 3229 147 87 quod
1055 3229 147 87 homo
1147 3229 129 87 per
1220 3229 258 87 voluntatem
1423 3229 202 87 appetit
1570 3229 184 87 scire:
1699 3229 129 87 sed
1772 3229 221 87 secundum
1919 3229 258 87 intellectum.
