2524 3772
284 306 86 108 â‹
318 306 103 108 Ad
370 306 172 108 primum
491 306 103 108 in
542 306 241 108 oppositum:
732 306 138 108 quod
818 306 138 108 homo
904 306 121 108 non
973 306 207 108 appetit,
1128 306 155 108 neque
1232 306 138 108 quod
1318 306 172 108 nouit,
1439 306 155 108 neque
1542 306 138 108 quod
1628 306 121 108 non
1697 306 172 108 nouit:
1818 306 207 108 Dicendum
1956 306 103 108 quod

287 380 176 84 duplex
410 380 123 84 est
481 380 246 84 appetitus,
674 380 246 84 Naturalis,
867 380 88 84 &
902 380 263 84 rationalis:
1113 380 140 84 quia
1201 380 211 84 voluntas
1359 380 88 84 &
1394 380 123 84 est
1464 380 176 84 natura
1587 380 88 84 &
1622 380 123 84 est
1692 380 176 84 ratio.
1815 380 140 84 Vnde
1903 380 193 84 aliquid

298 441 189 81 appetit
435 441 206 81 appetitu
590 441 223 81 naturali:
762 441 103 81 vt
813 441 120 81 est
882 441 189 81 natura:
1020 441 86 81 &
1054 441 138 81 tali
1140 441 189 81 appetit
1278 441 138 81 quod
1363 441 172 81 omnino
1484 441 120 81 non
1553 441 172 81 nouit:
1673 441 138 81 quia
1759 441 223 81 appetitus
1913 441 138 81 natura

294 491 114 84 lis
359 491 98 84 vt
408 491 114 84 est
473 491 82 84 a
506 491 163 84 natura
620 491 212 84 potentiae
784 491 212 84 volitiuae
947 491 147 84 nudae
1045 491 114 84 non
1111 491 196 84 procedit
1258 491 98 84 ex
1307 491 180 84 notitia
1437 491 163 84 aliqua
1552 491 98 84 in
1601 491 229 84 appetente:
1781 491 147 84 sicut
1879 491 114 84 est
1944 491 98 84 de
1977 491 65 84 ap

298 545 164 78 petitu
413 545 214 78 materiae:
577 545 115 78 quo
642 545 181 78 appetit
774 545 181 78 formam.
905 545 197 78 secundum
1053 545 246 78 Philosophum
1250 545 148 78 primo
1349 545 214 78 Physicae.
1513 545 115 78 vbi
1579 545 230 78 distinguit
1759 545 197 78 Comment.
1891 545 164 78 duplicen

290 606 262 74 appetitum.
496 606 150 74 Vnum
589 606 131 74 qui
664 606 131 74 est
739 606 150 74 sine
833 606 280 74 cognitione:
1057 606 93 74 &
1094 606 206 74 alterum
1244 606 131 74 qui
1319 606 131 74 est
1394 606 131 74 per
1468 606 299 74 cognitionem.
1711 606 131 74 Cum
1786 606 150 74 vero
1861 606 187 74 voluntas

296 653 190 82 appetit
434 653 190 82 aliquid
572 653 207 82 appetitu
727 653 242 82 rationali:
917 653 138 82 ille
1003 653 121 82 est
1072 653 121 82 qui
1141 653 207 82 procedit
1297 653 104 82 ex
1348 653 207 82 notitia.
1504 653 86 82 &
1538 653 104 82 de
1590 653 138 82 illo
1676 653 207 82 loquitur
1832 653 155 82 Augu.
1935 653 104 82 De
1970 653 86 82 quo

291 710 221 59 sciendum:
461 710 136 59 quod
546 710 119 59 cum
614 710 136 59 homo
699 710 187 59 appetit
835 710 153 59 scire
937 710 204 59 appetitu
1090 710 221 59 rationali
1260 710 119 59 qui
1328 710 119 59 fit
1396 710 119 59 per
1464 710 272 59 cognitionem:
1685 710 153 59 scire
1787 710 153 59 illud
1889 710 136 59 quod
1974 710 119 59 ap-

297 760 168 67 petit,
415 760 84 67 &
448 760 151 67 nouit
549 760 84 67 &
583 760 118 67 non
650 760 168 67 nouit:
767 760 168 67 aliter
885 760 151 67 tamen
985 760 84 67 &
1019 760 185 67 aliter:
1153 760 134 67 quia
1237 760 134 67 quod
1321 760 151 67 nouit
1422 760 235 67 imperfecte
1607 760 84 67 &
1640 760 101 67 in
1690 760 201 67 potentia
1842 760 84 67 &
1875 760 101 67 in
1909 760 134 67 vniuer

300 817 156 81 fali:
404 817 121 81 non
473 817 156 81 nouit
577 817 104 81 in
629 817 156 81 actum
733 817 87 81 &
767 817 208 81 perfecte
923 817 87 81 &
958 817 104 81 in
1010 817 277 81 particulari:
1235 817 87 81 &
1270 817 191 81 appetit
1408 817 156 81 scire
1512 817 225 81 inquantum
1685 817 121 81 non
1755 817 173 81 nouit:
1876 817 87 81 &
1910 817 121 81 non
1980 817 104 81 ap

297 869 154 76 petit
399 869 222 76 inquantum
570 869 171 76 nouit.
690 869 120 76 sed
758 869 120 76 per
827 869 154 76 illud
929 869 137 76 quod
1015 869 154 76 nouit
1117 869 222 76 excitatur
1288 869 103 76 ad
1339 869 239 76 appetendum
1527 869 137 76 quod
1613 869 120 76 non
1681 869 171 76 nouit:
1801 869 205 76 secundum
1937 869 103 76 quod

294 931 148 68 dicit
392 931 230 68 Augustinus
573 931 99 68 x.
622 931 99 68 de
672 931 164 68 Trini.
787 931 99 68 ad
836 931 148 68 modum
935 931 115 68 quo
1001 931 164 68 dictum
1116 931 115 68 est
1182 931 148 68 supra
1280 931 99 68 de
1329 931 247 68 addiscente:
1527 931 115 68 qui
1593 931 181 68 aliquid
1724 931 164 68 nouit:
1839 931 82 68 &
1872 931 115 68 per
1938 931 148 68 illud

298 973 198 84 mouetur
442 973 108 84 ad
496 973 270 84 acquirendum
712 973 144 84 quod
803 973 126 84 non
875 973 180 84 nouit.
1001 973 90 84 â‹
1037 973 108 84 Ad
1091 973 234 84 secundum:
1271 973 144 84 quod
1361 973 216 84 obiectum
1523 973 234 84 appetitus
1704 973 126 84 non
1776 973 126 84 est
1848 973 162 84 verum
1956 973 126 84 sed

289 1025 171 84 bonum:
409 1025 206 84 Dicendum
563 1025 137 84 quod
649 1025 154 84 verum
751 1025 137 84 est:
837 1025 188 84 quoniam
974 1025 120 84 non
1043 1025 137 84 nisi
1128 1025 154 84 bonum
1231 1025 120 84 est
1299 1025 206 84 obiectum
1454 1025 240 84 appetitus:
1642 1025 120 84 sed
1711 1025 120 84 hoc
1779 1025 120 84 vel
1848 1025 154 84 bonum
1933 1025 103 84 sima

296 1081 212 71 pliciter
455 1081 141 71 quod
544 1081 124 71 est
614 1081 159 71 bonum
720 1081 141 71 sibi
809 1081 247 71 immediate:
1003 1081 124 71 vel
1074 1081 159 71 bonum
1180 1081 159 71 huic,
1286 1081 141 71 quod
1374 1081 124 71 est
1445 1081 212 71 proprium
1604 1081 159 71 bonum
1710 1081 212 71 alicuius
1852 1081 194 71 potentiae

293 1140 127 66 sub
365 1140 163 66 ipso.
474 1140 145 66 Vnde
564 1140 217 66 obiectum
727 1140 235 66 appetitus
908 1140 127 66 non
980 1140 127 66 est
1052 1140 181 66 verum:
1179 1140 109 66 vt
1233 1140 163 66 verum
1342 1140 127 66 sub
1414 1140 199 66 ratione
1559 1140 163 66 veri:
1667 1140 127 66 sed
1740 1140 127 66 sub
1812 1140 199 66 ratione
1939 1140 109 66 boni

286 1190 223 69 potentiae
458 1190 258 69 inferioris:
664 1190 103 69 vt
716 1190 275 69 intellectus:
939 1190 86 69 &
973 1190 120 69 per
1042 1190 120 69 hoc
1111 1190 155 69 ipsum
1214 1190 189 69 appetit
1351 1190 103 69 vt
1403 1190 172 69 dictum
1523 1190 138 69 est,
1609 1190 155 69 sicut
1712 1190 223 69 econuerso
1867 1190 172 69 obiectum

291 1247 265 65 intellectus
503 1247 124 65 non
574 1247 124 65 est
644 1247 159 65 bonum
750 1247 265 65 voluntatis:
962 1247 106 65 vt
1015 1247 159 65 bonum
1121 1247 124 65 sub
1192 1247 194 65 ratione
1333 1247 159 65 boni:
1439 1247 124 65 sed
1509 1247 124 65 sub
1580 1247 194 65 ratione
1721 1247 124 65 qua
1792 1247 159 65 verum
1898 1247 141 65 est.
1968 1247 71 65 Et

289 1292 138 86 ideo
375 1292 155 86 istae
478 1292 138 86 duae
564 1292 224 86 potentiae
736 1292 224 86 voluntas,
909 1292 86 86 &
943 1292 275 86 intellectus,
1167 1292 103 86 ad
1219 1292 189 86 inuicem
1356 1292 138 86 sese
1442 1292 189 86 mouent:
1580 1292 138 86 immo
1666 1292 121 86 (vt
1735 1292 155 86 magis
1838 1292 189 86 proprie
1959 1292 86 86 lo-

283 1351 166 69 quar)
393 1351 166 69 ipsum
503 1351 221 69 volentem
669 1351 92 69 &
706 1351 331 69 intelligentem:
982 1351 147 69 quia
1074 1351 276 69 intellectus
1294 1351 276 69 concipiendo
1515 1351 166 69 finem
1625 1351 129 69 per
1699 1351 166 69 modum
1791 1351 239 69 intentionis

286 1399 122 74 sub
355 1399 192 74 ratione
495 1399 140 74 veri
583 1399 210 74 proponit
740 1399 157 74 ipsum
845 1399 245 74 voluntati:
1037 1399 140 74 quae
1124 1399 105 74 ab
1177 1399 140 74 ipso
1264 1399 140 74 fine
1351 1399 192 74 mouetur
1491 1399 122 74 sub
1561 1399 192 74 ratione
1701 1399 157 74 boni.
1806 1399 105 74 Et
1858 1399 122 74 sic
1911 1399 122 74 intel

295 1454 184 75 lectus
424 1454 166 75 mouet
534 1454 258 75 voluntatem
737 1454 276 75 metaphorice
958 1454 111 75 ad
1013 1454 166 75 modum
1124 1454 129 75 quo
1198 1454 166 75 finis
1308 1454 166 75 mouet
1419 1454 295 75 efficientem.
1658 1454 203 75 Econtra
1806 1454 221 75 voluntas
1953 1454 74 75 mo

288 1516 121 75 uet
357 1516 259 75 intellectum
564 1516 190 75 proprie
702 1516 86 75 &
736 1516 121 75 per
805 1516 155 75 modum
909 1516 190 75 agentis
1047 1516 86 75 &
1081 1516 259 75 impellentis
1288 1516 104 75 in
1340 1516 155 75 opus:
1444 1516 104 75 vt
1495 1516 173 75 dictum
1616 1516 138 75 est.
1702 1516 104 75 Et
1754 1516 138 75 ideo
1840 1516 155 75 istae
1927 1516 104 75 duae

287 1570 203 65 virtutes
439 1570 271 65 reflectuntur
659 1570 152 65 super
761 1570 101 65 se
811 1570 203 65 inuicem:
964 1570 85 65 &
997 1570 152 65 super
1099 1570 152 65 actus
1200 1570 152 65 suos.
1302 1570 254 65 Intellectus
1505 1570 135 65 enim
1589 1570 237 65 intelligit
1775 1570 101 65 se
1809 1570 220 65 intelligere

284 1616 89 79 &
320 1616 178 79 actum,
444 1616 89 79 &
480 1616 213 79 obiectum
640 1616 160 79 suum:
746 1616 231 79 similiter
924 1616 249 79 voluntatem
1120 1616 249 79 intelligit
1315 1616 160 79 velle
1422 1616 89 79 &
1457 1616 160 79 actum
1564 1616 89 79 &
1599 1616 213 79 obiectum
1759 1616 160 79 eius.
1866 1616 107 79 Et
1902 1616 124 79 econ-

284 1668 183 74 trario
412 1668 219 74 voluntas
576 1668 146 74 vult
667 1668 110 74 se
722 1668 91 74 &
759 1668 164 74 actum
868 1668 91 74 &
905 1668 219 74 obiectum
1069 1668 164 74 suum:
1179 1668 238 74 similiter
1362 1668 274 74 intellectum
1581 1668 146 74 vult
1673 1668 274 74 intelligere
1892 1668 91 74 &
1910 1668 128 74 actum

291 1725 88 81 &
327 1725 212 81 obiectum
485 1725 159 81 eius.
591 1725 88 81 &
626 1725 123 81 sic
697 1725 194 81 vtrique
838 1725 194 81 illorum
979 1725 123 81 est
1049 1725 212 81 obiectum
1208 1725 212 81 quicquid
1367 1725 123 81 est
1437 1725 212 81 obiectum
1578 1725 194 81 alterius.

620 1768 143 83 lrca
709 1768 214 83 secundum
870 1768 232 83 arguitur:
1049 1768 143 83 quod
1138 1768 125 83 non
1209 1768 161 83 omnes
1317 1768 196 83 homines
1460 1768 214 83 appetant
1620 1768 179 83 scire.
1745 1768 161 83 Primo
1852 1768 143 83 sic.
1924 1768 107 83 vnus

632 1847 191 54 quisque
771 1847 191 54 quaerit
910 1847 139 54 quod
997 1847 209 54 appetit:
1154 1847 122 54 sed
1223 1847 122 54 non
1293 1847 157 54 omnes
1397 1847 209 54 quaerunt
1554 1847 87 54 &
1589 1847 209 54 laborant
1746 1847 174 54 scire.
1867 1847 139 54 ergo
1937 1847 87 54 &c.

640 1900 79 54 â‹
672 1900 174 54 Secundo
798 1900 126 54 sic:
877 1900 158 54 nullus
987 1900 174 54 appetit
1114 1900 126 54 quod
1193 1900 158 54 habere
1303 1900 174 54 renuit:
1429 1900 142 54 scire
1524 1900 142 54 multi
1619 1900 189 54 renuunt:
1761 1900 95 54 vt
1808 1900 126 54 illi
1887 1900 110 54 qui
1950 1900 110 54 di-

637 1950 144 70 cunt
727 1950 144 70 deo.
817 1950 144 70 lob.
907 1950 144 70 xxi.
997 1950 180 70 Recede
1123 1950 90 70 a
1159 1950 180 70 nobis,
1285 1950 234 70 scientiam
1466 1950 180 70 viarum
1592 1950 180 70 tuarum
1718 1950 216 70 nolumus.
1880 1950 90 70 &
1898 1950 126 70 Osee.

632 2000 138 62 iiii.
724 2000 92 62 Tu
769 2000 153 62 quoque
877 2000 199 62 scientiam
1030 2000 214 62 repulisti.
1198 2000 122 62 ergo
1275 2000 107 62 &c.
1336 2000 77 62 â‹
1367 2000 153 62 Tertio
1474 2000 122 62 sic:
1550 2000 153 62 nullus
1658 2000 168 62 appetit
1780 2000 122 62 quod
1857 2000 138 62 odit:
1948 2000 107 62 sed

631 2053 155 62 scire
734 2053 155 62 multi
838 2053 190 62 odiunt.
976 2053 207 62 Prouerb.
1132 2053 104 62 i.
1184 2053 259 62 Imprudentes
1391 2053 190 62 odibunt
1529 2053 242 62 scientiam.
1719 2053 138 62 ergo
1805 2053 121 62 &c.
1875 2053 86 62 â‹
1892 2053 138 62 Contra

272 2116 117 76 est:
345 2116 117 76 quia
418 2116 175 76 secundum
550 2116 204 76 Augustinus
710 2116 131 76 omnes
798 2116 175 76 appetunt
929 2116 117 76 esse
1002 2116 146 76 beati.
1105 2116 190 76 Beatitudo
1251 2116 131 76 autem
1338 2116 102 76 vel
1397 2116 102 76 est
1455 2116 175 76 scientia
1586 2116 73 76 &
1616 2116 161 76 notitia
1732 2116 161 76 quaedam
1849 2116 175 76 secundum
1966 2116 73 76 Phi

284 2166 196 58 losophum.
435 2166 91 58 x.
480 2166 151 58 Ethii.
586 2166 106 58 vel
646 2166 106 58 non
707 2166 106 58 est
767 2166 121 58 sine
843 2166 196 58 scientia.
994 2166 181 58 secundum
1130 2166 211 58 Augustinus
1296 2166 91 58 i.
1341 2166 91 58 de
1386 2166 136 58 Acad.
1477 2166 121 58 ergo
1537 2166 76 58 &c.

277 2210 98 88 â‹
317 2210 234 88 Dicendum
492 2210 117 88 ad
551 2210 156 88 hoc:
648 2210 156 88 quod
746 2210 176 88 sicut
863 2210 234 88 quaestio
1038 2210 273 88 praecedens
1253 2210 117 88 de
1311 2210 234 88 appetitu
1487 2210 215 88 hominis
1643 2210 117 88 vt
1701 2210 176 88 homo,
1818 2210 137 88 est
1877 2210 156 88 simpli

287 2284 127 57 citer
372 2284 226 57 intelligenda
556 2284 85 57 de
598 2284 170 57 appetitu
726 2284 156 57 hominis
839 2284 156 57 ratione
952 2284 170 57 speciei:
1080 2284 99 57 ita
1136 2284 170 57 quaestio
1264 2284 113 57 ista
1334 2284 113 57 quia
1405 2284 99 57 est
1462 2284 85 57 de
1504 2284 127 57 omnis
1589 2284 156 57 hominis
1702 2284 184 57 appetitu:
1830 2284 198 57 intelligenda

282 2336 109 58 est
345 2336 264 58 principaliter
562 2336 93 58 de
608 2336 186 58 appetitu
748 2336 171 58 hominis
872 2336 171 58 ratione
997 2336 217 58 indiuidui.
1167 2336 93 58 Et
1214 2336 171 58 differt
1338 2336 155 58 multum
1447 2336 93 58 de
1493 2336 186 58 appetitu
1633 2336 171 58 hominis
1757 2336 93 58 vt
1804 2336 124 58 homo
1881 2336 124 58 est,
1943 2336 78 58 qui

274 2385 185 63 sequitur
412 2385 185 63 speciem:
551 2385 77 63 &
582 2385 92 63 de
628 2385 185 63 appetitu
766 2385 169 63 hominis
890 2385 92 63 vt
936 2385 123 63 iste
1013 2385 123 63 homo
1090 2385 123 63 est:
1167 2385 108 63 qui
1228 2385 169 63 sequtur
1351 2385 231 63 hypostasim.
1536 2385 92 63 Et
1582 2385 108 63 non
1644 2385 139 63 solum
1736 2385 108 63 hoc
1798 2385 154 63 restat
1906 2385 92 63 in
1952 2385 108 63 ap-

275 2451 161 64 petitu:
392 2451 102 64 sed
451 2451 132 64 etiam
538 2451 88 64 in
582 2451 132 64 aliis
670 2451 205 64 actionibus
831 2451 73 64 &
860 2451 219 64 passionibus
1035 2451 161 64 animae:
1152 2451 175 64 secundum
1284 2451 117 64 quod
1357 2451 132 64 dicit
1444 2451 205 64 Damascenus
1605 2451 88 64 in
1649 2451 117 64 lii.
1722 2451 88 64 de
1766 2451 146 64 duabus
1868 2451 117 64 nat.
1941 2451 73 64 &
1956 2451 73 64 vna

273 2501 165 69 persona
393 2501 226 69 Christianua
574 2501 196 69 Naturalis
724 2501 211 69 proprietas
890 2501 105 69 est
950 2501 120 69 quae
1025 2501 165 69 naturam
1145 2501 226 69 constituit:
1326 2501 75 69 &
1356 2501 165 69 diuidit
1476 2501 165 69 speciem
1597 2501 75 69 a
1627 2501 165 69 specie:
1747 2501 226 69 hypostatica
1913 2501 105 69 autem

279 2553 207 66 proprietas
442 2553 104 66 est
501 2553 118 66 quae
575 2553 163 66 diuidit
693 2553 207 66 hypostasim
856 2553 89 66 ab
900 2553 207 66 hypostasi:
1063 2553 74 66 &
1092 2553 222 66 simpliciter
1270 2553 148 66 dicere
1373 2553 207 66 quaecumque
1536 2553 133 66 omnes
1625 2553 163 66 homines
1743 2553 148 66 habent
1847 2553 74 66 a
1861 2553 163 66 conditore

283 2610 121 61 data
359 2610 197 61 naturales
510 2610 121 61 sunt
586 2610 258 61 proprietates:
799 2610 197 61 differens
950 2610 137 61 autem
1041 2610 121 61 vsus
1117 2610 243 61 hypostaticus
1314 2610 121 61 est:
1390 2610 182 61 voluntas
1527 2610 76 61 &
1557 2610 137 61 velle
1648 2610 182 61 naturale
1784 2610 121 61 est:
1845 2610 167 61 differens

277 2660 127 65 autem
362 2660 183 65 voluntas,
503 2660 71 65 &
531 2660 183 65 differens
672 2660 127 65 velle
757 2660 240 65 hypostaticum.
954 2660 99 65 Dis
1011 2660 113 65 homo
1081 2660 127 65 habet
1166 2660 127 65 posse
1251 2660 141 65 velle:
1350 2660 71 65 &
1378 2660 127 65 omnis
1462 2660 113 65 homo
1533 2660 127 65 vult:
1618 2660 99 65 sed
1674 2660 99 65 non
1731 2660 127 65 omnis
1815 2660 113 65 homo
1872 2660 155 65 similiter

273 2714 131 61 vult,
361 2714 146 61 quaere
463 2714 218 61 simpliciter
637 2714 131 61 velle
725 2714 102 61 est
783 2714 189 61 naturale:
928 2714 102 61 hoc
987 2714 160 61 aliquid
1103 2714 73 61 &
1132 2714 160 61 taliter
1249 2714 131 61 velle
1336 2714 247 61 hypostaticum.
1540 2714 146 61 Multum
1642 2714 116 61 ergo
1714 2714 146 61 distat
1816 2714 116 61 ista
1874 2714 146 61 quaestio

278 2761 66 69 a
304 2761 212 69 praecedenti.
477 2761 226 69 Intelligendum
662 2761 106 69 ergo
729 2761 93 69 cum
782 2761 172 69 appetitus
915 2761 93 69 non
968 2761 93 69 sit
1021 2761 106 69 nisi
1087 2761 119 69 boni:
1167 2761 106 69 quod
1233 2761 119 69 sicut
1313 2761 146 69 species
1419 2761 93 69 est
1472 2761 186 69 vniversale
1618 2761 119 69 quid,
1697 2761 66 69 &
1724 2761 199 69 simpliciter
1883 2761 93 69 ens
1923 2761 106 69 respe-

277 2829 107 55 ctu
338 2829 214 55 indiuidui:
506 2829 123 55 quod
583 2829 107 55 est
644 2829 107 55 hic
706 2829 77 55 &
736 2829 138 55 nunc:
828 2829 107 55 ita
889 2829 199 55 appetitus
1043 2829 169 55 speciei
1165 2829 199 55 inquantum
1318 2829 199 55 huiusmodi
1472 2829 107 55 est
1533 2829 199 55 appetitus
1686 2829 123 55 boni
1763 2829 92 55 vt
1809 2829 107 55 est
1870 2829 138 55 bonum
1946 2829 77 55 spe

270 2870 140 57 ciei.
364 2870 202 57 Appetitus
519 2870 124 57 vero
596 2870 202 57 indiuidui
752 2870 202 57 inquantum
907 2870 202 57 huiusmodi
1062 2870 109 57 est
1124 2870 140 57 bonum
1217 2870 202 57 indiuidui
1372 2870 109 57 hic
1434 2870 78 57 &
1465 2870 140 57 nunc.
1558 2870 140 57 Bonum
1652 2870 140 57 autem
1745 2870 171 57 speciei
1869 2870 109 57 est
1915 2870 109 57 bonum

270 2925 227 59 simpliciter:
454 2925 113 59 quia
525 2925 99 59 est
582 2925 128 59 bonum
667 2925 170 59 naturae:
794 2925 113 59 quam
865 2925 170 59 continet
993 2925 170 59 species:
1121 2925 71 59 &
1149 2925 142 59 natura
1248 2925 142 59 semper
1348 2925 156 59 appetit
1461 2925 113 59 quod
1532 2925 128 59 bonum
1617 2925 99 59 est
1674 2925 227 59 simpliciter.
1858 2925 128 59 Bonum
1929 2925 85 59 vero

266 2980 189 69 indiuidui
412 2980 102 69 est
470 2980 131 69 bonum
558 2980 117 69 quod
631 2980 160 69 videtur
747 2980 117 69 huic
820 2980 117 69 siue
893 2980 233 69 simpliciter,
1082 2980 117 69 siue
1155 2980 233 69 delectabile,
1344 2980 117 69 siue
1417 2980 146 69 vtile,
1519 2980 117 69 quod
1592 2980 102 69 est
1650 2980 102 69 hic
1708 2980 73 69 &
1737 2980 131 69 nunc:
1825 2980 117 69 quia
1897 2980 102 69 non
1941 2980 73 69 est

264 3032 131 67 bonum
352 3032 160 67 naturae
468 3032 116 67 nisi
541 3032 87 67 vt
584 3032 87 67 in
628 3032 116 67 hoc:
701 3032 73 67 &
730 3032 116 67 quod
802 3032 102 67 hoc
861 3032 102 67 est
919 3032 160 67 appetit
1035 3032 116 67 quod
1108 3032 116 67 sibi
1180 3032 131 67 bonum
1268 3032 116 67 est.
1340 3032 116 67 quia
1413 3032 131 67 tamen
1500 3032 131 67 ratio
1587 3032 160 67 speciei
1704 3032 204 67 continetur
1864 3032 87 67 in
1893 3032 116 67 indiui

264 3090 118 68 duo:
338 3090 133 68 bonum
427 3090 163 68 speciei
545 3090 104 68 est
604 3090 133 68 bonum
693 3090 222 68 simpliciter
871 3090 207 68 indiuidui:
1033 3090 133 68 licet
1122 3090 192 68 quandoque
1270 3090 163 68 ratione
1388 3090 192 68 indiuidui
1536 3090 177 68 respicit
1669 3090 192 68 specialem
1817 3090 177 68 rationem
1935 3090 89 68 boni

270 3141 109 59 sibi
338 3141 231 59 convenientem.
528 3141 95 59 Cum
583 3141 109 59 ergo
651 3141 177 59 quaeritur
786 3141 81 59 an
827 3141 122 59 omnis
909 3141 109 59 homo
976 3141 149 59 appetat
1085 3141 136 59 scire:
1180 3141 163 59 Dicendum
1302 3141 109 59 quod
1370 3141 122 59 omnis
1452 3141 109 59 homo
1520 3141 149 59 ratione
1628 3141 95 59 qua
1683 3141 109 59 homo
1750 3141 109 59 est,
1818 3141 68 59 &
1845 3141 163 59 continet
1968 3141 81 59 in

268 3194 85 57 se
310 3194 155 57 naturam
423 3194 170 57 speciei,
550 3194 155 57 appetit
664 3194 141 57 scire.
762 3194 127 57 sicut
847 3194 71 57 &
875 3194 113 57 homo
946 3194 212 57 simpliciter
1116 3194 155 57 appetit
1229 3194 141 57 scire:
1328 3194 85 57 vt
1370 3194 141 57 dictum
1469 3194 113 57 est:
1540 3194 113 57 quia
1610 3194 85 57 in
1653 3194 127 57 scire
1737 3194 184 57 consistit
1865 3194 155 57 perfectio

256 3244 159 68 speciei
371 3244 173 68 secundum
501 3244 231 68 intellectum:
689 3244 72 68 &
718 3244 202 68 vnusqusque
877 3244 173 68 appetitu
1007 3244 116 68 quid
1079 3244 173 68 conpetit
1210 3244 87 68 ei
1253 3244 159 68 ratione
1369 3244 159 68 speciei
1484 3244 231 68 perfectionem
1672 3244 159 68 speciei
1788 3244 87 68 in
1831 3244 87 68 se
1874 3244 173 68 appetit:

241 3304 123 85 sic
312 3304 105 85 ut
364 3304 88 85 &
399 3304 140 85 ipsa
487 3304 193 85 species
627 3304 140 85 sibi
715 3304 140 85 suam
802 3304 280 85 perfectionem
1030 3304 228 85 appeteret
1206 3304 105 85 si
1258 3304 158 85 esset
1363 3304 210 85 separata
1521 3304 105 85 ab
1574 3304 263 85 indiuiduis.
1784 3304 193 85 Ratione
1907 3304 105 85 vero
