2415 3773
434 306 122 90 nem
503 306 245 90 deueniendi
696 306 105 90 ad
748 306 227 90 scientiae
923 306 297 90 perfectionem:
1168 306 122 90 per
1238 306 140 90 quam
1325 306 245 90 retrahitur
1517 306 87 90 &
1552 306 280 90 refrigeratur
1779 306 245 90 appetitus.
1972 306 105 90 In
2007 306 192 90 quibusdam

442 379 141 62 vero
531 379 159 62 circa
637 379 248 62 temporalia
831 379 248 62 occupatio:
1026 379 88 62 &
1061 379 177 62 plures
1185 379 159 62 aliae
1291 379 248 62 infinitae.
1486 379 212 62 Loquendo
1645 379 141 62 vero
1733 379 106 62 de
1786 379 212 62 appetitu
1945 379 195 62 sciendi
2069 379 124 62 natu-

436 437 153 64 rali:
538 437 204 64 Dicendum
691 437 204 64 secundum
843 437 339 64 praedeterminata:
1132 437 136 64 quod
1217 437 187 64 aliquid
1352 437 187 64 dicitur
1488 437 204 64 naturale
1641 437 170 64 alicui
1760 437 187 64 ratione
1896 437 170 64 formae
2014 437 85 64 &
2031 437 170 64 speciei,

443 490 116 60 vel
510 490 183 60 ratione
643 490 199 60 materiae
792 490 83 60 &
825 490 232 60 indiuidui.
1008 490 183 60 Quantum
1141 490 116 60 est
1207 490 100 60 ex
1257 490 149 60 parte
1356 490 166 60 formae
1473 490 83 60 &
1506 490 199 60 speciei:
1655 490 116 60 cum
1722 490 133 60 ipsa
1805 490 116 60 sit
1871 490 249 60 vniformiter
2070 490 100 60 in
2103 490 100 60 omni

434 540 118 73 bus
502 540 254 73 indiuiduis:
705 540 152 73 omnes
806 540 186 73 homines
942 540 237 73 aequaliter
1128 540 152 73 scire
1229 540 254 73 desiderant:
1432 540 203 73 secundum
1585 540 135 73 quod
1669 540 169 73 dictum
1788 540 118 73 est
1856 540 169 73 supra:
1974 540 135 73 quod
2059 540 169 73 ratio-

443 602 107 67 ne
497 602 197 67 speciei
640 602 161 67 omnes
747 602 143 67 apti
837 602 143 67 sunt
926 602 107 67 ad
980 602 233 67 sciendum.
1159 602 197 67 Quantum
1302 602 143 67 vero
1392 602 125 67 est
1463 602 107 67 ex
1517 602 161 67 parte
1624 602 233 67 indiuidui
1803 602 89 67 &
1839 602 233 67 materiae:
2018 602 215 67 secundum

437 651 124 67 quod
514 651 124 67 alii
591 651 124 67 sunt
668 651 139 67 minus
761 651 124 67 apti
838 651 93 67 ad
884 651 201 67 sciendum,
1039 651 124 67 alii
1116 651 201 67 aptiores:
1270 651 93 67 vt
1317 651 154 67 dictum
1425 651 108 67 est
1487 651 154 67 supra:
1595 651 185 67 secundum
1734 651 108 67 hoc
1795 651 154 67 quidam
1904 651 185 67 appetunt
2043 651 124 67 plus
2104 651 93 67 sci-

433 705 126 70 re,
505 705 179 70 quidam
630 705 179 70 minus:
756 705 90 70 &
792 705 179 70 quidam
918 705 144 70 plus
1007 705 144 70 vnam
1097 705 251 70 scientiam,
1295 705 179 70 quidam
1420 705 144 70 plus
1510 705 179 70 aliam.
1636 705 90 70 â‹
1671 705 108 70 Ad
1725 705 179 70 primum
1851 705 108 70 in
1905 705 251 70 oppositum:
2084 705 108 70 quod

446 758 256 65 principium
647 758 237 65 appetendi
829 758 201 65 omnibus
975 758 256 65 aequaliter
1176 758 183 65 inest:
1304 758 219 65 Dicendum
1468 758 146 65 quod
1560 758 128 65 non
1633 758 128 65 est
1706 758 164 65 verum
1815 758 110 65 in
1870 758 219 65 appetitu
2016 758 183 65 rationa-

437 813 123 62 li:
508 813 141 62 quia
596 813 123 62 non
667 813 159 62 omnes
772 813 247 62 aequaliter
966 813 194 62 notitia
1108 813 194 62 mouente
1249 813 247 62 appetitum,
1443 813 141 62 sunt
1531 813 247 62 informati:
1725 813 159 62 neque
1831 813 159 62 etiam
1936 813 106 62 in
1989 813 212 62 appetitu
2130 813 71 62 na

440 868 200 61 turali:
585 868 200 61 quantum
731 868 127 61 est
803 868 109 61 ex
858 868 164 61 parte
967 868 218 61 materiae
1131 868 91 61 &
1167 868 254 61 indiuidui:
1367 868 145 61 quia
1458 868 182 61 quidam
1585 868 145 61 sunt
1676 868 164 61 minus
1785 868 236 61 dispositi
1967 868 109 61 ad
2003 868 200 61 scientiam

439 919 132 66 quam
522 919 149 66 alii.
621 919 182 66 propter
753 919 132 66 quod
836 919 99 66 in
885 919 215 66 quibusdam
1050 919 215 66 appetitus
1215 919 132 66 plus
1298 919 182 66 appetit
1430 919 132 66 quam
1513 919 99 66 in
1562 919 165 66 aliis:
1678 919 215 66 inquantum
1843 919 149 66 anima
1942 919 198 66 sequitur
2074 919 132 66 dispo-

442 976 193 68 sitiones
587 976 209 68 corporis.
747 976 80 68 &
779 976 145 68 scire
876 976 113 68 non
940 976 113 68 est
1005 976 129 68 nisi
1085 976 225 68 coniuncti:
1262 976 96 68 vt
1310 976 161 68 dictum
1422 976 113 68 est
1487 976 161 68 supra.
1599 976 177 68 Quantum
1728 976 129 68 vero
1808 976 113 68 est
1873 976 96 68 ex
1921 976 145 68 parte
2017 976 161 68 animae
2114 976 80 68 si-

436 1029 106 68 ue
489 1029 194 68 formae:
630 1029 141 68 nisi
718 1029 158 68 esset
824 1029 194 68 corpore
965 1029 229 68 impedita,
1141 1029 158 68 omnes
1246 1029 246 68 aequaliter
1440 1029 158 68 scire
1546 1029 264 68 appeterent:
1757 1029 211 68 secundum
1915 1029 141 68 quod
1986 1029 211 68 aequaliter

432 1087 135 61 apti
517 1087 169 61 essent
635 1087 102 61 ad
686 1087 237 61 scientiam:
872 1087 102 61 vt
923 1087 169 61 dictum
1041 1087 118 61 est
1109 1087 169 61 supra.
1227 1087 135 61 Nisi
1312 1087 152 61 velit
1414 1087 186 61 aliquis
1549 1087 169 61 dicere
1667 1087 135 61 quod
1752 1087 152 61 anima
1854 1087 203 61 meliorum
1989 1087 203 61 naturalium

433 1139 124 66 vni
504 1139 195 66 corpori
646 1139 248 66 infunditur
841 1139 142 66 quam
930 1139 195 66 alteri:
1072 1139 106 66 de
1125 1139 124 66 quo
1196 1139 106 66 ad
1249 1139 213 66 praesens
1409 1139 124 66 non
1480 1139 160 66 debet
1586 1139 142 66 esse
1675 1139 177 66 sermo.
1799 1139 89 66 â‹
1835 1139 106 66 Ad
1888 1139 231 66 secundum:
2065 1139 142 66 quod
2136 1139 71 66 im

438 1201 232 61 perfectio
616 1201 125 61 est
688 1201 160 61 causa
795 1201 250 61 appetitus:
991 1201 214 61 Dicendum
1151 1201 143 61 quod
1240 1201 267 61 imperfectio
1454 1201 232 61 inquantum
1633 1201 160 61 dicit
1740 1201 232 61 carentiam
1918 1201 125 61 est
1989 1201 160 61 causa
2078 1201 125 61 appe-

434 1243 157 71 titus
538 1243 122 71 per
608 1243 226 71 accidens.
782 1243 157 71 Sicut
886 1243 209 71 priuatio
1043 1243 174 71 formae
1165 1243 104 71 in
1217 1243 192 71 materia
1357 1243 122 71 per
1426 1243 209 71 accidens
1583 1243 122 71 est
1653 1243 157 71 causa
1757 1243 296 71 generationis.
2001 1243 122 71 Sed
2071 1243 104 71 in
2123 1243 122 71 ap-

443 1299 183 70 petitu
571 1299 293 70 cognoscitiuo
809 1299 110 70 id
864 1299 147 70 quod
956 1299 220 70 cognitum
1121 1299 128 70 est
1194 1299 275 70 incomplete:
1414 1299 128 70 per
1487 1299 110 70 se
1542 1299 128 70 est
1616 1299 165 70 causa
1726 1299 257 70 appetitus.
1927 1299 128 70 Cum
2000 1299 183 70 igitur
2110 1299 92 70 il-

440 1356 121 66 lud
509 1356 121 66 non
578 1356 121 66 sit
647 1356 242 66 aequaliter
838 1356 104 66 in
890 1356 208 66 omnibus:
1046 1356 121 66 nec
1115 1356 225 66 appetitus
1288 1356 260 66 cognitiuus:
1496 1356 104 66 vt
1548 1356 173 66 dictum
1669 1356 139 66 est,
1756 1356 242 66 aequaliter
1946 1356 173 66 inest.
2067 1356 121 66 Sic
2137 1356 104 66 in

432 1405 206 64 appetitu
587 1405 206 64 naturali
741 1405 138 64 ipsa
827 1405 206 64 carentia
982 1405 206 64 notitiae
1137 1405 155 64 pura,
1240 1405 120 64 non
1309 1405 120 64 est
1378 1405 155 64 causa
1481 1405 224 64 appetitus
1653 1405 138 64 nisi
1739 1405 120 64 per
1807 1405 224 64 accidens.
1979 1405 120 64 Sed
2031 1405 172 64 inclina-

434 1460 119 63 tio
502 1460 102 63 ad
553 1460 222 63 scientiam
724 1460 119 63 per
792 1460 239 63 principium
980 1460 171 63 intra,
1100 1460 119 63 est
1168 1460 154 63 causa
1270 1460 119 63 per
1339 1460 102 63 se
1390 1460 239 63 appetitus:
1577 1460 137 63 quae
1663 1460 102 63 in
1714 1460 188 63 omnibus
1851 1460 205 63 aequalis
2004 1460 119 63 est
2072 1460 102 63 ex
2107 1460 102 63 par-

436 1513 109 67 te
490 1513 201 67 formae:
636 1513 128 67 sed
709 1513 109 67 in
764 1513 237 67 quibusdam
946 1513 219 67 impedita
1110 1513 128 67 est
1183 1513 146 67 plus
1274 1513 109 67 ex
1329 1513 164 67 parte
1438 1513 237 67 materiae:
1621 1513 109 67 in
1675 1513 237 67 quibusdam
1858 1513 146 67 vero
1949 1513 182 67 minus:
2076 1513 109 67 vt
2113 1513 91 67 di-

434 1573 137 72 ctum
520 1573 137 72 est:
605 1573 86 72 &
640 1573 137 72 ideo
725 1573 206 72 appetitu
880 1573 223 72 naturali,
1051 1573 189 72 quantum
1188 1573 120 72 est
1257 1573 103 72 ex
1308 1573 154 72 parte
1411 1573 189 72 formae,
1548 1573 154 72 omnes
1651 1573 240 72 aequaliter
1840 1573 154 72 scire
1943 1573 223 72 appetunt:
2114 1573 120 72 non

435 1623 164 61 autem
544 1623 110 61 ex
599 1623 164 61 parte
709 1623 237 61 materiae:
891 1623 110 61 vt
946 1623 183 61 dictum
1055 1623 110 61 est.

782 1674 159 72 Irca.
889 1674 106 72 v.
942 1674 230 72 arguitur:
1119 1674 142 72 quod
1207 1674 142 72 homo
1296 1674 124 72 non
1367 1674 195 72 appetat
1509 1674 159 72 scire
1615 1674 106 72 ea
1668 1674 142 72 quae
1756 1674 213 72 notitiam
1916 1674 230 72 naturalis
2075 1674 142 72 ratio-

786 1735 130 67 nis
861 1735 241 67 excedunt.
1046 1735 167 67 Primo
1157 1735 148 67 sic.
1250 1735 241 67 appetitus
1435 1735 241 67 naturalis
1620 1735 130 67 non
1695 1735 204 67 excedit
1843 1735 241 67 potentiam
2010 1735 185 67 naturae:

778 1788 145 58 quia
869 1788 182 58 oritur
996 1788 109 58 ex
1050 1788 164 58 ipsa:
1159 1788 91 58 &
1196 1788 218 58 effectus
1359 1788 127 58 non
1432 1788 273 58 transcendit
1650 1788 200 58 causam,
1795 1788 164 58 quare
1904 1788 127 58 cum
1977 1788 218 58 potentia
2122 1788 91 58 na-

786 1843 157 65 turae
890 1843 122 65 non
960 1843 174 65 potest
1082 1843 226 65 attingere
1256 1843 139 65 illa
1343 1843 139 65 quae
1430 1843 122 65 eam
1500 1843 226 65 excedunt:
1674 1843 157 65 neque
1778 1843 139 65 eius
1865 1843 226 65 appetitus
2039 1843 104 65 vt
2092 1843 104 65 ea
2126 1843 70 65 ap

788 1893 165 69 petat.
904 1893 83 69 â‹
937 1893 182 69 Secundo
1069 1893 132 69 sic:
1152 1893 182 69 frustra
1284 1893 116 69 res
1350 1893 149 69 habet
1449 1893 231 69 desiderium
1631 1893 99 69 ad
1680 1893 132 69 quod
1763 1893 116 69 non
1829 1893 165 69 potest
1945 1893 231 69 attingere:
2126 1893 116 69 sed

769 1956 163 61 ratio
878 1956 236 61 naturalis
1059 1956 127 61 non
1131 1956 181 61 potest
1258 1956 236 61 attingere
1440 1956 109 61 vt
1494 1956 236 61 cognoscat
1675 1956 145 61 quae
1766 1956 127 61 eam
1838 1956 236 61 excedunt.
2020 1956 145 61 ergo
2092 1956 109 61 fru-

442 2001 146 64 stra
533 2001 200 64 haberet
678 2001 109 64 ad
733 2001 218 64 sciendum
897 2001 146 64 illa
988 2001 273 64 defiderium.
1206 2001 127 64 sed
1279 2001 182 64 nullum
1406 2001 255 64 defiderium
1606 2001 218 64 naturale
1770 2001 127 64 est
1843 2001 218 64 frustra.
2006 2001 146 64 ergo
2079 2001 91 64 &c.

432 2050 81 72 â‹
464 2050 162 72 Tertio
578 2050 97 72 ex
626 2050 146 72 eodem
724 2050 146 72 medio
821 2050 211 72 contrario
983 2050 146 72 modo,
1081 2050 211 72 argumento
1243 2050 146 72 Auer.
1340 2050 146 72 super
1438 2050 243 72 principium.
1632 2050 114 72 ii.
1697 2050 178 72 Metaph.
1827 2050 130 72 sic.
1908 2050 243 72 Compehensio
2086 2050 114 72 veri-

435 2109 142 72 tatis
530 2109 126 72 eius
609 2109 110 72 non
672 2109 110 72 est
735 2109 268 72 impossibilis:
955 2109 142 72 cuius
1050 2109 173 72 habemus
1176 2109 221 72 desiderium
1349 2109 189 72 naturale
1491 2109 189 72 sciendi:
1633 2109 173 72 quoniam
1759 2109 95 72 si
1806 2109 142 72 esset
1901 2109 268 72 impossibilis:
2105 2109 95 72 tuno

442 2165 245 59 desiderium
634 2165 157 59 esset
739 2165 210 59 ociosum:
896 2165 87 59 &
931 2165 227 59 concessum
1105 2165 140 59 est,
1193 2165 140 59 quod
1280 2165 157 59 nulla
1385 2165 122 59 res
1455 2165 122 59 est
1525 2165 175 59 ociosa
1647 2165 105 59 in
1699 2165 245 59 fundamento
1892 2165 210 59 naturae,
2049 2165 87 59 &
2066 2165 140 59 creatu

442 2219 138 60 rae:
528 2219 121 60 sed
597 2219 277 60 comprehensio
822 2219 225 60 veritatis
996 2219 87 60 a
1030 2219 190 60 ratione
1169 2219 208 60 naturali
1324 2219 156 60 eorum
1428 2219 121 60 est
1497 2219 277 60 impossibilis
1722 2219 138 60 quae
1809 2219 208 60 excedunt
1965 2219 138 60 eam.
2051 2219 138 60 ergo
2138 2219 104 60 ad

448 2271 213 57 sciendum
608 2271 142 57 illa
697 2271 124 57 non
768 2271 124 57 est
839 2271 106 57 ei
892 2271 248 57 desiderium
1087 2271 231 57 naturale.
1265 2271 89 57 â‹
1300 2271 177 57 Quarto
1424 2271 142 57 sic:
1513 2271 106 57 si
1566 2271 142 57 homo
1655 2271 106 57 ex
1708 2271 160 57 puris
1815 2271 266 57 naturalibus
2010 2271 195 57 appeteret

448 2328 131 65 illa
529 2328 164 65 scire,
644 2328 114 65 cum
709 2328 147 65 vanus
807 2328 147 65 esset
906 2328 213 65 appetitus
1069 2328 131 65 nisi
1151 2328 164 65 posset
1265 2328 131 65 illa
1347 2328 164 65 scire:
1462 2328 114 65 nec
1527 2328 213 65 appeteret
1691 2328 131 65 illa
1772 2328 147 65 scire
1871 2328 131 65 nisi
1952 2328 262 65 cognosceret:
2149 2328 65 65 se

439 2388 152 63 posse
540 2388 135 63 illa
625 2388 169 63 scire.
743 2388 135 63 ergo
827 2388 219 63 oporteret
996 2388 101 63 ex
1046 2388 152 63 puris
1147 2388 253 63 naturalibus
1350 2388 101 63 se
1400 2388 186 63 credere
1535 2388 135 63 quod
1620 2388 169 63 posset
1738 2388 135 63 illa
1822 2388 169 63 scire.
1940 2388 118 63 sed
2008 2388 118 63 hoc
2075 2388 118 63 non
2126 2388 84 63 est

449 2438 138 62 nisi
535 2438 103 62 ex
587 2438 155 62 fide.
690 2438 138 62 ergo
776 2438 103 62 ex
828 2438 155 62 puris
931 2438 258 62 naturalibus
1137 2438 172 62 posset
1258 2438 172 62 haberi
1379 2438 172 62 fides.
1499 2438 241 62 consequens
1688 2438 121 62 est
1757 2438 189 62 falsum.
1895 2438 138 62 ergo
1981 2438 121 62 &c.
2050 2438 86 62 â‹
2084 2438 103 62 Ad
2119 2438 86 62 op-

451 2498 192 65 positum
590 2498 210 65 arguitur
748 2498 157 65 primo
853 2498 140 65 sic.
940 2498 140 65 quod
1028 2498 262 65 naturaliter
1238 2498 122 65 est
1308 2498 105 65 in
1360 2498 210 65 potentia
1518 2498 105 65 ad
1570 2498 192 65 aliqua,
1710 2498 262 65 naturaliter
1920 2498 227 65 desiderat
2078 2498 122 65 fieri

440 2547 107 61 in
494 2547 143 61 actu
583 2547 161 61 illa:
690 2547 161 61 sicut
798 2547 161 61 patet
905 2547 107 61 de
959 2547 197 61 materia
1102 2547 107 61 ad
1155 2547 161 61 omnes
1262 2547 179 61 formas
1388 2547 107 61 ad
1441 2547 143 61 quas
1531 2547 125 61 est
1602 2547 107 61 in
1656 2547 232 61 potentia:
1835 2547 143 61 quia
1924 2547 268 61 naturaliter
2121 2547 89 61 il-

447 2600 129 61 las
520 2600 257 61 desiderat:
722 2600 129 61 sed
796 2600 147 61 homo
888 2600 276 61 naturaliter
1108 2600 129 61 est
1182 2600 110 61 in
1237 2600 221 61 potentia
1402 2600 110 61 vt
1457 2600 165 61 sciat
1568 2600 165 61 omnia
1678 2600 165 61 etiam
1788 2600 349 61 supernaturalia:
2082 2600 110 61 vt
2119 2600 92 61 di-

449 2651 148 59 ctum
541 2651 129 59 est
615 2651 184 59 supra.
744 2651 148 59 ergo
836 2651 129 59 &c.
910 2651 92 59 â‹
947 2651 203 59 Secundo
1094 2651 148 59 sic.
1186 2651 166 59 omnes
1297 2651 203 59 homines
1445 2651 221 59 secundum
1611 2651 166 59 Augu.
1721 2651 184 59 natura
1851 2651 258 59 desiderant
2035 2651 166 59 beatitu

451 2706 175 65 dinem:
573 2706 122 65 non
643 2706 140 65 nisi
730 2706 157 65 illam
835 2706 140 65 quae
922 2706 140 65 vera
1009 2706 140 65 est:
1097 2706 140 65 quia
1184 2706 175 65 natura
1306 2706 122 65 non
1376 2706 227 65 desiderat
1551 2706 140 65 nisi
1638 2706 140 65 quod
1725 2706 175 65 melius
1847 2706 122 65 est
1917 2706 87 65 &
1952 2706 157 65 bonum
2039 2706 175 65 simplici

449 2761 145 54 ter.
540 2761 145 54 Vnde
630 2761 236 54 Boethius.
812 2761 218 54 Mentibus
975 2761 200 54 hominum
1121 2761 200 54 inserta
1266 2761 127 54 est
1339 2761 163 54 summi
1447 2761 163 54 veri,
1556 2761 91 54 &
1593 2761 145 54 boni
1683 2761 254 54 cupiditas.
1883 2761 127 54 sed
1956 2761 145 54 bona
2028 2761 182 54 beatitu-

446 2811 163 80 dinis
554 2811 144 80 sunt
645 2811 163 80 supra
753 2811 217 80 notitiam
915 2811 235 80 naturalis
1096 2811 235 80 rationis.
1277 2811 144 80 ergo
1349 2811 90 80 &c.

440 2879 101 107 â‹
480 2879 182 107 Auer.
602 2879 243 107 comment.
784 2879 304 107 Philosophi,
1027 2879 142 107 qui
1108 2879 243 107 exponens
1290 2879 202 107 illud.
1432 2879 142 107 ii.
1513 2879 223 107 Metaph.
1675 2879 283 107 Dispositio
1897 2879 304 107 intellectus
2120 2879 81 107 in

442 2977 184 57 anima:
570 2977 129 57 &c.
644 2977 166 57 ponit
755 2977 147 57 quod
847 2977 147 57 homo
939 2977 110 57 ex
994 2977 276 57 naturalibus
1215 2977 147 57 suis
1307 2977 184 57 possit
1436 2977 221 57 deuenire
1601 2977 110 57 vt
1657 2977 258 57 intelligat
1859 2977 184 57 primum
1970 2977 239 57 principium:

438 3029 88 61 &
473 3029 228 61 principia
648 3029 210 61 separata
805 3029 140 61 post
893 3029 175 61 ipsum:
1015 3029 193 61 Diceret
1155 3029 140 61 quod
1243 3029 245 61 desiderium
1435 3029 193 61 hominis
1575 3029 158 61 esset
1680 3029 105 61 ad
1733 3029 210 61 sciendum
1890 3029 123 61 ea:
1960 3029 123 61 nec
2030 3029 140 61 sine
2100 3029 105 61 illo

442 3090 121 56 rum
511 3090 224 56 adeptione
683 3090 207 56 cessaret
838 3090 241 56 appetitus.
1028 3090 121 56 Hoc
1097 3090 155 56 licet
1200 3090 155 56 verum
1304 3090 138 56 sit:
1390 3090 155 56 tamen
1493 3090 155 56 error
1597 3090 121 56 est
1666 3090 155 56 illud
1769 3090 103 56 ex
1821 3090 121 56 quo
1890 3090 172 56 ponit.
2010 3090 155 56 Ponit
2097 3090 103 56 enim

436 3138 197 64 quoniam
579 3138 107 64 ex
633 3138 143 64 pura
722 3138 251 64 cognitione
919 3138 215 64 naturali
1080 3138 143 64 quae
1170 3138 125 64 est
1242 3138 107 64 ex
1295 3138 322 64 phantasmatibus
1564 3138 107 64 de
1617 3138 161 64 rebus
1725 3138 286 64 sensibilibus
1957 3138 233 64 possibile
2119 3138 89 64 sit

434 3192 227 56 deuenire
604 3192 113 56 in
661 3192 283 56 cognitionem
887 3192 283 56 quidditatis
1114 3192 321 56 substantiarum
1378 3192 302 56 separatarum:
1624 3192 151 56 quod
1718 3192 227 56 erroneum
1888 3192 151 56 est:
1982 3192 151 56 quia
2058 3192 151 56 medium

432 3247 247 83 cognoscendi
629 3247 99 83 ex
678 3247 296 83 phantasmatibus
925 3247 214 83 limitatum
1090 3247 132 83 est:
1172 3247 99 83 vt
1222 3247 99 83 de
1271 3247 247 83 substantiis
1468 3247 214 83 separatis
1633 3247 99 83 ex
1682 3247 280 83 sensibilibus,
1913 3247 148 83 sicut
2012 3247 99 83 ex
2044 3247 165 83 effecti
