2410 3781
405 270 133 104 pra,
488 270 199 104 secundum
638 270 116 104 hoc
704 270 166 104 quidam
820 270 199 104 appetunt
969 270 133 104 vnam
1052 270 216 104 scientiam
1218 270 133 104 plus
1301 270 149 104 scire
1401 270 133 104 quam
1483 270 166 104 aliam,
1600 270 83 104 &
1633 270 182 104 diuersi
1765 270 216 104 diuersas.
1931 270 133 104 vnde
2014 270 100 104 in
2047 270 133 104 quibus

412 361 201 63 abundant
563 361 235 63 sensitiuae
748 361 201 63 virtutes
899 361 151 63 magis
1000 361 134 63 apti
1084 361 134 63 sunt
1168 361 101 63 ad
1218 361 235 63 naturalia:
1403 361 84 63 &
1436 361 134 63 plus
1520 361 201 63 appetunt
1671 361 101 63 ea
1722 361 168 63 scire:
1839 361 101 63 in
1890 361 168 63 quibus
2007 361 134 63 vero
2074 361 101 63 ima-

419 420 215 68 ginatiua,
584 420 264 68 mathematica:
798 420 99 68 in
848 420 165 68 quibus
963 420 132 68 vero
1046 420 264 68 aestimatiua,
1260 420 149 68 leges
1359 420 83 68 &
1392 420 198 68 moralia:
1541 420 99 68 in
1590 420 165 68 quibus
1706 420 132 68 vero
1788 420 231 68 cognitiua,
1970 420 248 68 rationalia:

412 477 101 58 in
463 477 169 58 quibus
581 477 135 58 vero
665 477 270 58 intellectiua
884 477 101 58 ex
935 477 202 58 corporis
1086 477 270 58 temperantia,
1306 477 185 58 diuina.
1440 477 101 58 Ex
1491 477 152 58 parte
1592 477 135 58 vero
1676 477 202 58 scibilis
1828 477 118 58 est
1895 477 253 58 diuersitas:
2081 477 101 58 quia

416 521 184 72 quaedam
550 521 201 72 scibilia
701 521 151 72 prius
802 521 84 72 &
835 521 184 72 clarius
969 521 134 72 nata
1053 521 134 72 sunt
1137 521 168 72 sciri:
1254 521 84 72 &
1288 521 134 72 ideo
1372 521 251 72 naturaliter
1573 521 151 72 prius
1673 521 184 72 appetit
1807 521 134 72 homo
1891 521 151 72 scire
1992 521 151 72 illa:
2092 521 101 72 vt
2126 521 67 72 di

422 569 143 74 ctum
512 569 143 74 est:
601 569 89 74 &
637 569 215 74 appetitu
798 569 233 74 cognitiuo
977 569 233 74 similiter
1156 569 143 74 homo
1245 569 197 74 appetit
1388 569 161 74 magis
1495 569 161 74 scire
1603 569 143 74 illa
1692 569 107 74 in
1746 569 179 74 quibus
1871 569 197 74 inuenit
1996 569 197 74 clariores

421 637 229 55 veritates:
600 637 82 55 &
633 637 131 55 ideo
715 637 131 55 plus
796 637 180 55 appetit
927 637 147 55 scire
1025 637 245 55 mathematica
1221 637 131 55 quam
1302 637 147 55 alia:
1400 637 196 55 postquam
1547 637 163 55 aliqua
1662 637 98 55 in
1711 637 114 55 eis
1776 637 245 55 cognouerit.
1972 637 98 55 Et
2021 637 131 55 ideo
2102 637 114 55 in-

413 688 161 59 structi
530 688 88 59 in
574 688 219 59 philosophia
749 688 102 59 non
807 688 161 59 possunt
924 688 190 59 proficere
1070 688 88 59 in
1114 688 175 59 legibus:
1245 688 117 59 quia
1318 688 117 59 post
1391 688 175 59 subtiles
1522 688 190 59 veritates
1668 688 190 59 perceptas
1814 688 88 59 in
1858 688 233 59 philosophia,
2048 688 102 59 non
2091 688 88 59 dele

413 742 145 65 ctant
510 742 129 65 illa
590 742 161 65 grossa
703 742 81 65 &
736 742 161 65 rudia.
849 742 81 65 ⁋
881 742 97 65 Ad
930 742 161 65 primum
1043 742 97 65 in
1091 742 210 65 oppositum
1252 742 129 65 quod
1333 742 129 65 homo
1414 742 97 65 se
1462 742 145 65 habet
1559 742 113 65 per
1624 742 291 65 indifferentiam
1866 742 97 65 ad
1915 742 145 65 omnia
2011 742 210 65 scibilia:

421 789 192 67 Dicendum
565 789 128 67 quod
645 789 144 67 verum
741 789 112 67 est
805 789 112 67 quo
869 789 96 67 ad
917 789 112 67 hoc
981 789 128 67 quod
1061 789 160 67 nullam
1173 789 208 67 scientiam
1332 789 144 67 habet
1428 789 256 67 naturaliter:
1636 789 112 67 non
1700 789 144 67 tamen
1796 789 112 67 quo
1860 789 96 67 ad
1908 789 112 67 hoc
1972 789 128 67 quod
2036 789 144 67 indiffe

414 843 172 58 renter
534 843 155 58 natus
637 843 120 58 est
706 843 223 58 inclinari
878 843 120 58 per
947 843 223 58 appetitum
1118 843 103 58 ad
1170 843 189 58 singula
1308 843 223 58 scibilia,
1479 843 103 58 vt
1531 843 172 58 dictum
1651 843 137 58 est.
1737 843 86 58 ⁋
1772 843 103 58 Ad
1823 843 223 58 secundum:
1995 843 137 58 quod
2064 843 120 58 omnia

422 899 181 70 appetit
553 899 148 70 scire
652 899 115 70 sub
718 899 181 70 ratione
849 899 148 70 veri:
948 899 197 70 Dicendum
1096 899 132 70 quod
1178 899 148 70 verum
1277 899 132 70 est.
1359 899 132 70 illa
1442 899 148 70 tamen
1540 899 148 70 ratio
1639 899 132 70 veri
1721 899 247 70 diuersimode
1919 899 214 70 inuenitur
2083 899 99 70 in
2116 899 66 70 di

426 948 170 72 uersis
545 948 255 72 scibilibus.
749 948 187 72 propter
885 948 136 72 quod
970 948 221 72 appetitus
1140 948 255 72 diuersimode
1343 948 238 72 inclinatur
1530 948 102 72 ad
1581 948 187 72 diuersa
1717 948 221 72 scibilia:
1887 948 85 72 &
1921 948 136 72 ipsa
1989 948 187 72 diuersimo

424 1003 91 65 de
469 1003 122 65 nata
546 1003 122 65 sunt
622 1003 152 65 mouere
728 1003 213 65 appetitum:
896 1003 91 65 ex
942 1003 152 65 quibus
1048 1003 198 65 contingit
1201 1003 107 65 (vt
1262 1003 152 65 dictum
1368 1003 122 65 est)
1444 1003 122 65 quod
1520 1003 122 65 homo
1597 1003 244 65 inaequaliter
1795 1003 168 65 appetit
1917 1003 137 65 scire
1993 1003 152 65 diuersa.

762 1058 136 59 Irca.
852 1058 136 59 viii.
943 1058 181 59 arguitur
1079 1058 121 59 quod
1154 1058 106 59 non
1214 1058 106 59 sit
1275 1058 166 59 aliquid
1396 1058 121 59 vnum
1471 1058 166 59 scibile
1592 1058 121 59 quod
1667 1058 121 59 homo
1743 1058 256 59 principaliter
1954 1058 166 59 appetat
2059 1058 121 59 scire.

763 1107 143 62 Primo
859 1107 127 62 sic.
938 1107 96 62 Si
986 1107 143 62 esset
1081 1107 127 62 vnum
1161 1107 175 62 scibile
1288 1107 127 62 quod
1368 1107 271 62 principaliter
1591 1107 127 62 homo
1671 1107 207 62 appeteret
1830 1107 159 62 scire,
1941 1107 175 62 diuersi
2053 1107 127 62 studia

774 1163 105 60 sua
834 1163 105 60 non
894 1163 299 60 diuersificarent,
1148 1163 105 60 sed
1208 1163 135 60 omnes
1298 1163 90 60 ad
1342 1163 165 60 scibile
1462 1163 135 60 illud
1552 1163 179 60 sciendum
1686 1163 209 60 tenderent.
1851 1163 209 60 Consequens
2016 1163 150 60 falsum
2105 1163 90 60 est.

779 1217 129 65 ergo
860 1217 81 65 &
892 1217 242 65 antecedens.
1086 1217 259 65 Consequentia
1296 1217 162 65 patet:
1409 1217 129 65 quia
1490 1217 226 65 vnusqusque
1668 1217 113 65 suo
1732 1217 162 65 studio
1846 1217 162 65 tendit
1959 1217 97 65 ad
2007 1217 145 65 illud
2088 1217 97 65 quod

775 1278 281 62 principaliter
1007 1278 182 62 appetit
1139 1278 165 62 scire:
1255 1278 132 62 nisi
1338 1278 149 62 alias
1437 1278 116 62 sit
1503 1278 232 62 distractus
1685 1278 116 62 aut
1751 1278 232 62 impeditus.
1933 1278 83 62 ⁋
1966 1278 182 62 Secundo
2082 1278 83 62 sic

751 1331 115 68 vbi
816 1331 164 68 potest
931 1331 214 68 procedere
1096 1331 214 68 appetitus
1260 1331 99 68 in
1310 1331 230 68 infinitum,
1490 1331 115 68 non
1556 1331 115 68 est
1622 1331 181 68 aliquod
1754 1331 148 68 primo
1852 1331 82 68 &
1885 1331 280 68 principaliter
2099 1331 82 68 ap-

430 1380 198 75 petitum:
578 1380 132 75 quia
660 1380 99 75 in
710 1380 214 75 infinitis
874 1380 115 75 non
940 1380 115 75 est
1006 1380 181 75 primum.
1138 1380 115 75 sed
1204 1380 99 75 in
1253 1380 181 75 sciendo
1385 1380 165 75 potest
1500 1380 214 75 appetitus
1665 1380 214 75 procedere
1830 1380 99 75 in
1879 1380 231 75 infinitum.
2044 1380 132 75 potest

424 1443 124 63 enim
501 1443 139 63 velle
594 1443 139 63 scire
687 1443 170 63 species
811 1443 201 63 numerorum
966 1443 108 63 per
1028 1443 186 63 ordinem:
1167 1443 77 63 &
1198 1443 139 63 illae
1291 1443 201 63 procedunt
1446 1443 93 63 in
1493 1443 217 63 infinitum.
1663 1443 124 63 ergo
1741 1443 108 63 &c.
1803 1443 77 63 ⁋
1834 1443 155 63 Contra
1942 1443 124 63 est,
2020 1443 124 63 quod
2082 1443 108 63 sicut

419 1488 99 61 se
468 1488 149 61 habet
567 1488 149 61 bonum
666 1488 99 61 ad
716 1488 215 61 affectum:
881 1488 116 61 sic
947 1488 149 61 verum
1046 1488 99 61 ad
1095 1488 264 61 intellectum.
1310 1488 116 61 sed
1376 1488 99 61 ex
1425 1488 149 61 parte
1524 1488 198 61 affectus
1673 1488 116 61 est
1739 1488 132 61 vnum
1821 1488 149 61 bonum
1920 1488 132 61 quod
2003 1488 132 61 homo
2069 1488 116 61 prin-

422 1541 214 58 cipaliter
586 1541 197 58 appetit:
734 1541 99 58 vt
784 1541 197 58 proprium
932 1541 148 58 bonum
1030 1541 214 58 affectus:
1195 1541 148 58 sicut
1294 1541 115 58 est
1359 1541 148 58 bonum
1458 1541 132 58 quod
1540 1541 115 58 est
1606 1541 181 58 vltimus
1738 1541 148 58 finis
1836 1541 263 58 operandorum.
2050 1541 132 58 ergo
2116 1541 66 58 ex

423 1594 146 78 parte
520 1594 244 78 intellectus
715 1594 114 78 est
780 1594 130 78 vnum
862 1594 146 78 verum
959 1594 130 78 quod
1041 1594 130 78 homo
1122 1594 276 78 principaliter
1350 1594 179 78 appetit
1480 1594 98 78 vt
1528 1594 195 78 proprium
1675 1594 146 78 bonum
1772 1594 260 78 intellectus:
1984 1594 130 78 quod
2065 1594 114 78 est
2114 1594 81 78 pri

423 1652 104 66 mun
483 1652 209 66 scibilium:
647 1652 119 66 quia
722 1652 209 66 principium
886 1652 90 66 in
931 1652 239 66 speculatiuis
1125 1652 104 66 est
1184 1652 134 66 sicut
1274 1652 134 66 finis
1363 1652 90 66 in
1408 1652 179 66 actiuis,
1543 1652 179 66 secundum
1662 1652 209 66 philosophum.

432 1700 90 91 ⁋
468 1700 216 91 Dicendum
630 1700 108 91 ad
684 1700 144 91 hoc:
774 1700 144 91 quod
864 1700 162 91 sicut
972 1700 198 91 necesse
1116 1700 126 91 est
1188 1700 180 91 ponere
1315 1700 198 91 aliquid
1459 1700 108 91 in
1513 1700 234 91 vnoquoque
1693 1700 198 91 genere:
1837 1700 144 91 quod
1927 1700 126 91 per
1999 1700 108 91 se
2053 1700 90 91 &
2071 1700 108 91 prim

424 1778 107 63 mo
478 1778 89 63 &
513 1778 249 63 perfectius
709 1778 107 63 in
762 1778 107 63 se
815 1778 160 63 habet
922 1778 196 63 naturam
1064 1778 196 63 generis
1206 1778 196 63 illius,
1349 1778 89 63 a
1384 1778 124 63 quo
1455 1778 89 63 &
1491 1778 124 63 per
1562 1778 160 63 cuius
1669 1778 338 63 participationem
1953 1778 178 63 habent
2060 1778 124 63 ipsam

433 1825 125 63 omnia
517 1825 112 63 alia
586 1825 112 63 quae
656 1825 112 63 sunt
726 1825 139 63 illius
823 1825 167 63 generis:
949 1825 84 63 vt
991 1825 112 63 vult
1061 1825 223 63 Philosophus.
1242 1825 84 63 x.
1284 1825 167 63 Metaphy.
1409 1825 98 63 Sic
1465 1825 153 63 necesse
1576 1825 98 63 est
1632 1825 84 63 se
1674 1825 139 63 habere
1772 1825 84 63 in
1813 1825 139 63 genere
1911 1825 237 63 appetibilium:
2092 1825 84 63 quod

429 1876 92 63 in
475 1876 123 63 omni
551 1876 153 63 genere
659 1876 246 63 appetibilium
858 1876 107 63 sit
920 1876 169 63 aliquid
1042 1876 123 63 vnum
1119 1876 138 63 primo
1211 1876 77 63 &
1242 1876 169 63 propter
1365 1876 92 63 se
1411 1876 230 63 appetibile:
1595 1876 77 63 &
1626 1876 169 63 propter
1748 1876 138 63 illud
1840 1876 138 63 omnia
1932 1876 123 63 alia
1994 1876 184 63 appetuntur

430 1936 107 65 quo
491 1936 199 65 subtracto
644 1936 107 65 non
705 1936 107 65 est
767 1936 123 65 quod
843 1936 230 65 intendatur,
1027 1936 77 65 &
1058 1936 123 65 quod
1134 1936 153 65 moueat
1242 1936 214 65 appetitum:
1410 1936 107 65 ita
1471 1936 123 65 quod
1548 1936 107 65 non
1609 1936 184 65 incipiat
1747 1936 138 65 opari
1839 1936 92 65 ad
1885 1936 245 65 prosequendum
2069 1936 107 65 appe-

433 1990 148 67 titum.
537 1990 89 67 Si
581 1990 118 67 enim
655 1990 103 67 hoc
714 1990 222 67 appeteretur
891 1990 163 67 propter
1010 1990 148 67 illud:
1113 1990 74 67 &
1143 1990 133 67 illud
1231 1990 163 67 propter
1349 1990 148 67 aliud:
1453 1990 74 67 &
1482 1990 133 67 nihil
1571 1990 163 67 propter
1689 1990 103 67 se:
1748 1990 118 67 iret
1822 1990 192 67 processus
1970 1990 89 67 in
2000 1990 177 67 infinitum.

437 2046 143 64 Quare
532 2046 111 64 cum
596 2046 95 64 in
643 2046 206 64 infinitis
802 2046 111 64 non
865 2046 111 64 est
928 2046 158 64 ponere
1039 2046 174 64 vltimum
1166 2046 143 64 neque
1261 2046 158 64 primum
1372 2046 174 64 omnino:
1499 2046 95 64 vt
1546 2046 127 64 vult
1625 2046 254 64 Philosophus.
1831 2046 111 64 ii.
1895 2046 190 64 Metaphy.
2037 2046 127 64 homo
2101 2046 79 64 aut

431 2096 141 64 nihil
526 2096 173 64 appetit
651 2096 173 64 omnino:
777 2096 110 64 aut
840 2096 110 64 est
903 2096 173 64 aliquid
1029 2096 126 64 quod
1107 2096 141 64 primo
1202 2096 79 64 &
1233 2096 110 64 per
1296 2096 94 64 se
1343 2096 189 64 appetit:
1485 2096 79 64 &
1516 2096 110 64 qua
1579 2096 173 64 ratione
1705 2096 110 64 hoc
1768 2096 189 64 contigit
1909 2096 94 64 in
1956 2096 189 64 appetitu
2098 2096 79 64 &
2129 2096 94 64 ap

425 2145 177 73 petibili
558 2145 236 73 quibuscumque
749 2145 133 73 aliis
838 2145 236 73 generaliter,
1029 2145 133 73 eadem
1118 2145 162 73 ratione
1235 2145 88 73 in
1280 2145 177 73 appetitu
1412 2145 221 73 cognoscendi
1589 2145 74 73 &
1618 2145 162 73 scibili
1736 2145 236 73 specialiter.
1928 2145 118 73 Quod
2001 2145 133 73 etiam
2075 2145 103 73 patet

436 2202 155 55 ratione
549 2202 170 55 speciali
676 2202 85 55 in
718 2202 170 55 appetitu
846 2202 170 55 sciendi:
973 2202 99 55 qui
1029 2202 85 55 in
1072 2202 141 55 homine
1171 2202 170 55 causatur
1298 2202 85 55 ex
1340 2202 113 55 actu
1411 2202 170 55 sciendi:
1538 2202 155 55 quoniam
1651 2202 226 55 quandocumque
1835 2202 155 55 aliquid
1948 2202 85 55 in
1990 2202 99 55 suo
2047 2202 113 55 actu
2117 2202 99 55 mo-

430 2258 169 69 uetur:
548 2258 169 69 semper
667 2258 152 69 magis
768 2258 101 69 ac
819 2258 152 69 magis
920 2258 237 69 intendendo
1106 2258 169 69 motum:
1224 2258 118 69 hoc
1292 2258 118 69 non
1359 2258 118 69 est
1427 2258 135 69 nisi
1511 2258 135 69 quia
1596 2258 169 69 mobile
1714 2258 152 69 ipsum
1815 2258 101 69 ad
1866 2258 152 69 finem
1967 2258 152 69 motus
2052 2258 135 69 conti-

433 2305 115 65 nue
498 2305 197 65 secundum
646 2305 181 65 maiorem
778 2305 82 65 &
811 2305 181 65 maiorem
942 2305 296 65 assimilationem
1189 2305 280 65 appropinquat:
1419 2305 99 65 vt
1468 2305 164 65 dictum
1584 2305 115 65 est
1649 2305 164 65 supra.
1764 2305 115 65 Cum
1830 2305 132 65 ergo
1912 2305 197 65 contigat
2060 2305 99 65 in
2110 2305 115 65 mo-

430 2365 94 68 tu
477 2365 173 68 hominis
603 2365 94 68 in
651 2365 189 68 sciendo,
792 2365 126 68 quod
871 2365 220 68 procedendo
1044 2365 142 68 magis
1139 2365 94 68 ac
1186 2365 142 68 magis
1280 2365 94 68 in
1327 2365 173 68 sciendo
1453 2365 157 68 semper
1563 2365 142 68 magis
1658 2365 94 68 ac
1705 2365 142 68 magis
1800 2365 220 68 intenditur
1973 2365 157 68 sciedi
2067 2365 126 68 appeti

422 2420 119 61 tus:
497 2420 89 61 vt
541 2420 209 61 praedictum
705 2420 119 61 est:
780 2420 104 61 hoc
839 2420 104 61 non
899 2420 104 61 est
958 2420 119 61 nisi
1033 2420 119 61 quia
1107 2420 149 61 semper
1212 2420 119 61 fini
1286 2420 119 61 quem
1361 2420 179 61 intendit
1495 2420 134 61 magis
1584 2420 89 61 ac
1629 2420 134 61 magis
1718 2420 179 61 continue
1852 2420 238 61 assimilatur:
2046 2420 179 61 secundum

432 2474 131 67 quod
513 2474 98 67 ei
563 2474 147 67 magis
661 2474 98 67 ac
710 2474 147 67 magis
808 2474 278 67 appropinquat.
1037 2474 147 67 Quare
1135 2474 115 67 cum
1200 2474 115 67 non
1266 2474 164 67 possit
1380 2474 213 67 procedere
1544 2474 213 67 appetitus
1708 2474 229 67 intendendo
1888 2474 98 67 in
1937 2474 229 67 infinitum:
2100 2474 82 67 ne-

436 2532 181 58 cessario
572 2532 106 58 est
632 2532 166 58 hominis
753 2532 166 58 aliquis
873 2532 136 58 finis
964 2532 256 58 determinatus:
1175 2532 121 58 quem
1250 2532 166 58 sciendo
1371 2532 196 58 attingere
1522 2532 181 58 appetit:
1657 2532 90 58 in
1702 2532 106 58 quo
1763 2532 106 58 cum
1823 2532 166 58 sciendo
1944 2532 181 58 pruentum
2064 2532 121 58 fuerit

443 2577 178 65 cessabit
577 2577 149 65 omnino
681 2577 89 65 in
726 2577 89 65 eo
770 2577 193 65 appetitus
919 2577 164 65 sciendi
1038 2577 164 65 aliquid
1157 2577 193 65 vlterius.
1306 2577 104 65 Hoc
1365 2577 134 65 autem
1454 2577 104 65 non
1514 2577 149 65 potest
1618 2577 119 65 esse
1692 2577 119 65 nisi
1767 2577 119 65 quia
1841 2577 149 65 scitum
1945 2577 134 65 illud
2034 2577 104 65 sit
2079 2577 119 65 summum

427 2632 75 66 &
457 2632 270 66 perfectissimum
682 2632 165 66 scibile
802 2632 165 66 homini:
922 2632 135 66 vltra
1012 2632 120 66 quid
1087 2632 105 66 non
1147 2632 105 66 est
1207 2632 150 66 aliud:
1312 2632 120 66 quod
1388 2632 105 66 non
1448 2632 105 66 est
1508 2632 120 66 nisi
1583 2632 150 66 primum
1688 2632 180 66 scibile:
1823 2632 75 66 &
1853 2632 135 66 prima
1943 2632 180 66 veritas.
2063 2632 135 66 Nisisor

435 2685 89 60 te
480 2685 134 60 dicat
569 2685 163 60 aliquis
688 2685 119 60 quod
762 2685 163 60 suprema
881 2685 178 60 creatura
1015 2685 267 60 intellectualis
1237 2685 134 60 habet
1327 2685 104 60 pro
1386 2685 253 60 intelligibili
1594 2685 178 60 scibili,
1728 2685 134 60 illud
1817 2685 119 60 quod
1891 2685 104 60 est
1950 2685 223 60 simpliciter
2114 2685 89 60 suma

425 2743 115 70 mun
490 2743 82 70 &
523 2743 312 70 perfectissimum:
785 2743 131 70 homo
867 2743 131 70 vero
949 2743 131 70 quia
1031 2743 115 70 est
1097 2743 197 70 inferior
1244 2743 197 70 creatura
1392 2743 312 70 intellectualis:
1654 2743 180 70 propter
1785 2743 246 70 debilitatem
1966 2743 213 70 intellectus

435 2795 131 63 sui
510 2795 112 63 ad
566 2795 299 63 cognoscendum
809 2795 206 63 maximum
959 2795 337 63 intelligibile:
1240 2795 168 63 sicut
1352 2795 206 63 debilis
1502 2795 131 63 est
1577 2795 187 63 oculus
1708 2795 206 63 noctuae
1857 2795 112 63 ad
1895 2795 299 63 apprehendendum

435 2849 145 70 lucem
531 2849 161 70 Solis:
644 2849 177 70 habebit
773 2849 113 70 pro
837 2849 274 70 intelligibili
1063 2849 129 70 sibi
1143 2849 274 70 perfectissimo
1368 2849 177 70 aliquod
1497 2849 209 70 inferius.
1658 2849 129 70 Quod
1738 2849 113 70 non
1803 2849 161 70 potest
1915 2849 145 70 stare
2012 2849 177 70 duplici
2125 2849 64 70 ra

433 2912 149 62 tione.
537 2912 134 62 Prima
627 2912 89 62 ex
671 2912 149 62 ordine
775 2912 149 62 rerum:
880 2912 164 62 quoniam
999 2912 104 62 cum
1058 2912 134 62 omnis
1147 2912 193 62 creaturae
1296 2912 134 62 finis
1385 2912 119 62 deus
1460 2912 119 62 sit,
1534 2912 193 62 inquantum
1683 2912 193 62 quaelibet
1832 2912 179 62 creatura
1966 2912 119 62 eius
2025 2912 164 62 similitu-

437 2953 139 67 dinem
529 2953 216 67 participat
699 2953 262 67 quantuncumque
914 2953 185 67 modicum:
1053 2953 123 67 homo
1130 2953 139 67 autem
1223 2953 185 67 quamquam
1362 2953 154 67 infima
1469 2953 185 67 creatura
1608 2953 108 67 sit
1670 2953 139 67 inter
1762 2953 293 67 intellectualia,
2009 2953 185 67 superior
2132 2953 62 67 ta

435 3006 124 65 men
506 3006 124 65 est
577 3006 141 65 omni
665 3006 212 65 creatura
824 3006 194 65 carente
965 3006 265 65 intellectu:
1177 3006 88 65 &
1212 3006 141 65 ideo
1300 3006 106 65 ad
1353 3006 159 65 ipsum
1459 3006 194 65 tanquam
1600 3006 106 65 ad
1653 3006 159 65 finem
1759 3006 141 65 suum
1848 3006 194 65 vltimum
1971 3006 212 65 perfectius

432 3065 220 69 attinget:
601 3065 135 69 quam
686 3065 220 69 quodlibet
854 3065 152 69 aliud
956 3065 169 69 carens
1074 3065 203 69 ratione:
1226 3065 118 69 Cum
1294 3065 169 69 igitur
1412 3065 253 69 vnumquodque
1615 3065 135 69 suum
1699 3065 152 69 finem
1800 3065 186 69 vltimum
1919 3065 270 69 perfectissimum

432 3118 143 65 natum
527 3118 111 65 est
591 3118 206 65 attingere
750 3118 111 65 sua
813 3118 222 65 operatione
988 3118 286 65 perfectissima:
1226 3118 79 65 &
1258 3118 222 65 perfectius
1433 3118 143 65 aliis
1528 3118 222 65 operatione
1703 3118 127 65 illa
1782 3118 111 65 qua
1846 3118 175 65 excedit
1973 3118 143 65 alia:
2068 3118 159 65 cumque

443 3169 209 65 operatio
599 3169 192 65 hominis
739 3169 296 65 perfectissima
983 3169 122 65 qua
1052 3169 192 65 excedit
1192 3169 139 65 alia
1279 3169 122 65 est
1348 3169 209 65 operatio
1505 3169 296 65 intelligendi:
1749 3169 122 65 vel
1819 3169 139 65 ipsa
1906 3169 226 65 immediate
2063 3169 139 65 dispo-

438 3225 166 83 nitiad
555 3225 166 83 illam:
671 3225 149 83 sicut
770 3225 100 83 si
820 3225 133 83 illa
903 3225 116 83 sit
969 3225 166 83 aliqua
1085 3225 199 83 operatio
1235 3225 249 83 voluntatis:
1434 3225 232 83 necessario
1616 3225 232 83 operatione
1799 3225 116 83 sua
1865 3225 265 83 intelligendi
2064 3225 133 83 attin
