2489 3776
254 308 125 67 vbi
326 308 161 67 dicit
433 308 143 67 Glo.
522 308 232 67 Propterea
700 308 143 67 Deus
790 308 161 67 etiam
897 308 268 67 peruersorum
1111 308 214 67 dogmatum
1271 308 232 67 magistris
1450 308 232 67 concessit
1628 308 303 67 occupationem:
1878 308 107 67 ne
1914 308 107 67 mens

270 371 153 55 eorum
372 371 255 55 torpesceret
576 371 187 55 otiosa.
712 371 85 55 ⁋
746 371 102 55 Ad
797 371 170 55 primum
916 371 102 55 in
967 371 238 55 oppositum:
1154 371 136 55 quod
1239 371 136 55 homo
1324 371 136 55 omni
1409 371 204 55 scientia
1562 371 119 55 est
1630 371 272 55 imperfectus:
1851 371 204 55 Dicendum

269 424 142 67 quod
358 424 265 67 imperfectum
570 424 195 67 hominis
712 424 106 67 in
765 424 142 67 vita
853 424 142 67 ista
942 424 124 67 nec
1012 424 106 67 in
1066 424 265 67 creaturarum
1278 424 248 67 cognitione
1472 424 195 67 impleri
1614 424 177 67 potest
1738 424 106 67 vt
1791 424 159 67 supra
1879 424 142 67 dictum

265 477 124 65 est:
342 477 108 65 sed
404 477 108 65 hoc
466 477 186 65 impletum
605 477 124 65 erit
682 477 93 65 in
728 477 170 65 futuro:
852 477 155 65 quando
960 477 186 65 secundum
1100 477 155 65 Grego.
1208 477 93 65 A.
1254 477 155 65 dialo.
1363 477 139 65 nihil
1455 477 124 65 erit
1533 477 124 65 quod
1610 477 108 65 non
1672 477 186 65 videbit:
1811 477 108 65 qui
1857 477 155 65 videntem

261 529 156 57 omnia
364 529 207 57 videbit.
520 529 138 57 Quid
606 529 156 57 solum
710 529 225 57 continget
883 529 121 57 eis
952 529 121 57 qui
1021 529 121 57 hic
1090 529 156 57 solum
1194 529 104 57 ea
1246 529 173 57 quibus
1367 529 138 57 opus
1453 529 121 57 est
1522 529 156 57 scire
1626 529 225 57 quaerunt:
1799 529 86 57 &
1833 529 173 57 cuncta
1937 529 69 57 so

272 585 137 67 brie
358 585 258 67 inuestigant
564 585 103 67 ad
615 585 137 67 opus
701 585 223 67 doctrinae
873 585 172 67 fidei:
993 585 86 67 &
1027 585 103 67 ad
1079 585 189 67 regulam
1216 585 172 67 fidei:
1336 585 155 67 cuius
1439 585 206 67 scientia
1594 585 155 67 magis
1697 585 120 67 est
1766 585 240 67 necessaria
1937 585 69 67 vt

273 638 129 67 homo
353 638 209 67 peruenire
514 638 161 67 possit
627 638 97 67 ad
675 638 257 67 perfectionem
884 638 177 67 humanae
1013 638 145 67 vitae
1109 638 97 67 in
1158 638 193 67 sciendo:
1302 638 129 67 quam
1383 638 145 67 omnis
1479 638 225 67 disciplina
1656 638 273 67 philosophica.
1881 638 80 67 ⁋
1913 638 97 67 Ad
1946 638 64 67 se

262 690 181 68 cundum
389 690 145 68 quod
479 690 109 68 in
534 690 145 68 omni
624 690 217 68 creatura
787 690 217 68 conuenit
950 690 181 68 summum
1077 690 163 68 bonum
1186 690 272 68 contemplari
1403 690 109 68 ad
1457 690 145 68 opus
1548 690 235 68 doctrinae
1729 690 181 68 fidei:
1838 690 181 68 dicendum

272 743 143 71 quod
361 743 160 71 verum
468 743 143 71 est:
557 743 125 71 hoc
628 743 160 71 tamen
735 743 125 71 non
807 743 125 71 est
878 743 232 71 possibile
1056 743 196 71 hominem
1198 743 107 71 in
1252 743 196 71 omnibus
1394 743 285 71 perscrutari,
1626 743 125 71 nec
1697 743 143 71 opus
1786 743 125 71 est
1840 743 160 71 amplius

270 805 191 57 scrutari,
417 805 118 57 quam
491 805 191 57 scientiae
638 805 132 57 fidei
726 805 74 57 &
756 805 177 57 pietatis
888 805 132 57 satis
977 805 118 57 est:
1050 805 88 57 vt
1094 805 132 57 infra
1168 805 147 57 dicetur.

600 843 129 68 lrca
680 843 177 68 tertium
809 843 209 68 arguitur,
970 843 129 68 quod
1051 843 113 68 non
1115 843 113 68 est
1180 843 161 68 homini
1292 843 209 68 studendum
1453 843 97 68 vt
1502 843 145 68 sciat
1598 843 193 68 scibilia
1743 843 145 68 super
1824 843 177 68 scientias

617 906 280 67 philosophicas.
851 906 140 67 Primo
944 906 124 67 sic.
1022 906 280 67 Ecclesiastici.
1255 906 140 67 xiii.
1348 906 187 67 dicitur.
1488 906 171 67 Altiora
1612 906 93 67 te
1659 906 93 67 ne
1706 906 233 67 quaesieris:
1892 906 78 67 &
1908 906 93 67 for-

607 959 148 61 tiora
705 959 99 61 te
755 959 99 61 ne
804 959 214 61 scrutatus
969 959 181 61 fueris.
1100 959 132 61 illa
1183 959 132 61 quae
1265 959 132 61 sunt
1347 959 148 61 super
1446 959 214 61 scientias
1611 959 280 61 philosophicas
1841 959 132 61 sunt
1907 959 99 61 for-

617 1018 154 63 tiora
719 1018 85 63 &
753 1018 188 63 altiora
890 1018 188 63 homine:
1026 1018 137 63 quia
1112 1018 154 63 supra
1214 1018 154 63 vires
1317 1018 222 63 naturalis
1487 1018 222 63 rationis.
1658 1018 102 63 vt
1709 1018 171 63 dictum
1828 1018 119 63 est
1880 1018 119 63 supra

611 1070 125 63 ergo
689 1070 109 63 &c.
752 1070 78 63 ⁋
783 1070 172 63 Secundo
908 1070 125 63 sic.
986 1070 94 63 de
1032 1070 172 63 notitia
1157 1070 172 63 illorum
1282 1070 125 63 quae
1360 1070 140 63 fidei
1453 1070 125 63 sunt
1531 1070 78 63 &
1562 1070 140 63 supra
1656 1070 203 63 scientias
1796 1070 203 63 philosophi-

592 1116 145 71 cas,
682 1116 163 71 dixit
791 1116 217 71 Christus
953 1116 108 71 in
1008 1116 253 71 euangelio.
1207 1116 181 71 Nolite
1333 1116 235 71 cogitare,
1514 1116 217 71 quomodo,
1677 1116 127 71 aut
1749 1116 145 71 quid
1839 1116 145 71 loq.
1912 1116 90 71 &c.

264 1176 117 59 Sed
331 1176 150 59 illud
431 1176 100 59 ad
482 1176 134 59 quod
565 1176 117 59 non
632 1176 117 59 est
699 1176 234 59 cogitandum
883 1176 100 59 vt
933 1176 267 59 cognoscatur:
1150 1176 117 59 sed
1217 1176 150 59 munus
1317 1176 201 59 spiritus
1467 1176 167 59 sancti
1584 1176 267 59 expectandum,
1801 1176 117 59 non
1868 1176 117 59 est
1918 1176 84 59 stu

254 1228 120 58 dio
322 1228 309 58 inuestigandum.
580 1228 137 58 ergo
665 1228 120 58 &c.
734 1228 86 58 ⁋
768 1228 171 58 Contra
888 1228 120 58 est
957 1228 171 58 illud.
1077 1228 103 58 i.
1128 1228 137 58 Esd.
1214 1228 137 58 vii.
1300 1228 171 58 Esdras
1420 1228 257 58 praeparauit
1626 1228 120 58 cor
1694 1228 154 58 suum:
1797 1228 103 58 vt
1832 1228 171 58 inuesti-

257 1281 142 67 garet
352 1281 142 67 legem
446 1281 173 67 domini,
572 1281 126 67 quid
650 1281 110 67 non
713 1281 126 67 erat
792 1281 126 67 nisi
871 1281 173 67 studio:
996 1281 110 67 lex
1059 1281 142 67 autem
1154 1281 157 67 domini
1264 1281 126 67 erat
1342 1281 94 67 de
1390 1281 220 67 scibilibus
1563 1281 142 67 supra
1657 1281 204 67 scientias
1799 1281 204 67 philosophi-

267 1335 121 70 cas:
343 1335 121 70 ergo
419 1335 106 70 &c.
479 1335 91 70 Et
525 1335 137 70 super
616 1335 137 70 illud
707 1335 228 70 Sapientiam.
889 1335 106 70 vi.
950 1335 182 70 Cogitare
1086 1335 91 70 de
1132 1335 121 70 illa
1208 1335 152 70 sensus
1314 1335 106 70 est
1375 1335 243 70 consummatus.
1572 1335 167 70 dicitur
1693 1335 91 70 in
1739 1335 137 70 Glos.
1830 1335 91 70 In
1860 1335 152 70 praesen-

252 1384 103 81 ti
303 1384 222 81 studendum
474 1384 120 81 est
542 1384 256 81 sapientiae:
747 1384 85 81 &
782 1384 205 81 secundum
935 1384 171 81 normam
1055 1384 256 81 disciplinae
1260 1384 222 81 viuendum.
1431 1384 85 81 ⁋
1465 1384 205 81 Dicendum
1619 1384 103 81 ad
1670 1384 120 81 hoc
1739 1384 205 81 secundum
1875 1384 137 81 Augus.

264 1444 90 63 in
309 1444 196 63 principio
460 1444 90 63 de
505 1444 181 63 doctrina
640 1444 211 63 christiana
806 1444 120 63 quod
881 1444 135 63 error
971 1444 120 63 erat
1046 1444 211 63 aliquorum:
1212 1444 120 63 quod
1287 1444 196 63 praecepta
1437 1444 90 63 de
1482 1444 120 63 modo
1558 1444 181 63 studendi
1693 1444 75 63 &
1723 1444 241 63 inuestigandi
1904 1444 105 63 obscu

263 1501 100 59 ra
313 1501 166 59 sacrae
429 1501 232 59 scripturae
612 1501 116 59 non
678 1501 149 59 erant
778 1501 249 59 necessaria:
977 1501 116 59 sed
1043 1501 133 59 quod
1126 1501 249 59 intellectus
1325 1501 149 59 eorum
1424 1501 166 59 diuino
1541 1501 166 59 munere
1657 1501 149 59 esset
1756 1501 265 59 expectandus:
1955 1501 50 59 &

246 1554 124 75 ita
317 1554 212 75 negabant
476 1554 141 75 quod
564 1554 159 75 esset
670 1554 177 75 homini
794 1554 230 75 studendum
970 1554 106 75 ad
1023 1554 212 75 sciendum
1182 1554 212 75 scibilia
1341 1554 159 75 supra
1447 1554 230 75 scientias
1624 1554 318 75 philosophicas.
1871 1554 141 75 Contra

263 1616 138 56 quos
349 1616 155 56 dicit
453 1616 242 56 Augustinus
642 1616 190 56 loquens
781 1616 155 56 suis.
884 1616 190 56 Fratres
1022 1616 207 56 (inquit)
1178 1616 207 56 moneamus
1333 1616 155 56 omnes
1436 1616 104 56 ne
1488 1616 207 56 paruulos
1644 1616 138 56 suos
1730 1616 121 56 ita
1799 1616 207 56 doceant.
1937 1616 69 56 Im

257 1664 102 62 mo
308 1664 137 62 quod
394 1664 120 62 per
462 1664 188 62 hominem
599 1664 222 62 discendum
769 1664 137 62 est:
855 1664 137 62 sine
940 1664 205 62 superbia
1094 1664 205 62 discant:
1248 1664 154 62 neque
1350 1664 205 62 tentemus
1504 1664 120 62 eum
1572 1664 120 62 cui
1640 1664 222 62 credimus:
1811 1664 102 62 ne
1845 1664 154 62 talibus

260 1713 195 59 inimici
402 1713 231 59 versutiis
580 1713 195 59 decepti
722 1713 106 59 ad
775 1713 160 59 ipsum
881 1713 177 59 quoque
1005 1713 231 59 audiendum
1183 1713 248 59 euangelium
1378 1713 160 59 atque
1484 1713 231 59 discendum
1662 1713 195 59 nolimus
1804 1713 124 59 ire
1875 1713 106 59 in
1910 1713 89 59 ec-

251 1763 186 67 clesias,
391 1763 109 67 aut
453 1763 171 67 codicem
577 1763 171 67 legere.
701 1763 202 67 scilicet.
856 1763 186 67 studendo
996 1763 109 67 per
1058 1763 124 67 nos,
1136 1763 109 67 aut
1198 1763 186 67 doctorem
1337 1763 295 67 praedicantemque
1585 1763 171 67 hominem
1709 1763 171 67 audire:
1833 1763 78 67 &
1849 1763 155 67 expecte-

254 1823 121 65 mus
323 1823 138 65 rapi
409 1823 155 65 vsque
513 1823 104 65 ad
564 1823 190 65 tertium
702 1823 190 65 caelum:
840 1823 86 65 &
875 1823 121 65 ibi
944 1823 173 65 audire
1065 1823 259 65 ineffabilia
1272 1823 173 65 verba:
1392 1823 121 65 aut
1461 1823 121 65 ibi
1530 1823 173 65 videre
1651 1823 190 65 dominum
1789 1823 173 65 lesum:
1910 1823 86 65 &
1927 1823 69 65 ab

255 1873 128 63 illo
335 1873 160 63 potius
447 1873 128 63 quam
527 1873 96 63 ab
575 1873 208 63 hominibus
735 1873 160 63 audire
847 1873 240 63 euangelium.
1039 1873 160 63 Dicere
1151 1873 128 63 ergo
1231 1873 192 63 absolute
1375 1873 128 63 quod
1455 1873 176 63 talibus
1583 1873 128 63 quae
1663 1873 128 63 sunt
1743 1873 144 63 super
1823 1873 176 63 scientias

259 1924 300 73 philosophicas
506 1924 124 73 non
577 1924 124 73 est
648 1924 247 73 studendum,
842 1924 159 73 error
948 1924 124 73 est
1018 1924 88 73 &
1054 1924 194 73 tentare
1195 1924 159 73 deum.
1301 1924 247 73 Veruntamen
1495 1924 212 73 sciendum
1654 1924 141 73 quod
1742 1924 194 73 triplex
1883 1924 124 73 est
1936 1924 71 73 mo

260 1989 134 57 dus
336 1989 287 57 cognoscendi
566 1989 153 57 res:
662 1989 192 57 quidam
796 1989 249 57 naturalis
988 1989 96 57 &
1026 1989 153 57 modo
1122 1989 249 57 naturali:
1313 1989 192 57 quidam
1447 1989 306 57 supnaturalis
1697 1989 96 57 &
1735 1989 153 57 modo
1811 1989 192 57 superna-

251 2036 207 59 turali:
402 2036 188 59 quidam
534 2036 188 59 medius
665 2036 339 59 supernaturalis
948 2036 94 59 &
985 2036 151 59 modo
1080 2036 245 59 naturali.
1268 2036 188 59 Primus
1400 2036 132 59 est
1475 2036 132 59 quo
1550 2036 301 59 cognoscuntur
1795 2036 207 59 scienda
1927 2036 75 59 in

256 2088 257 66 disciplinis
461 2088 308 66 philosophicis:
718 2088 137 66 quae
804 2088 137 66 sunt
890 2088 103 66 de
941 2088 154 66 rebus
1044 2088 274 66 naturalibus:
1266 2088 171 66 quarum
1386 2088 188 66 notitia
1523 2088 120 66 est
1592 2088 240 66 naturalis:
1780 2088 137 66 quia
1849 2088 154 66 inuesti

242 2146 198 67 gatione
386 2146 234 67 naturalis
566 2146 216 67 rationis
728 2146 90 67 &
764 2146 144 67 modo
854 2146 234 67 naturali:
1034 2146 126 67 qui
1106 2146 90 67 a
1141 2146 126 67 via
1213 2146 180 67 sensus
1339 2146 90 67 &
1375 2146 288 67 experientiae
1609 2146 162 67 capit
1717 2146 180 67 ortum.
1825 2146 180 67 Secundus

252 2193 112 70 est
316 2193 128 70 ille
396 2193 112 70 quo
460 2193 256 70 cognoscuntur
668 2193 144 70 clare
764 2193 80 70 &
796 2193 160 70 aperte
908 2193 224 70 quiditates
1084 2193 224 70 caelestium
1260 2193 208 70 spirituum
1420 2193 112 70 dei
1484 2193 80 70 &
1516 2193 224 70 angelorum:
1692 2193 112 70 qui
1756 2193 128 70 sunt
1836 2193 112 70 res
1884 2193 112 70 super

258 2259 220 53 naturales:
431 2259 157 53 quorum
541 2259 173 53 notitia
666 2259 110 53 non
729 2259 110 53 est
792 2259 220 53 naturalis:
964 2259 125 53 quia
1042 2259 110 53 non
1105 2259 204 53 naturalis
1262 2259 188 53 rationis
1403 2259 298 53 inuestigatione:
1654 2259 141 53 neque
1748 2259 125 53 modo
1827 2259 204 53 naturali:

249 2303 132 69 quia
332 2303 116 69 nec
398 2303 116 69 per
465 2303 132 69 illa
547 2303 132 69 quae
630 2303 248 69 accipiuntur
829 2303 83 69 a
862 2303 166 69 sensu:
978 2303 116 69 sed
1044 2303 215 69 immediate
1209 2303 83 69 &
1243 2303 132 69 pure
1325 2303 83 69 a
1358 2303 166 69 diuino
1474 2303 132 69 dono
1557 2303 215 69 speciali.
1723 2303 132 69 Vnde
1805 2303 99 69 ad
1838 2303 166 69 notitiam

258 2358 160 60 talem
365 2358 89 60 &
400 2358 178 60 talium
525 2358 231 60 scibilium
703 2358 160 60 super
809 2358 231 60 scientias
987 2358 302 60 philosophicas
1236 2358 213 60 habendam
1396 2358 124 60 non
1467 2358 124 60 est
1538 2358 231 60 studendum
1716 2358 231 60 naturalis
1876 2358 124 60 ratio

245 2414 117 64 nis
312 2414 318 64 inuestigatione:
580 2414 100 64 vt
630 2414 100 64 in
681 2414 134 64 vita
764 2414 134 64 ista
848 2414 251 64 acquiratur:
1049 2414 134 64 quia
1133 2414 184 64 studium
1266 2414 100 64 ad
1317 2414 117 64 hoc
1384 2414 151 64 esset
1484 2414 184 64 frustra
1618 2414 84 64 &
1651 2414 151 64 labor
1752 2414 218 64 perditus:
1919 2414 117 64 sed

251 2465 119 64 sic
319 2465 204 64 viuendum
472 2465 119 64 est
540 2465 102 64 in
591 2465 221 64 praesenti
761 2465 153 64 vita:
863 2465 102 64 vt
914 2465 102 64 in
965 2465 170 64 futura
1084 2465 170 64 haberi
1204 2465 272 64 promereatur,
1425 2465 119 64 vel
1493 2465 102 64 si
1544 2465 119 64 deo
1612 2465 221 64 placuerit
1782 2465 102 64 ad
1833 2465 153 64 horam
1918 2465 85 64 con

261 2523 210 64 cedatur.
418 2523 192 64 Tertius
558 2523 157 64 modus
662 2523 122 64 est
732 2523 140 64 ille
820 2523 122 64 quo
890 2523 315 64 supernaturalia
1152 2523 87 64 &
1187 2523 175 64 diuina
1309 2523 122 64 hic
1379 2523 280 64 cognoscuntur
1606 2523 122 64 per
1676 2523 175 64 fidem:
1798 2523 175 64 quorum
1921 2523 122 64 no-

244 2570 158 68 titia
349 2570 123 68 est
419 2570 298 68 supnaturalis:
664 2570 140 68 quia
751 2570 123 68 per
821 2570 158 68 lumen
926 2570 210 68 infusum:
1084 2570 140 68 modo
1171 2570 158 68 tamen
1276 2570 228 68 naturali:
1451 2570 140 68 quia
1539 2570 105 68 in
1591 2570 228 68 aenigmate
1766 2570 158 68 rerum
1854 2570 158 68 sensibi

258 2622 159 64 lium.
364 2622 124 64 Non
435 2622 141 64 enim
523 2622 106 64 in
576 2622 159 64 istis
682 2622 212 64 complexa
841 2622 88 64 &
876 2622 229 64 articulos
1053 2622 159 64 fidei
1159 2622 212 64 credimus
1318 2622 124 64 per
1388 2622 159 64 lumen
1494 2622 177 64 fidei:
1618 2622 141 64 nisi
1706 2622 159 64 prius
1812 2622 212 64 terminos
1953 2622 53 64 &

248 2674 214 69 incomplexa
416 2674 153 69 lumine
523 2674 183 69 rationis
660 2674 199 69 naturalis
813 2674 214 69 adminiculo
981 2674 153 69 sensus
1088 2674 260 69 intelligamus.
1301 2674 183 69 secundum
1439 2674 122 69 quod
1515 2674 137 69 dicit
1607 2674 214 69 Augustinus
1775 2674 76 69 8
1805 2674 92 69 de
1836 2674 168 69 trinitate

257 2730 215 64 Credimus
419 2730 197 64 dominum
562 2730 162 64 lesum
670 2730 215 64 Christum
831 2730 162 64 natum
939 2730 108 64 de
993 2730 215 64 virgine:
1154 2730 144 64 quae
1244 2730 162 64 Maria
1352 2730 251 64 vocabatur:
1549 2730 144 64 quid
1639 2730 126 64 sit
1711 2730 179 64 virgo,
1836 2730 144 64 quid
1908 2730 90 64 sit

258 2785 159 61 nasci,
369 2785 79 61 &
401 2785 127 61 quid
480 2785 111 61 sit
544 2785 143 61 nomen
639 2785 190 61 proprium
782 2785 111 61 non
845 2785 206 61 credimus:
1004 2785 111 61 sed
1068 2785 175 61 prorsus
1195 2785 190 61 nouimus.
1337 2785 79 61 &
1369 2785 143 61 super
1464 2785 159 61 illud,
1575 2785 95 61 Da
1623 2785 127 61 mihi
1702 2785 254 61 intellectum.
1893 2785 111 61 Glos.

245 2843 138 66 Nemo
331 2843 173 66 potest
452 2843 190 66 credere
590 2843 104 66 in
642 2843 138 66 deum
728 2843 138 66 nisi
815 2843 173 66 aliqua
936 2843 259 66 intelligat:
1143 2843 155 66 tamen
1247 2843 138 66 fide
1333 2843 207 66 sanatur:
1489 2843 104 66 vt
1541 2843 207 66 ampliora
1696 2843 259 66 intelligat.
1886 2843 121 66 Circa

250 2891 156 61 talia
354 2891 139 61 ergo
441 2891 139 61 quae
528 2891 139 61 fide
614 2891 278 61 cognoscuntur
840 2891 104 61 de
892 2891 313 61 supnaturalibus
1153 2891 295 61 principaliter
1396 2891 208 61 quaestio
1552 2891 226 61 exponenda
1726 2891 139 61 est.
1813 2891 104 61 De
1848 2891 156 61 talibus

248 2946 137 70 ergo
334 2946 206 70 sciendis
488 2946 223 70 notandum,
660 2946 137 70 quod
746 2946 172 70 initia
866 2946 155 70 fidei
969 2946 223 70 accipimus
1141 2946 172 70 diuino
1261 2946 189 70 lumine:
1398 2946 155 70 sicut
1501 2946 172 70 initia
1621 2946 206 70 primorum
1759 2946 240 70 principiorum

260 3000 249 68 scientialium
463 3000 171 68 sumimus
588 3000 156 68 lumine
697 3000 203 68 naturalis
853 3000 203 68 rationis:
1009 3000 78 68 &
1040 3000 125 68 quod
1118 3000 94 68 se
1164 3000 156 68 habent
1273 3000 140 68 prima
1367 3000 218 68 credibilia
1538 3000 140 68 fidei
1632 3000 94 68 ad
1679 3000 140 68 omnia
1772 3000 218 68 posteriora
1928 3000 78 68 cre

259 3053 199 68 dibilia:
408 3053 149 68 sicut
508 3053 83 68 &
541 3053 149 68 prima
640 3053 199 68 scibilia
789 3053 265 68 philosophica
1004 3053 99 68 ad
1054 3053 232 68 posteriora
1236 3053 215 68 scibilia.
1402 3053 149 68 Sicut
1501 3053 132 68 ergo
1584 3053 132 68 homo
1666 3053 199 68 antequam
1815 3053 182 68 nouerit
1931 3053 83 68 pri

258 3111 99 64 ma
308 3111 215 64 principia
474 3111 248 64 scientiarum
672 3111 315 64 philosophicarum
937 3111 116 64 non
1004 3111 166 64 potest
1120 3111 215 64 addiscere
1285 3111 149 64 neque
1385 3111 182 64 caetera
1517 3111 166 64 studio
1633 3111 166 64 aliquo
1749 3111 265 64 inuestigare:
1948 3111 66 64 vt

256 3160 164 69 dictum
370 3160 115 69 est
436 3160 164 69 supra:
551 3160 115 69 Sic
617 3160 98 69 ad
666 3160 246 69 cognitionem
863 3160 181 69 illorum
994 3160 131 69 quae
1076 3160 148 69 fidei
1175 3160 131 69 sunt
1257 3160 181 69 studere
1388 3160 115 69 non
1454 3160 164 69 potest
1569 3160 197 69 antequam
1717 3160 164 69 lumine
1831 3160 148 69 fidei
1914 3160 98 69 pri-

243 3207 109 90 ma
297 3207 237 90 principia
479 3207 273 90 credibilium
698 3207 273 90 cognouerit.
916 3207 182 90 Quibus
1043 3207 218 90 cognitis
1207 3207 109 90 ad
1262 3207 127 90 duo
1335 3207 291 90 inuestiganda
1571 3207 237 90 studendum
1753 3207 146 90 est.
1844 3207 182 90 Primo:
1953 3207 73 90 vt
