2404 3768
418 288 245 97 fructuosa:
610 288 192 97 quaedam
750 288 140 97 vana
837 288 87 97 &
872 288 315 97 superstitiosa.
1135 288 297 97 Superstitiosa
1380 288 122 97 est
1450 288 157 97 omnis
1555 288 122 97 ars
1625 288 122 97 per
1695 288 227 97 pactiones
1870 288 210 97 daemonum
2027 288 87 97 &
2045 288 157 97 hominum

431 378 219 62 instituta.
603 378 125 62 Quae
681 378 109 62 (vt
744 378 141 62 dicit
837 378 219 62 Augustinus
1009 378 172 62 secundo
1134 378 94 62 de
1181 378 187 62 doctrina
1322 378 234 62 christiana)
1509 378 109 62 est
1571 378 94 62 ad
1618 378 187 62 facienda
1759 378 109 62 vel
1821 378 172 62 colenda
1946 378 156 62 idola,
2055 378 109 62 vel
2102 378 94 62 crea

429 419 160 68 turam
536 419 160 68 sicut
642 419 160 68 deum,
748 419 124 68 vel
819 419 319 68 consultationes
1085 419 89 68 a
1121 419 248 68 daemonibus
1316 419 284 68 accipiendas,
1546 419 124 68 vel
1617 419 106 68 ad
1670 419 230 68 quorundam
1847 419 213 68 euentuum
1989 419 195 68 significa

419 477 185 70 tiones
549 477 278 70 denotandas,
771 477 185 70 qualia
901 477 148 70 sunt
994 477 167 70 omnia
1105 477 222 70 molimina
1272 477 185 70 artium
1401 477 259 70 magicarum,
1605 477 259 70 aruspicum,
1809 477 93 70 &
1846 477 204 70 augurum
1994 477 185 70 libri.
2124 477 111 70 ad

430 528 134 69 quod
514 528 151 69 genus
614 528 218 69 pertinent
782 528 151 69 omnes
882 528 218 69 ligaturae
1050 528 151 69 atque
1150 528 184 69 remedia
1284 528 201 69 morborum
1435 528 301 69 superstitiosa,
1686 528 151 69 motus
1786 528 84 69 &
1820 528 184 69 gestus,
1954 528 84 69 &
1987 528 201 69 incessus
2121 528 67 69 su

434 584 261 74 perstitiosi,
646 584 114 74 vel
711 584 98 74 in
760 584 98 74 se
809 584 163 74 ipsis,
923 584 114 74 vel
988 584 98 74 in
1037 584 212 74 volatibus
1200 584 163 74 auium:
1314 584 82 74 &
1347 584 179 74 motibus
1477 584 228 74 animalium.
1657 584 212 74 Similiter
1820 584 212 74 annotatio
1967 584 228 74 constellatio

438 637 121 72 num
507 637 243 72 geniturae:
698 637 121 72 nec
767 637 121 72 non
836 637 87 72 &
871 637 104 72 ea
923 637 139 72 quae
1010 637 156 72 siunt
1114 637 121 72 per
1183 637 208 72 Phytones
1339 637 225 72 responsa.
1513 637 139 72 Haec
1599 637 87 72 &
1634 637 121 72 his
1703 637 191 72 similia
1842 637 295 72 inanissimarum
2068 637 121 72 obser

434 701 211 57 uationum
593 701 193 57 genera,
733 701 176 57 quibus
856 701 105 57 vt
909 701 158 57 dicit
1015 701 246 57 Augustinus
1208 701 193 57 occulto
1349 701 123 57 dei
1419 701 193 57 iudicio
1560 701 123 57 pro
1630 701 193 57 meritis
1771 701 246 57 voluntatum
1964 701 176 57 suarum
2070 701 105 57 tra-

440 743 180 71 duntur
566 743 198 71 homines
710 743 252 71 illudendi:
908 743 162 71 atque
1016 743 108 71 ab
1070 743 198 71 angelis
1214 743 378 71 praeuaricatoribus
1538 743 270 71 decipiendi:
1754 743 198 71 penitus
1898 743 144 71 sunt
1970 743 216 71 repudianda

430 797 88 72 &
466 797 210 72 fugienda
623 797 263 72 christiano:
834 797 140 72 quia
921 797 105 72 in
974 797 123 72 eis
1044 797 175 72 omnino
1167 797 210 72 societas
1325 797 210 72 daemonum
1483 797 123 72 est
1553 797 263 72 formidanda:
1763 797 123 72 qui
1833 797 158 72 nihil
1939 797 140 72 nisi
2026 797 123 72 nos
2079 797 105 72 illa

441 855 184 70 queare
569 855 239 70 conantur.
753 855 202 70 Idcirco
900 855 147 70 enim
992 855 257 70 ministerio
1194 855 221 70 daemonum
1360 855 239 70 huiusmodi
1544 855 368 70 superstitionibus
1856 855 92 70 &
1893 855 294 70 diuinationum
2113 855 74 70 ge

445 905 186 74 neribus
580 905 152 74 multa
682 905 169 74 futura
800 905 220 74 dicuntur:
969 905 118 74 nec
1037 905 169 74 aliter
1155 905 135 74 quam
1240 905 203 74 accidunt
1392 905 220 74 dicuntur:
1561 905 101 74 vt
1612 905 254 74 curiosiores
1815 905 186 74 homines
1950 905 169 74 fiant:
2069 905 85 74 &
2102 905 118 74 ma-

438 969 126 64 gis
510 969 287 64 illaqueentur
743 969 215 64 daemonum
905 969 269 64 operatione:
1120 969 126 64 qui
1192 969 126 64 (vt
1264 969 162 64 dicit
1371 969 287 64 Chrysostomus
1605 969 162 64 super
1712 969 162 64 illud
1820 969 233 64 Matthaei.
2000 969 162 64 iiii.
2089 969 90 64 Non

445 1015 109 66 in
499 1015 145 66 solo
590 1015 163 66 pane)
699 1015 109 66 si
753 1015 163 66 vtile
862 1015 200 66 aliquid
1007 1015 218 66 iubeant:
1170 1015 127 66 nec
1243 1015 127 66 sic
1315 1015 181 66 quidem
1442 1015 127 66 eos
1515 1015 200 66 debemus
1660 1015 200 66 audire:
1805 1015 127 66 nec
1878 1015 200 66 diabolo
2005 1015 181 66 credamus

442 1069 185 73 vnquam:
577 1069 151 73 etiam
677 1069 101 73 si
728 1069 185 73 quaedam
862 1069 151 73 magna
963 1069 235 73 necessitas
1148 1069 168 73 vrget.
1265 1069 134 73 Tali
1349 1069 134 73 ergo
1433 1069 218 73 scientiae
1601 1069 101 73 vt
1652 1069 118 73 ait
1719 1069 269 73 Augustiniuss
1937 1069 151 73 nullo
2038 1069 134 73 modo
2105 1069 84 73 est

430 1125 264 66 studendum:
638 1125 132 66 per
713 1125 151 66 quam
808 1125 170 66 tamen
921 1125 245 66 studiosus
1109 1125 264 66 transiens,
1317 1125 226 66 quisquis
1487 1125 170 66 bonus
1600 1125 94 66 &
1638 1125 170 66 verus
1751 1125 283 66 christianus
1977 1125 189 66 domini
2091 1125 94 66 sui

444 1184 139 58 esse
530 1184 260 58 intelligat.
739 1184 226 58 vbicunque
912 1184 226 58 inuenerit
1086 1184 243 58 veritatem:
1277 1184 122 58 nec
1346 1184 156 58 debet
1451 1184 295 58 philosophica,
1694 1184 122 58 nec
1763 1184 226 58 daemonica
1937 1184 226 58 reputari.
2093 1184 104 58 Vti-

436 1223 122 77 lis
505 1223 157 77 autem
610 1223 209 77 scientia
766 1223 122 77 est
836 1223 209 77 scientia
993 1223 139 77 vere
1080 1223 296 77 philosophica,
1324 1223 139 77 quia
1411 1223 104 77 ad
1463 1223 279 77 perfectionem
1689 1223 192 77 humanae
1828 1223 192 77 naturae
1968 1223 192 77 inuenta
2090 1223 104 77 est.

439 1278 104 72 Et
491 1278 139 72 isti
577 1278 104 72 vt
629 1278 156 72 dicit
733 1278 260 72 Augustinus.
941 1278 191 72 studere
1080 1278 121 72 non
1149 1278 156 72 licet
1253 1278 104 72 ad
1305 1278 312 72 delectationem,
1564 1278 121 72 aut
1634 1278 104 72 vt
1686 1278 104 72 in
1738 1278 104 72 ea
1790 1278 139 72 spes
1876 1278 260 72 adipiscendi
2067 1278 121 72 bonam

440 1333 168 72 vitam
552 1333 224 72 ponatur,
721 1333 131 72 aut
796 1333 299 72 deceptionem,
1039 1333 131 72 aut
1113 1333 206 72 rixandi
1263 1333 262 72 libidinem.
1469 1333 187 72 omnino
1600 1333 150 72 enim
1693 1333 206 72 cauenda
1843 1333 131 72 est
1918 1333 187 72 libido
2030 1333 168 72 rixandi

440 1387 96 64 &
478 1387 231 64 puerilis
651 1387 269 64 ostentatio
863 1387 289 64 decipiendi.
1094 1387 115 64 ob
1152 1387 135 64 hoc
1229 1387 154 64 enim
1325 1387 231 64 sermonem
1498 1387 308 64 sophisticum:
1748 1387 96 64 &
1787 1387 289 64 captiosarum
1999 1387 192 64 argumen-

448 1437 213 68 tationum
608 1437 178 68 genera
733 1437 249 68 detestatur
928 1437 160 68 sacra
1035 1437 231 68 scriptura
1213 1437 124 68 cum
1284 1437 178 68 dicit.
1409 1437 124 68 Qui
1480 1437 249 68 sophistice
1675 1437 213 68 loquitur
1835 1437 213 68 odibilis
1995 1437 142 68 est.
2067 1437 124 68 Stude

441 1503 102 64 re
492 1503 153 64 tamen
594 1503 153 64 licet
696 1503 221 64 inquantum
866 1503 170 64 vtilis
986 1503 119 64 est
1054 1503 85 64 &
1088 1503 221 64 proficua.
1258 1503 204 64 secundum
1411 1503 136 64 quod
1496 1503 102 64 de
1547 1503 136 64 omni
1632 1503 136 64 tali
1717 1503 204 64 scientia
1871 1503 136 64 alia
1956 1503 85 64 a
1990 1503 153 64 sacra
2075 1503 119 64 scri-

435 1548 159 73 ptura
541 1548 124 73 dat
612 1548 247 73 Augustinus
806 1548 194 73 regulam
947 1548 229 73 generalem
1123 1548 176 73 versus
1247 1548 159 73 finem
1353 1548 194 73 secundi
1494 1548 106 73 de
1547 1548 212 73 doctrina
1706 1548 247 73 christiana
1900 1548 194 73 dicens.
2023 1548 159 73 videtur

442 1602 146 66 mihi
533 1602 237 66 studiosis
716 1602 91 66 &
752 1602 256 66 ingeniosis
953 1602 329 66 adolescentibus
1227 1602 91 66 &
1263 1602 256 66 timentibus
1464 1602 164 66 deum,
1573 1602 183 66 beatam
1701 1602 164 66 vitam
1811 1602 292 66 quaerentibus
2030 1602 164 66 salubri

438 1656 112 72 ter
502 1656 208 72 praecipi:
662 1656 96 72 vt
710 1656 160 72 nullus
821 1656 208 72 doctrinas
981 1656 128 72 quae
1061 1656 176 72 praeter
1189 1656 208 72 ecclesiam
1348 1656 176 72 Christi
1476 1656 240 72 exercentur,
1668 1656 176 72 tanquam
1796 1656 96 72 ad
1844 1656 160 72 beatam
1955 1656 144 72 vitam
2035 1656 160 72 capessen

438 1712 120 56 dam
507 1712 155 56 sequi
610 1712 189 56 audeat:
747 1712 120 56 sed
816 1712 120 56 eas
884 1712 172 56 sobrie
1004 1712 292 56 diligenterque
1245 1712 240 56 diiudicet.
1434 1712 172 56 Siquas
1554 1712 137 56 vero
1640 1712 223 56 inuenerit
1811 1712 155 56 vanas
1914 1712 86 56 &
1949 1712 206 56 ignotas,
2103 1712 120 56 ma-

442 1757 144 77 xime
532 1757 108 77 si
586 1757 180 77 habent
712 1757 126 77 cum
784 1757 252 77 daemonibus
983 1757 270 77 societatem,
1199 1757 216 77 repudiet
1361 1757 198 77 penitus
1505 1757 90 77 &
1541 1757 198 77 studium
1685 1757 270 77 detestetur.
1902 1757 144 77 Illa
1992 1757 144 77 vero
2064 1757 126 77 insti

443 1823 139 64 tuta
529 1823 139 64 quae
616 1823 104 64 ad
668 1823 243 64 societatem
859 1823 277 64 conviuentium
1084 1823 191 64 valent,
1223 1823 121 64 non
1292 1823 225 64 negligat:
1466 1823 121 64 sed
1535 1823 121 64 nec
1604 1823 225 64 liberales
1778 1823 225 64 scientias
1951 1823 156 64 visui
2038 1823 156 64 verita-

438 1865 126 72 tis
510 1865 217 72 aptiores
673 1865 90 72 &
709 1865 199 72 moralia
853 1865 235 72 praecepta
1034 1865 253 72 vtilissima
1233 1865 108 72 de
1287 1865 145 72 ipso
1377 1865 126 72 vno
1449 1865 126 72 deo
1522 1865 217 72 colendo:
1684 1865 145 72 quae
1775 1865 271 72 inueniuntur
1991 1865 145 72 apud
2064 1865 126 72 ipsos

448 1923 94 61 Et
495 1923 94 61 de
542 1923 188 61 civitate
683 1923 125 61 dei.
761 1923 141 61 viii.
855 1923 125 61 Homo
933 1923 235 61 christianus
1121 1923 282 61 ecclesiasticis
1355 1923 172 61 literis
1481 1923 188 61 eruditus
1621 1923 141 61 cauet
1715 1923 125 61 eos:
1793 1923 109 61 qui
1856 1923 188 61 secundum
1997 1923 188 61 elementa
2122 1923 78 61 hu-

442 1980 134 70 ius
519 1980 173 70 mundi
634 1980 364 70 philosophantur,
940 1980 134 70 non
1017 1980 230 70 secundum
1189 1980 153 70 deum
1285 1980 96 70 a
1323 1980 134 70 quo
1400 1980 192 70 factus
1534 1980 134 70 est
1611 1980 211 70 mundus.
1764 1980 249 70 Admonetur
1956 1980 153 70 enim
2033 1980 153 70 praece

448 2031 120 73 pto
516 2031 257 73 apostolico,
722 2031 137 73 quod
808 2031 171 73 audit.
928 2031 171 73 Cauete
1048 2031 103 73 ne
1099 2031 137 73 quis
1185 2031 120 73 vos
1254 2031 189 73 seducat
1391 2031 206 73 secundum
1545 2031 274 73 philosophiam
1768 2031 86 73 &
1803 2031 171 73 inanem
1923 2031 274 73 seductionem,
2128 2031 69 73 se

452 2085 179 72 cundum
577 2085 215 72 elementa
739 2085 161 72 huius
846 2085 179 72 mundi.
971 2085 179 72 Deinde
1097 2085 107 72 ne
1150 2085 161 72 omnes
1258 2085 161 72 tales
1365 2085 143 72 esse
1455 2085 287 72 arbitrentur,
1688 2085 143 72 audi
1777 2085 107 72 ab
1831 2085 161 72 eodem
1938 2085 215 72 apostolo
2082 2085 107 72 dici

452 2144 96 57 de
500 2144 225 57 quibusdam.
677 2144 129 57 Quia
757 2144 129 57 quod
838 2144 145 57 notum
934 2144 112 57 est
998 2144 129 57 dei,
1078 2144 225 57 manifestum
1255 2144 112 57 est
1319 2144 161 57 illis.
1432 2144 129 57 Deus
1512 2144 129 57 enim
1593 2144 145 57 illis
1689 2144 225 57 reuelauit.
1866 2144 96 57 Et
1914 2144 96 57 de
1962 2144 177 57 moribus
2075 2144 112 57 eccle

448 2191 157 69 siae.
552 2191 157 69 Nomen
657 2191 157 69 ipsum
762 2191 280 69 philosophiae
990 2191 105 69 si
1042 2191 297 69 consideretur,
1287 2191 122 69 rem
1357 2191 175 69 magnam
1480 2191 210 69 totamque
1637 2191 157 69 animo
1742 2191 245 69 appetendam
1935 2191 262 69 significat.
2127 2191 70 69 Si

448 2246 167 68 quidem
565 2246 250 68 philosophia
765 2246 117 68 est
832 2246 133 68 amor
915 2246 233 68 studiumque
1099 2246 250 68 sapientiae.
1299 2246 233 68 Cautissime
1482 2246 167 68 Apost,
1599 2246 100 68 ne
1649 2246 100 68 ab
1699 2246 150 68 amore
1799 2246 233 68 sapientiae
1982 2246 217 68 deterrere
2132 2246 67 68 vi

448 2299 202 66 deretur
594 2299 239 66 subiecit.
778 2299 220 66 Secundum
943 2299 220 66 elementa
1108 2299 165 66 huius
1218 2299 184 66 mundi.
1347 2299 147 66 Sunt
1439 2299 147 66 enim
1530 2299 128 66 qui
1604 2299 220 66 desertis
1769 2299 275 66 virtutibus:
1989 2299 92 66 &
2007 2299 184 66 nescien-

447 2348 129 60 tes
520 2348 147 60 quid
612 2348 129 60 sit
686 2348 166 60 deus:
796 2348 92 60 &
833 2348 184 60 quanta
962 2348 221 60 maiestas
1128 2348 202 60 naturae
1275 2348 184 60 semper
1404 2348 166 60 eodem
1514 2348 147 60 modo
1606 2348 239 60 manentis,
1790 2348 184 60 magnum
1919 2348 110 60 se
1974 2348 202 60 aliquid
2103 2348 92 60 age

439 2407 107 70 re
493 2407 196 70 putant:
635 2407 107 70 si
688 2407 231 70 vniuersam
866 2407 160 70 istam
973 2407 213 70 corporis
1133 2407 178 70 molem,
1257 2407 142 70 quam
1346 2407 178 70 mundum
1471 2407 249 70 nuncupamus
1666 2407 285 70 curiosissime
1880 2407 302 70 intentissimeque

445 2460 262 62 perquirant.
654 2460 140 62 Vnde
742 2460 157 62 tanta
847 2460 210 62 superbia
1004 2460 157 62 etiam
1109 2460 227 62 gignitur,
1284 2460 105 62 vt
1337 2460 105 62 in
1389 2460 140 62 ipso
1477 2460 157 62 caelo
1582 2460 105 62 de
1634 2460 122 62 quo
1704 2460 157 62 saepe
1809 2460 245 62 disputant:
2002 2460 192 62 sibimet
2124 2460 70 62 ha

444 2512 165 58 bitare
559 2512 231 58 videantur.
740 2512 132 58 ldem
822 2512 99 58 de
872 2512 165 58 ordine
987 2512 99 58 li
1037 2512 99 58 id
1086 2512 115 58 es.
1152 2512 99 58 in
1201 2512 148 58 fine.
1300 2512 181 58 Diuinae
1432 2512 231 58 scripturae
1613 2512 115 58 non
1679 2512 165 58 omnino
1795 2512 280 58 philosophias,
2025 2512 115 58 sed
2075 2512 115 58 philo

437 2566 181 61 sophos
564 2566 163 61 huius
673 2566 163 61 mundi
781 2566 254 61 euitandos:
981 2566 163 61 atque
1089 2566 254 61 irridendos
1289 2566 145 61 esse
1379 2566 290 61 praecipiunt:
1615 2566 127 61 nam
1688 2566 218 61 quisques
1851 2566 163 61 omnem
1941 2566 254 61 philosophiam

442 2623 219 66 fugiendam
611 2623 169 66 putat:
729 2623 152 66 nihil
830 2623 118 66 nos
898 2623 135 66 vult
982 2623 169 66 aliud,
1100 2623 135 66 quam
1185 2623 118 66 non
1252 2623 152 66 amare
1353 2623 253 66 sapientiam.
1556 2623 135 66 ldem
1640 2623 101 66 in
1691 2623 152 66 eodem
1792 2623 169 66 libro.
1910 2623 118 66 ii.
1978 2623 118 66 Ego
2045 2623 101 66 si
2096 2623 135 66 quid

438 2676 143 65 meos
528 2676 179 65 monere
653 2676 179 65 possum
778 2676 197 65 quantum
921 2676 143 65 mihi
1010 2676 215 65 apparet:
1171 2676 250 65 quantumque
1368 2676 197 65 sentio,
1511 2676 179 65 censeo
1636 2676 161 65 illos
1743 2676 268 65 disciplinis
1958 2676 197 65 omnibus
2083 2676 107 65 eru-

441 2726 209 65 diendos.
597 2726 139 65 Hinc
684 2726 157 65 dicit
789 2726 226 65 Hieronys.
963 2726 104 65 de
1015 2726 174 65 tribus
1137 2726 174 65 pueris
1259 2726 104 65 in
1311 2726 209 65 Daniele.
1468 2726 122 65 Qui
1537 2726 104 65 de
1590 2726 157 65 mensa
1694 2726 87 65 &
1729 2726 139 65 vino
1816 2726 157 65 regis
1920 2726 226 65 noluerunt
2077 2726 122 65 come-

449 2788 131 57 dere
530 2788 98 57 ne
579 2788 245 57 polluantur:
775 2788 163 57 vtique
889 2788 98 57 si
938 2788 228 57 sapientiam
1118 2788 147 57 atque
1216 2788 212 57 doctrinam
1379 2788 261 57 Babyloniorum
1591 2788 180 57 scirent
1722 2788 131 57 esse
1803 2788 212 57 peccatum,
1967 2788 114 57 non
2015 2788 180 57 acquiesce

439 2835 131 68 rent
520 2835 180 68 discere
651 2835 131 68 quod
733 2835 115 68 non
799 2835 196 68 licebat.
946 2835 131 68 Vnde
1028 2835 147 68 super
1126 2835 147 68 illud
1224 2835 147 68 Exod.
1322 2835 131 68 iii.
1404 2835 196 68 Postulet
1551 2835 164 68 mulier
1666 2835 82 68 a
1698 2835 164 68 vicina
1813 2835 115 68 sua
1878 2835 82 68 &
1911 2835 196 68 hospita.
2042 2835 147 68 Glossa.

436 2887 184 68 Poetae
564 2887 92 68 &
601 2887 257 68 philosophi
803 2887 257 68 quodammodo
1006 2887 147 68 sunt
1098 2887 166 68 nobis
1208 2887 202 68 vicini:
1355 2887 147 68 quia
1447 2887 110 68 in
1502 2887 184 68 multis
1631 2887 276 68 conveniunt.
1852 2887 147 68 Vasa
1944 2887 221 68 argentea
2109 2887 92 68 &
2127 2887 74 68 au

434 2946 156 61 rea.
532 2946 215 61 Glossa.
688 2946 234 61 Argentum
864 2946 98 61 &
903 2946 176 61 aurum
1020 2946 117 61 ab
1079 2946 254 61 aegyptiis
1274 2946 234 61 petimus:
1449 2946 156 61 vnde
1547 2946 312 61 tabernaculum
1801 2946 137 61 deo
1879 2946 293 61 fabricemus:
2093 2946 98 61 cum

428 2998 191 68 poetas
562 2998 96 68 &
600 2998 287 68 philosophos
829 2998 210 68 legimus
982 2998 115 68 vt
1039 2998 210 68 diuinam
1192 2998 268 68 scripturam
1402 2998 268 68 sapientius
1613 2998 96 68 &
1651 2998 248 68 facundius
1842 2998 229 68 legamus.
2014 2998 115 68 Ac
2052 2998 153 68 vestes

443 3049 149 65 Glos.
543 3049 149 65 Morum
642 3049 149 65 atque
741 3049 182 65 bonorum
873 3049 182 65 operum.
1005 3049 248 65 Ponetisque.
1203 3049 149 65 Glos.
1302 3049 231 65 Erudiendo.
1484 3049 149 65 Super
1583 3049 165 65 filios
1699 3049 198 65 vestros.
1847 3049 149 65 Glos.
1946 3049 198 65 Maiores.
2095 3049 99 65 Et
2128 3049 66 65 si

436 3099 153 75 lias.
538 3099 187 75 Glossa.
674 3099 204 75 Minores.
827 3099 102 75 Et
878 3099 255 75 spoliabitis
1082 3099 221 75 aegyptum.
1252 3099 187 75 Glossa.
1388 3099 221 75 Auferendo
1558 3099 136 75 quae
1643 3099 255 75 tabernaculo
1847 3099 170 75 domini
1966 3099 136 75 sunt
2034 3099 153 75 vtilia.

434 3157 214 58 Scientia
595 3157 161 58 autem
702 3157 250 58 necessaria
898 3157 125 58 est
970 3157 232 58 scriptura
1148 3157 178 58 sacra:
1273 3157 125 58 cui
1344 3157 303 58 principaliter
1594 3157 232 58 studendum
1773 3157 143 58 est:
1862 3157 89 58 &
1898 3157 143 58 omni
1987 3157 178 58 alteri
2094 3157 107 58 pro-

444 3211 130 75 pter
525 3211 162 75 ipsam.
639 3211 97 75 vt
687 3211 146 75 infra
785 3211 195 75 dicetur.
964 3211 97 75 Ad
1012 3211 162 75 primum
1126 3211 97 75 in
1175 3211 211 75 oppositum
1337 3211 130 75 quod
1418 3211 211 75 scientiis
1581 3211 276 75 philosophicis
1808 3211 179 75 studere
1938 3211 114 75 est
2003 3211 97 75 in
2036 3211 162 75 vanitate
