2383 3781
439 311 99 93 si
489 311 116 93 hil
555 311 182 93 essent.
687 311 132 93 Quod
770 311 165 93 reuera
886 311 182 93 vanitas
1018 311 132 93 erat
1101 311 165 93 summa:
1217 311 83 93 &
1250 311 132 93 ideo
1332 311 198 93 dicentes
1481 311 99 93 se
1531 311 132 93 esse
1613 311 231 93 sapientes:
1795 311 165 93 stulti
1911 311 149 93 facti
2010 311 149 93 sunt.
2093 311 99 93 Reue

443 398 106 72 ra
496 398 177 72 stulti
620 398 195 72 ponendo
762 398 283 72 beatitudinem
992 398 106 72 in
1045 398 248 72 cognitione
1240 398 142 72 quam
1328 398 177 72 habere
1452 398 212 72 poterant
1611 398 124 72 per
1682 398 248 72 creaturas:
1877 398 142 72 quae
1965 398 159 72 solum
2053 398 142 72 ponen-

448 448 93 56 da
494 448 108 56 est
556 448 93 56 in
602 448 216 56 cognitione
772 448 216 56 creatoris.
942 448 93 56 Et
988 448 124 56 ideo
1066 448 139 56 dicit
1158 448 216 56 Augustinus
1329 448 170 56 secundo
1452 448 93 56 de
1499 448 185 56 doctrina
1638 448 185 56 christan
1777 448 170 56 loquens
1900 448 93 56 de
1947 448 170 56 notitia
2055 448 139 56 creatu-

442 498 148 66 rarum
540 498 131 66 quam
622 498 197 66 habebant
770 498 246 66 philosophi.
967 498 131 66 Illa
1049 498 197 66 (inquit)
1197 498 197 66 plurimum
1344 498 246 66 intellectum
1541 498 197 66 adiuuat:
1689 498 164 66 tantum
1804 498 148 66 absit
1903 498 164 66 error:
2017 498 115 66 quo
2083 498 148 66 viden

440 552 120 67 tur
509 552 137 67 sibi
594 552 189 67 homines
732 552 155 67 ipsam
835 552 155 67 verae
938 552 155 67 vitae
1041 552 223 67 veritatem
1213 552 223 67 didicisse
1385 552 120 67 cum
1454 552 137 67 ista
1540 552 258 67 didicerint.
1746 552 189 67 Istorum
1883 552 189 67 positio
2021 552 120 67 non
2073 552 137 67 potest

443 602 200 78 stare.
583 602 140 78 Cum
663 602 160 78 enim
763 602 180 78 omnis
883 602 180 78 actio
1002 602 240 78 virtutum
1182 602 240 78 moralium
1362 602 120 78 ad
1422 602 280 78 serenandum
1642 602 200 78 oculum
1781 602 200 78 mentis
1921 602 280 78 ordinetur:
2121 602 80 78 vt

441 669 222 57 mundatus
608 669 185 57 possit
738 669 148 57 deum
830 669 185 57 videre
960 669 93 57 &
997 669 130 57 hic
1071 669 204 57 quantum
1219 669 241 57 possibile
1404 669 130 57 est
1478 669 130 57 per
1552 669 278 57 intellectum
1774 669 93 57 &
1811 669 185 57 fidem:
1941 669 111 57 in
1996 669 185 57 futuro
2107 669 93 57 ve-

443 717 97 71 ro
491 717 113 71 per
556 717 194 71 speciem:
702 717 194 71 superior
847 717 210 71 perfectio
1009 717 81 71 &
1042 717 227 71 perfectior
1220 717 113 71 est
1285 717 178 71 notitia
1414 717 178 71 sciendi
1544 717 129 71 deum
1624 717 81 71 &
1657 717 162 71 diuina
1770 717 129 71 quam
1851 717 146 71 omnis
1948 717 194 71 virtutis
2078 717 113 71 mora-

442 763 113 76 lis
507 763 162 76 actio.
620 763 113 76 Non
684 763 113 76 est
749 763 129 76 ergo
830 763 146 76 scire
927 763 243 76 simpliciter
1121 763 178 76 propter
1251 763 162 76 agere:
1364 763 113 76 sed
1429 763 226 76 econverso.
1606 763 97 76 Et
1655 763 129 76 quod
1736 763 146 76 scire
1833 763 178 76 dirigit
1962 763 162 76 agere:
2076 763 113 76 hoc
2124 763 81 76 est

439 821 186 70 propter
574 821 118 70 se,
642 821 101 70 vt
693 821 186 70 clarius
828 821 220 70 contingat
997 821 152 70 scire
1099 821 152 70 oculo
1200 821 169 70 mentis
1319 821 203 70 serenato
1471 821 118 70 per
1538 821 169 70 agere.
1657 821 118 70 Nec
1724 821 118 70 est
1792 821 152 70 agere
1894 821 118 70 per
1961 821 203 70 virtutes
2097 821 101 70 mora

436 879 121 72 les
505 879 173 72 omnino
626 879 190 72 maioris
764 879 190 72 meriti:
903 879 138 72 quam
989 879 208 72 secundum
1145 879 329 72 intellectuales.
1422 879 138 72 Immo
1508 879 225 72 econverso
1681 879 190 72 quantum
1819 879 121 72 est
1889 879 104 72 de
1941 879 190 72 ratione
2062 879 138 72 operis

443 935 177 71 maioris
572 935 161 71 meriti
685 935 113 71 est
749 935 129 71 opus
830 935 290 71 contemplatiuae
1072 935 129 71 quam
1152 935 193 71 actiuae:
1297 935 81 71 &
1330 935 145 71 magis
1426 935 145 71 debet
1523 935 129 71 esse
1604 935 97 71 in
1652 935 226 71 electione:
1829 935 210 71 inquantum
1990 935 145 71 tamen
2071 935 129 71 contem

445 981 160 82 plari
552 981 106 82 ex
605 981 231 82 voluntate
782 981 248 82 imperatur:
977 981 89 82 &
1013 981 248 82 charitatis
1208 981 177 82 amore.
1332 981 124 82 Sed
1403 981 124 82 hoc
1474 981 231 82 declarari
1651 981 160 82 habet
1758 981 106 82 in
1811 981 248 82 quaestione
2006 981 106 82 de
2041 981 160 82 compara

448 1041 155 69 tione
551 1041 155 69 vitae
654 1041 189 69 actiuae
792 1041 86 69 &
826 1041 327 69 contemplatiuae.
1101 1041 138 69 Dico
1187 1041 155 69 autem
1290 1041 103 69 ex
1342 1041 241 69 charitatis
1531 1041 172 69 amore:
1651 1041 138 69 quia
1737 1041 138 69 sine
1823 1041 223 69 charitate
1995 1041 155 69 nulla
2081 1041 120 69 valet

447 1089 223 76 praesentis
622 1089 144 76 vitae
718 1089 159 76 actio.
830 1089 96 76 vt
878 1089 159 76 dictum
989 1089 112 76 est
1053 1089 191 76 secundum
1196 1089 223 76 apostolum.
1372 1089 96 76 i.
1420 1089 191 76 Corinth.
1563 1089 144 76 xiii,
1659 1089 112 76 nec
1723 1089 207 76 cognitio:
1882 1089 128 76 quia
1962 1089 191 76 scientia
2089 1089 112 76 huius

445 1151 131 69 vitae
533 1151 88 69 si
577 1151 117 69 sola
650 1151 102 69 sit
708 1151 161 69 inflat:
825 1151 73 69 &
854 1151 102 69 non
913 1151 117 69 nisi
986 1151 102 69 per
1044 1151 204 69 charitatem
1205 1151 204 69 aedificat.
1366 1151 88 69 vt
1409 1151 175 69 dicitur.
1541 1151 88 69 i.
1585 1151 161 69 Corith.
1701 1151 131 69 viii.
1789 1151 102 69 vbi
1847 1151 131 69 dicit
1935 1151 131 69 glos.
2023 1151 175 69 Scientia
2140 1151 58 69 si

444 1195 137 74 sola
530 1195 120 74 est
598 1195 103 74 in
650 1195 223 74 superbiam
822 1195 223 74 extollit.
993 1195 137 74 ergo
1079 1195 103 74 si
1131 1195 120 74 vis
1199 1195 172 74 habere
1319 1195 120 74 non
1388 1195 223 74 inflantem
1560 1195 240 74 scientiam:
1749 1195 137 74 adde
1834 1195 258 74 charitatem:
2040 1195 86 74 &
2058 1195 137 74 vtilis

446 1249 128 64 erit
526 1249 208 64 scientia.
685 1249 112 64 per
749 1249 96 64 se
797 1249 128 64 enim
877 1249 192 64 inutilis
1021 1249 128 64 est:
1101 1249 96 64 vt
1148 1249 144 64 patet
1244 1249 96 64 in
1292 1249 223 64 rationibus
1468 1249 144 64 supra
1563 1249 192 64 inductis
1707 1249 96 64 ad
1755 1249 128 64 hoc:
1835 1249 80 64 &
1867 1249 144 64 etiam
1963 1249 160 64 dictum
2074 1249 128 64 est.
2138 1249 64 64 su

447 1298 112 80 pra
511 1298 191 80 secundum
654 1298 159 80 apost.
766 1298 96 80 i.
814 1298 175 80 Corith.
941 1298 144 80 xiii.
1037 1298 287 80 Qualitercumque
1276 1298 128 80 ergo
1356 1298 96 80 se
1404 1298 175 80 habebit
1531 1298 112 80 res
1595 1298 96 80 in
1643 1298 144 80 statu
1739 1298 191 80 gloriae:
1882 1298 96 80 in
1930 1298 144 80 statu
2010 1298 191 80 praesentis

450 1366 141 70 vitae
544 1366 110 70 non
607 1366 110 70 est
670 1366 204 70 studendum
826 1366 94 70 ad
873 1366 141 70 scire
967 1366 172 70 propter
1093 1366 110 70 se:
1155 1366 110 70 sed
1218 1366 94 70 vt
1265 1366 110 70 per
1328 1366 172 70 habitam
1453 1366 204 70 scientiam
1609 1366 157 70 sciens
1719 1366 94 70 ex
1766 1366 172 70 cognito
1891 1366 204 70 dirigatur
2048 1366 94 70 in
2079 1366 110 70 actio

435 1422 138 67 nem:
521 1422 86 67 &
556 1422 121 67 hoc
625 1422 190 67 quantum
763 1422 104 67 ad
815 1422 225 67 scientias
988 1422 242 67 practicas,
1178 1422 190 67 quantum
1317 1422 138 67 vero
1403 1422 104 67 ad
1455 1422 225 67 scientias
1628 1422 277 67 speculatiuas
1853 1422 104 67 vt
1905 1422 190 67 amplius
2026 1422 173 67 inflamme

441 1474 112 67 tur
505 1474 96 67 ad
553 1474 175 67 amorem.
680 1474 128 67 Vnde
760 1474 175 67 videtur
888 1474 128 67 esse
967 1474 271 67 distinguendum
1190 1474 96 67 de
1238 1474 144 67 scire
1334 1474 80 67 &
1366 1474 159 67 agere.
1477 1474 112 67 Est
1541 1474 128 67 enim
1621 1474 175 67 quaedam
1749 1474 191 67 scientia
1892 1474 223 67 agibilium:
2051 1474 144 67 quaedam

442 1524 116 74 vero
514 1524 260 74 speculabilium.
731 1524 188 74 Similiter
875 1524 101 74 est
933 1524 159 74 quaedam
1048 1524 130 74 actio
1135 1524 217 74 executionis
1309 1524 202 74 agibilium:
1467 1524 159 74 quaedam
1583 1524 116 74 vero
1655 1524 217 74 dilectionis
1829 1524 260 74 speculabilium.
2046 1524 173 74 Loquendo

443 1578 143 73 autem
539 1578 95 73 de
586 1578 191 73 scientia
729 1578 80 73 &
761 1578 175 73 actione
889 1578 95 73 in
936 1578 239 73 agibilibus:
1127 1578 191 73 scientia
1270 1578 111 73 est
1334 1578 175 73 propter
1461 1578 207 73 actionem:
1620 1578 80 73 &
1652 1578 143 73 actio
1748 1578 111 73 est
1811 1578 143 73 finis
1907 1578 223 73 scientiae.
2082 1578 95 73 vt
2129 1578 95 73 in

446 1621 216 83 scientiis
612 1621 232 83 practicis:
795 1621 100 83 in
844 1621 166 83 quibus
961 1621 216 83 studendum
1126 1621 116 83 non
1193 1621 116 83 est
1259 1621 149 83 scire
1359 1621 182 83 propter
1491 1621 116 83 se:
1558 1621 116 83 sed
1624 1621 182 83 propter
1757 1621 149 83 opus.
1856 1621 199 83 secundum
2006 1621 133 83 quod
2072 1621 116 83 dicit

441 1675 265 69 Philosophus
653 1675 106 69 de
706 1675 212 69 scientia
865 1675 176 69 Ethic.
988 1675 212 69 Praesens
1147 1675 212 69 negotium
1306 1675 124 69 non
1376 1675 124 69 est
1447 1675 106 69 vt
1500 1675 212 69 sciamus:
1659 1675 124 69 sed
1729 1675 106 69 vt
1782 1675 141 69 boni
1870 1675 194 69 fiamus.
2012 1675 212 69 Loquendo

452 1738 134 67 vero
536 1738 101 67 de
587 1738 201 67 scientia
738 1738 84 67 &
771 1738 185 67 actione
905 1738 101 67 in
956 1738 319 67 speculabilibus:
1224 1738 118 67 sic
1292 1738 218 67 similiter
1459 1738 118 67 est
1527 1738 201 67 scientia
1678 1738 185 67 propter
1812 1738 218 67 actionem:
1980 1738 118 67 nec
2047 1738 134 67 enim
2114 1738 84 67 est

443 1788 220 67 studendum
612 1788 152 67 scire
714 1788 254 67 speculanda:
917 1788 135 67 nisi
1001 1788 220 67 dirigendo
1170 1788 101 67 ad
1221 1788 135 67 illa
1306 1788 135 67 quae
1390 1788 101 67 ex
1441 1788 220 67 charitate
1610 1788 135 67 sunt
1695 1788 237 67 diligenda:
1881 1788 101 67 vt
1931 1788 186 67 cognita
2050 1788 152 67 diligan

450 1838 140 82 tur.
537 1838 192 82 Propter
677 1838 157 82 autem
782 1838 210 82 operanda
939 1838 157 82 primo
1044 1838 140 82 modo
1131 1838 122 82 non
1201 1838 122 82 est
1271 1838 227 82 studendum
1446 1838 227 82 scientiae
1621 1838 192 82 secundo
1761 1838 140 82 modo
1848 1838 192 82 dictae:
1988 1838 122 82 sed
2041 1838 157 82 propter

448 1892 161 78 ipsam
556 1892 161 78 magis
663 1892 125 78 est
735 1892 233 78 operandum
914 1892 143 78 illa
1004 1892 269 78 operatione.
1219 1892 215 78 Absolute
1380 1892 143 78 ergo
1470 1892 215 78 dicendum
1631 1892 143 78 quod
1721 1892 161 78 nulli
1828 1892 233 78 scientiae
1990 1892 197 78 studendum

451 1957 115 67 est
516 1957 148 67 scire
615 1957 181 67 propter
747 1957 115 67 se:
813 1957 115 67 sed
879 1957 181 67 propter
1010 1957 165 67 aliud:
1126 1957 115 67 aut
1192 1957 181 67 propter
1323 1957 198 67 actionem
1471 1957 231 67 agendorum:
1653 1957 99 67 vt
1702 1957 99 67 in
1751 1957 214 67 scientiis
1916 1957 247 67 operatiuis:
2114 1957 115 67 aut

443 2007 185 69 propter
577 2007 168 69 amorem
695 2007 285 69 diligendorum:
930 2007 101 69 vt
980 2007 101 69 in
1030 2007 218 69 scientiis
1198 2007 134 69 pure
1282 2007 285 69 speculatiuis.
1517 2007 134 69 Vnde
1601 2007 151 69 super
1702 2007 168 69 illud.
1819 2007 101 69 i.
1869 2007 185 69 Corith.
2004 2007 151 69 viii.
2088 2007 117 69 Scien

443 2065 110 66 tia
506 2065 174 66 inflat:
633 2065 189 66 charitas
775 2065 142 66 autem
869 2065 221 66 aedificat.
1043 2065 142 66 dicit
1138 2065 142 66 Glos.
1232 2065 158 66 Addite
1343 2065 205 66 scientiae
1501 2065 237 66 charitatem:
1690 2065 95 66 et
1737 2065 158 66 vtilis
1848 2065 142 66 erit.
1942 2065 189 66 scientia
2085 2065 110 66 per
2132 2065 63 66 se

445 2108 190 69 inutilis
587 2108 126 69 est.
666 2108 142 69 Quare
761 2108 111 69 nec
824 2108 205 69 praecipue
982 2108 126 69 isti
1061 2108 205 69 scientiae
1219 2108 158 69 sacrae
1330 2108 237 69 scripturae:
1520 2108 142 69 cuius
1614 2108 190 69 proprius
1757 2108 142 69 finis
1851 2108 111 69 est
1915 2108 190 69 charitas
2057 2108 95 69 de
2088 2108 111 69 corde

439 2169 138 60 puro
525 2169 86 60 &
559 2169 258 60 conscientia
765 2169 138 60 bona
851 2169 86 60 &
886 2169 138 60 fide
972 2169 120 60 non
1040 2169 172 60 ficta:
1161 2169 86 60 &
1195 2169 120 60 hoc
1264 2169 120 60 tam
1333 2169 103 60 ad
1384 2169 223 60 praecepta
1556 2169 275 60 credendorum:
1779 2169 138 60 quam
1865 2169 241 60 agendorum.
2037 2169 155 60 Propter

436 2225 139 65 quod
523 2225 157 65 dicit
627 2225 244 65 Augustinus
819 2225 105 65 in
871 2225 192 65 sermone
1011 2225 105 65 de
1063 2225 157 65 laude
1168 2225 261 65 charitatis.
1377 2225 157 65 Totam
1481 2225 279 65 magnitudinem
1708 2225 87 65 &
1743 2225 261 65 altitudinem
1952 2225 227 65 diuinorum
2109 2225 87 65 elo

450 2279 199 56 quiorum
595 2279 181 56 secura
722 2279 217 56 possidet
885 2279 236 56 charitas:
1066 2279 127 56 qua
1138 2279 145 56 deum
1229 2279 272 56 proximumque
1446 2279 254 56 diligimus.
1646 2279 109 56 vt
1700 2279 163 56 infra
1809 2279 217 56 dicetur:
1972 2279 217 56 loquendo
2117 2279 72 56 de

443 2332 194 57 auditore
588 2332 146 57 huius
685 2332 226 57 scientiae.
863 2332 97 57 Et
912 2332 129 57 ideo
993 2332 146 57 dicit
1090 2332 146 57 Augu.
1187 2332 146 57 xiii.
1284 2332 97 57 de
1333 2332 226 57 trinitate.
1511 2332 146 57 Habet
1608 2332 194 57 scientia
1753 2332 146 57 modum
1850 2332 129 57 suum
1931 2332 162 57 bonum,
2044 2332 97 57 si
2093 2332 129 57 quid

445 2374 105 74 in
498 2374 105 74 ea
551 2374 193 74 inflare
691 2374 158 74 solet
796 2374 246 74 aeternorum
990 2374 228 74 charitate
1165 2374 228 74 vincatur.
1341 2374 140 74 Vnde
1428 2374 158 74 dicit
1534 2374 211 74 Bernard.
1692 2374 123 74 Non
1762 2374 176 74 probat
1885 2374 228 74 apostolus
2043 2374 140 74 multam

434 2427 223 80 scientiam
605 2427 103 80 si
657 2427 154 80 modum
759 2427 189 80 sciendi
897 2427 206 80 nescias.
1051 2427 154 80 Modus
1154 2427 154 80 autem
1257 2427 189 80 sciendi
1394 2427 120 80 est
1462 2427 103 80 vt
1514 2427 223 80 scientias
1685 2427 120 80 quo
1754 2427 189 80 ordine:
1891 2427 120 80 quo
1959 2427 189 80 studio:
2096 2427 120 80 quo

428 2483 137 68 fine
513 2483 154 68 nosse
616 2483 188 68 quaeque
753 2483 205 68 oportet.
907 2483 120 68 Quo
976 2483 188 68 ordine,
1113 2483 103 68 vt
1164 2483 154 68 illud
1267 2483 154 68 prius
1369 2483 137 68 quod
1455 2483 205 68 maturius
1609 2483 103 68 ad
1660 2483 205 68 salutem,
1815 2483 120 68 quo
1883 2483 188 68 studio:
2020 2483 103 68 vt
2071 2483 103 68 id
2106 2483 68 68 ar

433 2547 184 69 dentius
567 2547 134 69 quod
650 2547 250 69 vehementius
851 2547 200 69 promouet
1001 2547 100 69 ad
1051 2547 184 69 amorem,
1184 2547 117 69 quo
1251 2547 150 69 fine:
1351 2547 100 69 vt
1401 2547 184 69 propter
1535 2547 134 69 tuam
1618 2547 83 69 &
1652 2547 184 69 proximi
1785 2547 250 69 vtilitatem.
1986 2547 167 69 Quidam
2086 2547 100 69 enim

430 2595 190 71 student
568 2595 104 71 vt
620 2595 190 71 sciant:
758 2595 86 71 &
793 2595 242 71 curiositas
983 2595 138 71 est:
1069 2595 173 71 quidam
1190 2595 104 71 vt
1242 2595 225 71 sciantur:
1415 2595 86 71 &
1450 2595 173 71 turpis
1571 2595 190 71 vanitas
1709 2595 138 71 est:
1796 2595 173 71 quidam
1917 2595 277 71 vtiditentur:
2124 2595 52 71 &

425 2650 169 57 turpis
543 2650 202 57 quaestus
695 2650 135 57 est:
779 2650 169 57 quidam
897 2650 101 57 vt
948 2650 253 57 aedificent:
1150 2650 84 57 &
1184 2650 202 57 charitas
1319 2650 101 57 est.

481 2697 121 78 Ad
542 2697 202 78 primum
683 2697 121 78 in
744 2697 283 78 oppositum,
966 2697 162 78 quod
1067 2697 182 78 scire
1189 2697 141 78 est
1269 2697 303 78 intellectus
1512 2697 283 78 perfectio:
1734 2697 243 78 Dicendum
1916 2697 162 78 quod
2017 2697 121 78 in
2058 2697 121 78 argu

428 2767 156 70 mento
532 2767 121 70 est
601 2767 173 70 figura
722 2767 242 70 dictionis:
912 2767 242 70 commutando
1103 2767 156 70 quale
1207 2767 104 70 in
1259 2767 156 70 quid.
1362 2767 121 70 Cum
1432 2767 138 70 enim
1518 2767 190 70 dicitur
1657 2767 138 70 quod
1743 2767 225 70 studendum
1916 2767 121 70 est
1986 2767 173 70 homini
2089 2767 87 70 pro

428 2816 132 71 pter
510 2816 263 71 persectionem
724 2816 263 71 intellectus,
937 2816 214 71 perfectio
1102 2816 132 71 stat
1184 2816 115 71 ibi
1250 2816 247 71 concretiue:
1447 2816 82 71 &
1480 2816 197 71 supponit
1628 2816 115 71 ibi
1694 2816 99 71 vt
1743 2816 164 71 quale,
1858 2816 115 71 sub
1924 2816 115 71 hoc
1990 2816 164 71 sensu:
2089 2816 82 71 stu

430 2881 165 66 dendum
546 2881 116 66 est
612 2881 165 66 homini
728 2881 182 66 propter
860 2881 264 66 perfectionem
1075 2881 248 66 intellectus
1273 2881 99 66 id
1322 2881 99 66 i.
1372 2881 99 66 vt
1421 2881 248 66 intellectus
1620 2881 132 66 eius
1702 2881 215 66 perfectus
1867 2881 149 66 fiat.
1966 2881 198 66 supponit
2115 2881 99 66 au

438 2936 116 71 tem
505 2936 116 71 pro
571 2936 216 71 abstracto
738 2936 116 71 cum
804 2936 199 71 dicitur:
954 2936 150 71 scire
1053 2936 116 71 est
1120 2936 216 71 perfectio
1286 2936 266 71 intellectus:
1502 2936 83 71 &
1535 2936 116 71 ita
1602 2936 100 71 vt
1652 2936 150 71 quid.
1751 2936 150 71 Scire
1851 2936 133 71 enim
1934 2936 116 71 est
2001 2936 133 71 ipsa
2067 2936 100 71 per-

436 2978 195 76 fectio.
578 2978 89 76 &
614 2978 142 76 ideo
703 2978 124 76 non
774 2978 213 76 sequitur
934 2978 231 76 conclusio
1111 2978 124 76 pro
1182 2978 249 76 abstracto:
1378 2978 142 76 quae
1466 2978 124 76 pro
1538 2978 213 76 concreto
1697 2978 142 76 bene
1786 2978 266 76 sequeretur.
1999 2978 142 76 Haec
2070 2978 107 76 enim

436 3036 120 65 est
504 3036 154 65 vera.
607 3036 223 65 Studendum
778 3036 120 65 est
847 3036 171 65 homini
967 3036 103 65 vt
1018 3036 154 65 sciat
1121 3036 188 65 propter
1258 3036 257 65 intellectus
1463 3036 291 65 perfectionem,
1703 3036 103 65 id
1754 3036 120 65 est
1823 3036 103 65 vt
1874 3036 137 65 ipse
1942 3036 223 65 intellectus

432 3090 116 58 sit
499 3090 233 58 perfectus.
682 3090 133 58 Illa
765 3090 150 58 tamen
865 3090 116 58 est
931 3090 166 58 falsa.
1048 3090 216 58 studendum
1214 3090 116 58 est
1280 3090 166 58 homini
1397 3090 100 58 vt
1447 3090 166 58 sciat,
1563 3090 100 58 id
1613 3090 116 58 est
1679 3090 183 58 propter
1812 3090 150 58 ipsam
1912 3090 233 58 scientiam,
2078 3090 100 58 siue

429 3138 177 70 propter
558 3138 145 70 ipsum
654 3138 161 70 scire.
767 3138 145 70 licet
863 3138 129 70 enim
944 3138 193 70 scientia
1089 3138 113 70 sit
1153 3138 145 70 finis
1250 3138 80 70 &
1282 3138 209 70 perfectio
1443 3138 241 70 intellectus
1636 3138 161 70 (vltra
1749 3138 129 70 enim
1829 3138 209 70 scientiam
1990 3138 145 70 nullo
2070 3138 97 70 alio

422 3200 249 72 perficitur)
622 3200 116 72 non
688 3200 150 72 tamen
788 3200 116 72 est
855 3200 150 72 finis
954 3200 216 72 suiipsius
1121 3200 100 72 vt
1171 3200 116 72 sit
1237 3200 183 72 propter
1370 3200 183 72 seipsam
1503 3200 200 72 scientia
1653 3200 116 72 vel
1719 3200 150 72 ipsum
1819 3200 166 72 scire,
1935 3200 83 72 &
1969 3200 116 72 sit
2018 3200 150 72 vltimus

423 3255 172 93 finis:
543 3255 120 93 vel
612 3255 103 93 in
663 3255 103 93 eo
715 3255 120 93 sit
783 3255 189 93 status:
921 3255 137 93 quia
1007 3255 155 93 scire
1110 3255 223 93 ordinatur
1281 3255 103 93 ad
1333 3255 275 93 perfectionem
1556 3255 240 93 vlteriorem
1745 3255 103 93 in
1796 3255 172 93 homine
1916 3255 103 93 vt
1968 3255 172 93 dictum
2071 3255 103 93 est.
