2480 3777
252 292 142 79 alia
341 292 213 79 scientia
501 292 124 79 est
572 292 107 79 de
626 292 302 79 vniuersalibus
875 292 89 79 &
910 292 373 79 intelligibilibus.
1230 292 196 79 Secundo
1373 292 142 79 modo
1461 292 142 79 bene
1550 292 178 79 potest
1675 292 142 79 esse
1764 292 107 79 de
1799 292 196 79 singulari

257 360 121 65 bus
326 360 86 65 &
360 360 294 65 sensibilibus.
603 360 86 65 &
637 360 121 65 hoc
706 360 138 65 modo
793 360 225 65 historiae
966 360 86 65 &
1000 360 156 65 gesta
1104 360 277 65 particularia
1329 360 86 65 &
1363 360 242 65 sensibilia
1554 360 104 65 in
1606 360 121 65 hac
1675 360 208 65 scientia
1813 360 173 65 introdu-

261 418 172 63 cuntur:
386 418 109 63 non
449 418 109 63 tam
511 418 172 63 propter
636 418 250 63 necessitatem
839 418 219 63 scientiae:
1011 418 125 63 quam
1089 418 172 63 propter
1214 418 265 63 declarationem
1432 418 141 63 eorum
1526 418 125 63 quae
1604 418 203 63 pertinent
1745 418 234 63 principaliter

253 469 95 79 ad
301 469 223 79 scientiam:
476 469 79 79 &
507 469 175 79 propter
635 469 254 79 addiscentem:
841 469 79 79 &
873 469 111 79 hoc
937 469 175 79 duplici
1064 469 95 79 de
1112 469 159 79 causa.
1223 469 191 79 scilicet
1366 469 254 79 necessitatis
1573 469 79 79 &
1604 469 270 79 commoditatis.
1811 469 175 79 Necessita

253 529 120 67 tis,
328 529 90 67 eo
373 529 120 67 quod
449 529 165 67 diuina,
569 529 120 67 quia
644 529 211 67 facultatem
810 529 165 67 nostram
930 529 196 67 excedunt:
1080 529 150 67 aliter
1186 529 150 67 capere
1291 529 105 67 non
1351 529 196 67 possumus.
1502 529 181 67 secundum
1637 529 120 67 quod
1712 529 135 67 dicit
1802 529 120 67 Dio.
1878 529 90 67 i.
1908 529 75 67 ca.

264 572 102 65 de
315 572 153 65 cael.
417 572 187 65 Hierar.
553 572 119 65 Non
621 572 136 65 erat
706 572 221 65 possibile
876 572 170 65 nostro
995 572 153 65 animo
1097 572 102 65 ad
1147 572 119 65 non
1215 572 238 65 materialem
1402 572 238 65 caelestium
1589 572 221 65 ascendere
1742 572 238 65 contemplatio

250 627 133 62 nem:
334 627 133 62 nisi
417 627 100 62 ea
467 627 133 62 quae
550 627 200 62 secundum
700 627 150 62 ipsum
800 627 117 62 est
867 627 217 62 materiali
1034 627 267 62 manuductione
1251 627 183 62 vtamur.
1384 627 283 62 Commoditatis,
1617 627 133 62 quia
1701 627 117 62 per
1767 627 183 62 exempla
1884 627 100 62 sin-

263 690 164 54 gularia
382 690 208 54 sensibilia
546 690 134 54 nobis
635 690 223 54 consentanea
814 690 179 54 facilius
948 690 164 54 quaeque
1067 690 179 54 capimus:
1201 690 119 54 quam
1275 690 164 54 sermone
1394 690 223 54 vniversalis
1573 690 134 54 nobis
1662 690 208 54 proposita.
1826 690 179 54 secundum

261 741 120 65 quod
336 741 135 65 dicit
426 741 210 65 Augustinus
591 741 105 65 li.
651 741 90 65 de
696 741 195 65 mendacio.
845 741 165 65 Diuinae
965 741 210 65 scripturae
1130 741 105 65 non
1190 741 135 65 solum
1280 741 195 65 praecepta
1430 741 105 65 dei
1490 741 210 65 continent,
1654 741 105 65 sed
1714 741 135 65 etiam
1804 741 135 65 vitam
1894 741 105 65 mo-

256 786 148 71 resque
360 786 193 71 iustorum:
508 786 89 71 vt
553 786 89 71 si
597 786 134 71 forte
686 786 178 71 occultum
820 786 104 71 est
879 786 223 71 quemadmodum
1057 786 223 71 accipiendum
1235 786 104 71 sit
1295 786 119 71 quod
1369 786 237 71 praecipitur,
1562 786 89 71 in
1606 786 148 71 factis
1710 786 193 71 sanctorum
1843 786 134 71 intelli

250 846 167 59 gatur.
367 846 134 59 Hinc
451 846 151 59 etiam
552 846 151 59 dicit
652 846 117 59 Leo
719 846 151 59 papa.
820 846 218 59 Validiora
987 846 134 59 sunt
1071 846 184 59 exempla
1205 846 134 59 quam
1288 846 167 59 verba:
1406 846 84 59 &
1439 846 184 59 plenius
1573 846 117 59 est
1640 846 117 59 ope
1707 846 167 59 docere
1824 846 134 59 quam
1891 846 84 59 ser

254 899 140 69 mone.
348 899 125 69 Vnde
426 899 78 69 &
457 899 125 69 ista
535 899 218 69 sensibilia
707 899 203 69 historica
862 899 94 69 in
909 899 109 69 hac
972 899 203 69 scientia,
1128 899 125 69 sunt
1205 899 140 69 quasi
1299 899 172 69 exempla
1424 899 94 69 in
1471 899 156 69 aliis:
1580 899 125 69 quae
1658 899 140 69 licet
1751 899 156 69 ponere
1860 899 94 69 in
1891 899 94 69 omni

244 942 201 60 scientia:
398 942 93 60 vt
445 942 186 60 facilius
584 942 155 60 capiat
692 942 108 60 qui
754 942 201 60 addiscit.
908 942 186 60 secundum
1047 942 124 60 quod
1125 942 170 60 dicitur
1248 942 139 60 primo
1341 942 186 60 Priorum.
1480 942 108 60 Nec
1542 942 139 60 tamen
1635 942 93 60 vt
1681 942 124 60 nuda
1759 942 170 60 exempla
1882 942 77 60 &
1898 942 77 60 pu-

259 995 92 78 re
305 995 216 78 historica:
474 995 139 78 talia
567 995 92 78 in
613 995 123 78 ista
690 995 185 78 scientia
829 995 123 78 sunt
906 995 231 78 accipienda,
1091 995 123 78 quia
1168 995 123 78 tunc
1245 995 108 78 non
1306 995 154 78 essent
1414 995 154 78 omnino
1522 995 92 78 de
1568 995 231 78 integritate
1753 995 139 78 fidei
1846 995 77 78 &
1861 995 108 78 huius

256 1051 230 64 scientiae.
437 1051 115 64 Sed
502 1051 181 64 debemus
634 1051 99 64 ea
684 1051 198 64 accipere
832 1051 99 64 vt
881 1051 148 64 facta
980 1051 148 64 legis
1079 1051 263 64 declaratiua:
1293 1051 82 64 &
1326 1051 115 64 cum
1391 1051 115 64 hoc
1457 1051 115 64 vim
1523 1051 263 64 praeceptorum
1737 1051 148 64 legis
1836 1051 99 64 in
1885 1051 99 64 se
1918 1051 66 64 ha

253 1105 181 74 bentia.
384 1105 197 74 Secundum
532 1105 132 74 quod
614 1105 148 74 dicit
713 1105 165 74 Ambrus
828 1105 99 74 in
878 1105 165 74 Hexam.
993 1105 263 74 Aiaduertimus
1207 1105 99 74 ea
1256 1105 132 74 quae
1338 1105 132 74 nunc
1421 1105 99 74 in
1470 1105 165 74 specie
1585 1105 214 74 historiae
1750 1105 214 74 traduntur
1898 1105 82 74 vim

244 1158 192 62 statuisse
392 1158 133 62 legis
480 1158 88 62 in
524 1158 192 62 posterum.
701 1158 88 62 Ad
745 1158 177 62 tertium,
878 1158 118 62 quod
952 1158 88 62 de
996 1158 103 62 his
1055 1158 118 62 quae
1129 1158 177 62 tenentur
1261 1158 118 62 fide
1335 1158 103 62 non
1394 1158 103 62 est
1453 1158 192 62 scientia:
1600 1158 177 62 Dicendum
1733 1158 177 62 secundum
1866 1158 103 62 iam
1910 1158 59 62 di

254 1216 118 61 cta:
328 1216 118 61 quod
402 1216 133 61 verum
491 1216 104 61 est
550 1216 163 61 stricte
668 1216 163 61 sumendo
787 1216 207 61 scientiam:
949 1216 118 61 nisi
1023 1216 192 61 inquantum
1171 1216 207 61 credibilia
1334 1216 118 61 sunt
1408 1216 104 61 est
1467 1216 281 61 intelligibilia.
1704 1216 133 61 Large
1793 1216 133 61 autem
1866 1216 104 61 sumen

261 1266 95 72 do
309 1266 222 72 scientiam,
484 1266 127 72 bene
563 1266 143 72 verum
658 1266 143 72 etiam
754 1266 111 72 est
817 1266 127 72 quod
897 1266 95 72 de
944 1266 111 72 eis
1008 1266 111 72 est
1071 1266 191 72 scientia
1214 1266 95 72 vt
1262 1266 222 72 credibilia
1437 1266 143 72 sunt:
1532 1266 95 72 vt
1580 1266 159 72 dictum
1691 1266 127 72 est.
1802 1266 95 72 Ad
1834 1266 143 72 quartum

251 1323 122 57 quod
327 1323 106 57 non
388 1323 182 57 procedit
524 1323 91 57 ex
570 1323 213 57 principiis
737 1323 106 57 per
798 1323 91 57 se
843 1323 152 57 notis:
950 1323 182 57 Dicendum
1087 1323 122 57 quod
1163 1323 182 57 procedit
1299 1323 91 57 ex
1345 1323 213 57 principiis
1512 1323 106 57 per
1573 1323 91 57 se
1618 1323 213 57 notissimis
1786 1323 76 57 &
1801 1323 167 57 certissi-

250 1373 113 70 mis
314 1373 96 70 in
362 1373 113 70 sua
427 1373 209 70 veritate:
588 1373 80 70 &
620 1373 145 70 etiam
716 1373 161 70 fideli
829 1373 241 70 certitudine
1022 1373 161 70 fidei.
1134 1373 145 70 licet
1231 1373 145 70 prius
1327 1373 129 70 quam
1407 1373 177 70 credita
1536 1373 145 70 facta
1632 1373 129 70 sunt
1713 1373 241 70 intellecta,
1890 1373 80 70 non

248 1423 139 76 sint
335 1423 139 76 nota
422 1423 105 76 ex
474 1423 122 76 rei
544 1423 244 76 euidentia:
735 1423 122 76 vel
805 1423 157 76 licet
910 1423 157 76 etiam
1014 1423 122 76 nec
1084 1423 139 76 fide
1171 1423 226 76 tencantur
1345 1423 139 76 sine
1432 1423 174 76 lumine
1537 1423 139 76 fidei.

570 1477 117 77 lrca
643 1477 175 77 secundum
775 1477 190 77 arguitur:
920 1477 117 77 quod
993 1477 190 77 theologia
1139 1477 102 77 non
1197 1477 146 77 debeat
1299 1477 117 77 dici
1372 1477 204 77 sapientia.
1533 1477 131 77 Primo
1620 1477 117 77 sic.
1693 1477 175 77 Scientia
1824 1477 117 77 illa
1883 1477 87 77 quae

581 1535 101 59 est
638 1535 202 59 sapientia,
797 1535 187 59 principia
941 1535 101 59 sua
998 1535 101 59 non
1056 1535 173 59 supponit
1185 1535 86 59 ab
1229 1535 130 59 alio:
1315 1535 101 59 sed
1373 1535 130 59 omnes
1459 1535 130 59 aliae
1545 1535 187 59 scientiae
1689 1535 86 59 ab
1733 1535 130 59 illa:
1819 1535 86 59 vt
1848 1535 115 59 vultur

588 1582 222 73 hilosophus.
766 1582 133 73 iiii.
855 1582 163 73 Metaph.
973 1582 178 73 Scientia
1106 1582 118 73 ista
1180 1582 192 73 principia
1328 1582 104 73 sua
1388 1582 89 73 ab
1432 1582 118 73 alio
1506 1582 192 73 supponit:
1654 1582 133 73 cuius
1743 1582 207 73 testimonio
1891 1582 74 73 cre

588 1634 101 73 dit
645 1634 115 73 eis.
717 1634 115 73 ergo
789 1634 101 73 &c.
876 1634 158 73 Secundo
991 1634 115 73 sic.
1063 1634 173 73 Scientia
1192 1634 115 73 quae
1264 1634 187 73 sapientia
1408 1634 173 73 dicitur,
1538 1634 130 73 debet
1624 1634 187 73 principia
1768 1634 158 73 aliarum
1869 1634 101 73 scien

590 1688 145 79 tiarum
692 1688 160 79 probare
808 1688 145 79 contra
910 1688 174 79 negantes
1040 1688 102 79 ea.
1098 1688 160 79 ibidem,
1214 1688 116 79 quod
1287 1688 102 79 non
1345 1688 145 79 potest
1447 1688 145 79 facere
1548 1688 116 79 haec
1621 1688 189 79 scientia:
1766 1688 116 79 quia
1838 1688 102 79 non
1896 1688 102 79 ha-

584 1745 116 79 bet
651 1745 182 79 notiora
783 1745 265 79 intellectui:
999 1745 133 79 quam
1081 1745 133 79 sint
1164 1745 215 79 principia
1330 1745 182 79 aliarum
1462 1745 265 79 scientiarum.
1678 1745 133 79 ergo
1761 1745 116 79 &c.
1843 1745 133 79 Tertio

569 1805 110 67 isic.
642 1805 147 67 secundum
752 1805 171 67 Augustinus
887 1805 110 67 xiii.
961 1805 73 67 &.
997 1805 122 67 xiiii.
1083 1805 73 67 de
1120 1805 171 67 trinitate.
1255 1805 110 67 Eides
1328 1805 147 67 pertinet
1438 1805 73 67 ad
1475 1805 171 67 scientiam,
1610 1805 86 67 non
1659 1805 73 67 ad
1695 1805 184 67 sapientiam,
1842 1805 122 67 quaere
1916 1805 61 67 cum

253 1842 167 75 scientia
379 1842 112 75 ista
448 1842 98 75 est
504 1842 167 75 scientia
630 1842 140 75 fidei,
727 1842 167 75 scientia
853 1842 112 75 erit
923 1842 167 75 proprie,
1048 1842 98 75 non
1104 1842 195 75 sapientia.
1285 1842 140 75 Quarto
1383 1842 112 75 sic.
1453 1842 167 75 Scientia
1578 1842 112 75 quae
1648 1842 98 75 est
1704 1842 195 75 sapientia,
1857 1842 98 75 est
1899 1842 70 75 sui

238 1895 146 76 ipsius
341 1895 161 76 gratia.
458 1895 88 76 vt
502 1895 176 76 dicitur.
634 1895 88 76 i.
678 1895 220 76 Metaphicae,
854 1895 117 76 quod
927 1895 103 76 non
985 1895 176 76 conuenit
1117 1895 117 76 huic
1191 1895 205 76 scientiae:
1352 1895 88 76 vt
1396 1895 146 76 dictum
1498 1895 103 76 est
1557 1895 146 76 supra.
1659 1895 73 76 &
1689 1895 88 76 vt
1733 1895 161 76 dicitur
1850 1895 103 76 Io.
1894 1895 73 76 xx.

237 1949 144 82 Hlaec
333 1949 176 82 scripta
461 1949 128 82 sunt
542 1949 96 82 vt
590 1949 208 82 credatis.
750 1949 80 82 &
782 1949 112 82 non
846 1949 96 82 vt
894 1949 112 82 hoc
958 1949 176 82 tantum:
1086 1949 112 82 sed
1151 1949 96 82 vt
1199 1949 208 82 credentes
1359 1949 144 82 vitam
1455 1949 208 82 habeatis.
1615 1949 128 82 ergo
1696 1949 112 82 &c.
1792 1949 160 82 Contra
1888 1949 80 82 est

245 2004 129 73 illud
331 2004 186 73 Apostoli.
474 2004 86 73 i.
517 2004 143 73 Corin.
617 2004 100 73 ii.
674 2004 200 73 Sapientiam
831 2004 172 73 loquimur
960 2004 129 73 inter
1046 2004 200 73 perfectos,
1203 2004 114 73 quae
1275 2004 100 73 non
1332 2004 100 73 est
1389 2004 114 73 nisi
1461 2004 129 73 huius
1547 2004 200 73 scientiae.
1704 2004 114 73 vnde
1776 2004 129 73 dicit
1862 2004 100 73 ibi
1904 2004 72 73 Gl.

238 2055 92 82 De
284 2055 184 82 secretis
422 2055 123 82 dei.
498 2055 123 82 Haec
575 2055 138 82 autem
667 2055 184 82 scientia
805 2055 153 82 maxime
912 2055 107 82 est
974 2055 92 82 de
1020 2055 184 82 secretis
1157 2055 123 82 dei.
1234 2055 123 82 ergo
1311 2055 107 82 &c.
1403 2055 107 82 Hic
1464 2055 107 82 est
1525 2055 261 82 intelligendum
1740 2055 138 82 primo
1832 2055 123 82 quod
1893 2055 77 82 lar

241 2113 90 67 ge
286 2113 210 67 accipiendo
451 2113 135 67 nomen
541 2113 210 67 sapientiae
706 2113 75 67 &
736 2113 165 67 stricte
856 2113 135 67 nomen
946 2113 210 67 scientiae,
1111 2113 75 67 &
1141 2113 195 67 Sapientia
1291 2113 150 67 potest
1396 2113 120 67 dici
1471 2113 195 67 scientia,
1621 2113 75 67 &
1651 2113 180 67 scientia
1786 2113 150 67 potest
1876 2113 90 67 dici

245 2171 178 74 sapientia.
385 2171 153 74 Secundum
500 2171 102 74 quod
564 2171 115 74 dicit
640 2171 178 74 Augustinus
780 2171 115 74 xiii.
856 2171 76 74 de
895 2171 178 74 trinitate.
1035 2171 89 74 Nec
1086 2171 102 74 ista
1149 2171 89 74 duo
1200 2171 89 74 sic
1251 2171 178 74 accipiamus
1391 2171 64 74 (
1417 2171 153 74 scilicet
1531 2171 166 74 scientiam
1658 2171 64 74 &
1684 2171 191 74 sapientiam)
1837 2171 115 74 quasi
1900 2171 64 74 non

243 2216 156 76 liceat
352 2216 156 76 dicere
461 2216 109 76 vel
523 2216 140 76 istam
617 2216 218 76 sapientiam
788 2216 124 76 quae
866 2216 109 76 est
928 2216 93 76 in
975 2216 140 76 rebus
1068 2216 187 76 humanis,
1208 2216 109 76 vel
1270 2216 140 76 illam
1363 2216 202 76 scientiam
1519 2216 124 76 quae
1597 2216 109 76 est
1659 2216 93 76 in
1706 2216 187 76 diuinis.
1830 2216 140 76 Latiore

237 2278 128 69 enim
317 2278 255 69 consuetudine
524 2278 175 69 vtraque
652 2278 223 69 sapientia:
827 2278 175 69 vtraque
955 2278 191 69 scientia
1099 2278 128 69 dici
1178 2278 175 69 potest.
1306 2278 175 69 Proprie
1434 2278 144 69 tamen
1529 2278 191 69 loquendo
1673 2278 207 69 abinuicem
1832 2278 175 69 distin-

235 2335 206 57 guuntur:
389 2335 103 57 vt
441 2335 172 57 aliqua
561 2335 189 57 notitia
698 2335 189 57 dicatur
835 2335 240 57 communiori
1024 2335 172 57 nomine
1144 2335 223 57 scientia,
1315 2335 120 57 non
1384 2335 240 57 sapientia:
1573 2335 137 57 alia
1658 2335 137 57 vero
1744 2335 189 57 proprio
1864 2335 103 57 nomi

227 2385 96 61 ne
275 2385 176 61 dicatur
403 2385 208 61 sapientia
564 2385 80 61 &
596 2385 112 61 non
660 2385 208 61 scientia.
820 2385 192 61 Secundum
965 2385 128 61 quod
1045 2385 225 61 Augustinus
1221 2385 160 61 subdit
1334 2385 176 61 ibidem.
1462 2385 144 61 Nullo
1558 2385 128 61 modo
1638 2385 144 61 tamen
1734 2385 192 61 scriptum
1863 2385 112 61 esset

228 2436 131 59 apud
309 2436 229 59 Apostolum,
489 2436 131 59 Alii
571 2436 147 59 datur
669 2436 147 59 sermo
767 2436 245 59 sapientiae:
963 2436 131 59 alii
1044 2436 147 59 sermo
1142 2436 229 59 scientiae:
1322 2436 131 59 nisi
1403 2436 82 59 &
1436 2436 180 59 proprie
1567 2436 196 59 singulis
1714 2436 229 59 rationibus
1877 2436 98 59 haec

242 2490 193 64 singula
383 2490 264 64 vocarentur.
594 2490 141 64 Vnde
682 2490 106 64 vt
735 2490 176 64 statim
858 2490 246 64 determinat
1051 2490 141 64 lib.
1139 2490 176 64 xiiii.
1262 2490 211 64 Scientia
1421 2490 193 64 proprie
1561 2490 123 64 est
1632 2490 193 64 notitia
1773 2490 106 64 de
1808 2490 158 64 humanis

237 2541 87 77 &
271 2541 278 77 temporalibus
497 2541 174 77 rebus.
619 2541 226 77 Sapientia
793 2541 139 77 vero
880 2541 104 77 de
932 2541 191 77 diuinis
1071 2541 87 77 &
1106 2541 226 77 aeternis.
1280 2541 104 77 Ex
1332 2541 122 77 quo
1402 2541 174 77 statim
1523 2541 191 77 apparet
1662 2541 191 77 solutio
1802 2541 104 77 ad
1836 2541 122 77 quae-

227 2590 165 78 stionem.
351 2590 124 78 Licet
434 2590 110 78 enim
503 2590 165 78 scientia
627 2590 138 78 aliqua
723 2590 221 78 philosophica
903 2590 96 78 sit
958 2590 83 78 de
999 2590 152 78 diuinis
1109 2590 69 78 &
1137 2590 179 78 aeternis:
1275 2590 110 78 quia
1344 2590 124 78 tamen
1426 2590 124 78 nulla
1509 2590 165 78 scientia
1633 2590 221 78 philosophica
1812 2590 96 78 est
1868 2590 83 78 de
1895 2590 69 78 deo

239 2652 306 67 principaliter:
494 2652 102 67 vt
545 2652 102 67 de
596 2652 204 67 subiecto
750 2652 85 67 &
784 2652 204 67 obiecto:
937 2652 153 67 neque
1039 2652 153 67 etiam
1141 2652 102 67 de
1192 2652 102 67 eo
1243 2652 238 67 considerat
1430 2652 170 67 aliter
1550 2652 136 67 quam
1635 2652 136 67 modo
1720 2652 187 67 humano,
1839 2652 119 67 noti-

249 2706 130 55 tiam
330 2706 130 55 eius
412 2706 212 55 eliquando
574 2706 98 55 ex
623 2706 147 55 rebus
721 2706 260 55 sensibilibus
932 2706 81 55 &
965 2706 228 55 creaturis:
1144 2706 130 55 sola
1225 2706 147 55 autem
1323 2706 212 55 theologia
1486 2706 277 55 principaliter
1714 2706 98 55 vt
1763 2706 98 55 de
1795 2706 163 55 subiecto

239 2753 90 78 &
275 2753 197 78 obiecto
418 2753 126 78 est
490 2753 108 78 de
544 2753 143 78 deo:
634 2753 90 78 &
670 2753 143 78 modo
759 2753 179 78 diuino
885 2753 90 78 &
921 2753 269 78 superhumano
1136 2753 108 78 de
1190 2753 143 78 ipso
1279 2753 305 78 considerando:
1531 2753 197 78 Idcirco
1674 2753 161 78 patet
1782 2753 143 78 quod
1853 2753 108 78 sola

231 2808 220 75 theologia
400 2808 253 75 simpliciter
603 2808 220 75 sapientia
772 2808 152 75 debet
873 2808 152 75 dici:
974 2808 84 75 &
1008 2808 135 75 quod
1093 2808 152 75 nulla
1194 2808 203 75 scientia
1346 2808 270 75 philosophica
1566 2808 203 75 respectu
1718 2808 135 75 eius
1785 2808 186 75 sapientia

236 2853 151 77 dici
331 2853 208 77 possit.
482 2853 132 77 Sed
558 2853 113 77 vt
614 2853 170 77 istud
728 2853 208 77 quomodo
879 2853 113 77 ei
936 2853 246 77 conueniat
1125 2853 227 77 apertius
1295 2853 246 77 videamus,
1484 2853 132 77 cum
1560 2853 246 77 sapientia
1749 2853 189 77 nomine
1862 2853 95 77 suo

238 2913 138 77 nihil
330 2913 138 77 aliud
421 2913 138 77 dicat
513 2913 123 77 quam
590 2913 260 77 praerogatiuam
804 2913 168 77 quandam
927 2913 138 77 supra
1019 2913 138 77 nomen
1111 2913 214 77 scientiae:
1279 2913 260 77 Considerandum
1493 2913 107 77 est
1555 2913 123 77 quae
1631 2913 107 77 sit
1692 2913 123 77 illa
1754 2913 214 77 praerogatiua

236 2969 124 62 quam
314 2969 202 62 sapientia
470 2969 140 62 habet
563 2969 140 62 supra
656 2969 202 62 scientiam
812 2969 249 62 simpliciter.
1014 2969 124 62 Quae
1091 2969 93 62 si
1138 2969 218 62 inueniatur
1309 2969 264 62 principaliter
1527 2969 93 62 in
1573 2969 109 62 hac
1636 2969 187 62 scientia
1775 2969 140 62 super
1853 2969 109 62 omnes

231 3031 160 54 alias:
343 3031 176 54 patebit
472 3031 128 54 quom
552 3031 80 54 &
584 3031 144 54 quare
680 3031 176 54 proprie
808 3031 208 54 sapientia
969 3031 128 54 dici
1049 3031 176 54 debeat.
1209 3031 192 54 Notandum
1354 3031 160 54 igitur
1466 3031 128 54 quod
1546 3031 192 54 scientia
1690 3031 160 54 nomine
1803 3031 112 54 suo
1851 3031 112 54 nihil

230 3083 133 60 aliud
319 3083 147 60 dicit,
422 3083 118 60 nisi
495 3083 147 60 certam
598 3083 177 60 notitiam
731 3083 88 60 de
775 3083 88 60 re
819 3083 177 60 aliquam:
952 3083 103 60 ita
1011 3083 118 60 quod
1084 3083 88 60 vt
1128 3083 147 60 dictum
1232 3083 103 60 est
1290 3083 88 60 in
1335 3083 206 60 quaestione
1497 3083 236 60 praecedenti,
1688 3083 133 60 omnis
1776 3083 133 60 certa
1850 3083 103 60 noti-

236 3135 99 65 tia
292 3135 85 65 de
335 3135 99 65 re,
391 3135 141 65 ommuni
490 3135 127 65 nomin
575 3135 71 65 e
603 3135 169 65 scientia
730 3135 141 65 potest
829 3135 127 65 dici.
913 3135 127 65 Quare
998 3135 99 65 cum
1055 3135 141 65 nomine
1153 3135 198 65 sapientiae
1309 3135 127 65 nihil
1393 3135 113 65 nisi
1464 3135 155 65 quaedam
1577 3135 226 65 praerogatiua
1760 3135 184 65 scientiae
1887 3135 71 65 ex-

230 3183 202 79 primitur:
386 3183 78 79 &
417 3183 248 79 praerogatiua
619 3183 109 79 rei
681 3183 140 79 debet
774 3183 124 79 esse
851 3183 93 79 in
898 3183 93 79 eo
945 3183 124 79 quod
1022 3183 109 79 est
1084 3183 171 79 formale
1208 3183 78 79 &
1239 3183 202 79 perfectio
1395 3183 140 79 eius:
1488 3183 202 79 Perfectio
1643 3183 140 79 autem
1736 3183 186 79 formalis
1860 3183 109 79 scien
