2440 3783
471 299 120 81 tiae
546 299 120 81 quae
621 299 165 81 notitia
741 299 150 81 aliqua
846 299 180 81 scientia
981 299 180 81 dicitur:
1116 299 105 81 est
1176 299 195 81 certitudo
1326 299 180 81 notitiae
1462 299 90 81 in
1507 299 135 81 ipsa:
1597 299 180 81 Scientia
1732 299 150 81 igitur
1837 299 105 81 vna
1897 299 90 81 ex
1942 299 105 81 hac
1987 299 210 81 praerogatiua

471 373 146 63 debet
568 373 129 63 dici
649 373 146 63 super
746 373 146 63 alias
843 373 226 63 sapientia:
1021 373 146 63 quia.
1118 373 194 63 scilicet
1263 373 97 63 in
1312 373 243 63 certitudine
1506 373 146 63 alias
1603 373 194 63 excedit.
1748 373 97 63 Et
1797 373 129 63 quia
1878 373 210 63 certitudo
2023 373 178 63 scientiae

465 427 207 62 causatur
620 427 103 62 ex
672 427 172 62 causis
792 427 86 62 &
827 427 241 62 principiis
1016 427 138 62 eius
1103 427 138 62 quae
1189 427 259 62 considerat:
1396 427 86 62 &
1430 427 224 62 principia
1603 427 172 62 quanto
1723 427 138 62 sunt
1809 427 172 62 priora
1930 427 86 62 &
1965 427 207 62 altiora:
2120 427 121 62 tan

472 479 107 63 to
526 479 143 63 sunt
615 479 107 63 in
669 479 125 63 sua
740 479 214 63 veritate
901 479 232 63 certiora:
1080 479 89 63 &
1115 479 107 63 ex
1169 479 125 63 hoc
1240 479 161 63 etiam
1348 479 161 63 tanto
1455 479 161 63 magis
1562 479 143 63 sunt
1651 479 161 63 causa
1758 479 286 63 certitudinis
1991 479 89 63 &
2008 479 197 63 veritatis

480 531 157 64 omnium
590 531 141 64 eorum
684 531 125 64 quae
763 531 125 64 sunt
841 531 141 64 post:
935 531 94 64 vt
982 531 188 64 dicitur.
1123 531 110 64 ii.
1186 531 172 64 Metaph.
1311 531 172 64 idcirco
1437 531 204 64 contingit
1594 531 125 64 quod
1672 531 188 64 scientia
1813 531 125 64 quae
1891 531 235 64 simpliciter
2064 531 141 64 dicenda

472 590 115 57 est
537 590 214 57 sapientia
702 590 198 57 respectu
851 590 165 57 omnium
966 590 181 57 aliarum
1098 590 148 57 debet
1197 590 247 57 considerare
1395 590 148 57 prima
1494 590 214 57 principia
1659 590 247 57 simpliciter
1857 590 165 57 omnium
1972 590 82 57 &
2005 590 231 57 altissima:

467 623 87 81 &
501 623 175 81 maxime
624 623 157 81 inter
728 623 140 81 illa
816 623 157 81 illud
920 623 140 81 quod
1008 623 122 81 est
1078 623 175 81 maxime
1200 623 192 81 primum.
1340 623 157 81 Illud
1444 623 140 81 enim
1532 623 122 81 est
1601 623 157 81 prima
1706 623 157 81 causa
1811 623 87 81 &
1846 623 262 81 principalis
2038 623 157 81 propter

476 690 116 66 quam
548 690 174 66 scientia
678 690 159 66 dicenda
794 690 101 66 est
852 690 203 66 sapientia.
1011 690 174 66 Secundum
1142 690 116 66 quod
1214 690 130 66 dicit
1301 690 232 66 philosophus.
1489 690 87 66 i.
1533 690 246 66 Metaphysicae.
1736 690 203 66 Arbitramur
1895 690 174 66 (inquit)
2025 690 188 66 certiorem
2156 690 43 66 &

468 742 260 70 doctissimum
676 742 208 70 causarum
832 742 278 70 sapientiorem
1058 742 139 70 esse
1144 742 156 70 circa
1249 742 156 70 omnem
1353 742 243 70 scientiam.
1544 742 260 70 Certissimae
1752 742 156 70 autem
1856 742 278 70 scientiarum,
2064 742 139 70 maxime

474 796 217 60 primorum
636 796 162 60 sunt.
745 796 162 60 Scire
853 796 144 60 enim
943 796 90 60 &
979 796 271 60 intelligere
1196 796 180 60 maxime
1322 796 198 60 propter
1466 796 144 60 has.
1556 796 198 60 Propter
1701 796 144 60 enim
1791 796 144 60 haec
1881 796 90 60 &
1917 796 108 60 ex
1971 796 126 60 his
2044 796 144 60 alia
2116 796 90 60 co-

478 846 241 68 gnoscuntur.
671 846 97 68 Et
719 846 113 68 cum
784 846 113 68 hoc
848 846 129 68 quod
928 846 193 68 scientia
1073 846 177 68 dicitur
1202 846 209 68 sapientia
1363 846 129 68 quia
1443 846 113 68 est
1507 846 193 68 causarum
1652 846 273 68 altissimarum:
1877 846 97 68 ex
1926 846 113 68 hoc
1990 846 161 68 maxime
2086 846 113 68 dicen

467 899 102 69 da
518 899 119 69 est
586 899 220 69 sapientia
755 899 136 69 quod
840 899 237 69 considerat
1026 899 169 69 causam
1145 899 136 69 quae
1229 899 119 69 est
1297 899 169 69 finis:
1416 899 85 69 &
1450 899 152 69 bonum
1551 899 203 69 vltimum:
1704 899 152 69 cuius
1805 899 169 69 gratia
1924 899 186 69 agendum
2060 899 119 69 est
2110 899 102 69 vnum

480 948 187 67 quodque:
621 948 78 67 &
652 948 140 67 verum
746 948 172 67 primum,
870 948 125 67 quid
948 948 109 67 est
1011 948 140 67 causa
1104 948 234 67 cognoscendi
1291 948 250 67 vnumquodque.
1494 948 187 67 Secundum
1635 948 125 67 quod
1713 948 94 67 de
1759 948 140 67 primo
1853 948 187 67 dicitur.
1993 948 94 67 i.
2024 948 172 67 Metaphysi

475 1006 125 67 cae.
553 1006 250 67 Antiquissima
756 1006 187 67 scientia
897 1006 78 67 &
928 1006 234 67 principalis
1115 1006 218 67 cognoscens
1287 1006 109 67 est
1349 1006 140 67 cuius
1443 1006 109 67 cam
1505 1006 109 67 est
1567 1006 172 67 agendum
1692 1006 250 67 vnumquodque.
1895 1006 109 67 Hoc
1957 1006 140 67 autem
2051 1006 109 67 est
2098 1006 109 67 bonum

480 1060 275 72 vniuscuiusque:
709 1060 153 72 omnino
815 1060 137 72 autem
907 1060 92 72 in
953 1060 153 72 natura
1060 1060 214 72 potissimum
1227 1060 168 72 omnium.
1350 1060 92 72 De
1395 1060 168 72 secundo
1517 1060 183 72 dicitur.
1655 1060 107 72 ii.
1716 1060 259 72 Metaphysicae.
1929 1060 153 72 Rectum
2036 1060 107 72 est
2082 1060 122 72 vocare

480 1109 188 64 scientiam
624 1109 188 64 veritatis
768 1109 231 64 philosophiae
956 1109 231 64 philosophiam
1144 1109 245 64 speculatiuam.
1346 1109 130 64 Finis
1432 1109 115 64 enim
1505 1109 188 64 scientiae
1649 1109 231 64 speculatiuae
1837 1109 101 64 est
1894 1109 173 64 veritas.
2024 1109 87 64 ex
2068 1109 101 64 quo
2111 1109 101 64 conse

476 1161 177 59 quenter
605 1161 209 59 contingit
766 1161 129 59 quod
846 1161 209 59 huiusmodi
1007 1161 209 59 scientiae
1168 1161 177 59 necesse
1297 1161 113 59 est
1362 1161 129 59 esse
1442 1161 209 59 principia
1603 1161 129 59 quae
1684 1161 129 59 sunt
1764 1161 161 59 semper
1877 1161 97 59 in
1925 1161 129 59 fine
2006 1161 225 59 veritatis:

468 1216 164 54 neque
577 1216 182 54 habent
705 1216 182 54 causam
832 1216 109 54 in
887 1216 146 54 esse
978 1216 164 54 vera,
1088 1216 128 54 sed
1161 1216 146 54 sunt
1252 1216 164 54 causa
1361 1216 109 54 in
1416 1216 128 54 hoc
1489 1216 201 54 aliarum
1635 1216 182 54 rerum.
1762 1216 146 54 Vnde
1854 1216 91 54 &
1890 1216 109 54 de
1945 1216 201 54 vtroque
2072 1216 128 54 dicit

477 1274 247 67 Augustinus
671 1274 159 67 simul
777 1274 106 67 in
830 1274 159 67 libro
936 1274 123 67 suo
1007 1274 106 67 de
1059 1274 141 67 Aca.
1148 1274 159 67 Dico,
1253 1274 194 67 inquit,
1395 1274 141 67 haec
1483 1274 176 67 maxime
1606 1274 141 67 esse
1694 1274 300 67 consideranda:
1941 1274 194 67 initium
2083 1274 141 67 veri
2153 1274 53 67 &

474 1321 165 72 finem
584 1321 220 72 bonorum:
749 1321 128 72 nec
822 1321 238 72 sapientem
1005 1321 147 72 esse
1097 1321 128 72 qui
1170 1321 128 72 aut
1244 1321 275 72 cognoscendi
1464 1321 202 72 initium
1610 1321 220 72 ignorat:
1775 1321 128 72 aut
1849 1321 220 72 extremum
1995 1321 202 72 expetendi

479 1374 101 60 vt
530 1374 118 60 aut
597 1374 135 60 vnde
682 1374 254 60 proficiscat
885 1374 101 60 ur
935 1374 85 60 a
969 1374 101 60 ut
1020 1374 118 60 quo
1088 1374 270 60 perueniendum
1307 1374 135 60 sit,
1392 1374 203 60 nesciat.
1544 1374 101 60 Et
1595 1374 135 60 quod
1679 1374 101 60 ob
1730 1374 135 60 hanc
1814 1374 169 60 causam
1933 1374 203 60 scientia
2068 1374 135 60 debeat

480 1429 130 67 dici
561 1429 227 67 sapientia:
739 1429 146 67 quia.
837 1429 195 67 scilicet
983 1429 227 67 considerat
1161 1429 162 67 primas
1275 1429 162 67 causas
1388 1429 81 67 &
1420 1429 243 67 altissimas,
1615 1429 227 67 specialius
1794 1429 260 67 inspiciendo:
2004 1429 146 67 patet
2085 1429 114 67 dupli

472 1478 176 73 citer.
596 1478 176 73 Primo,
719 1478 106 73 ex
772 1478 300 73 conditionibus
1019 1478 229 73 sapientis
1195 1478 282 73 simpliciter.
1424 1478 194 73 Secundo
1565 1478 106 73 ex
1618 1478 300 73 conditionibus
1864 1478 229 73 sapientis
2023 1478 176 73 alicuius

479 1533 106 63 in
532 1533 176 63 aliquo
656 1533 176 63 genere
779 1533 229 63 scientiae
955 1533 300 63 particularis.
1202 1533 159 63 Primo
1307 1533 141 63 enim
1396 1533 159 63 patet
1501 1533 106 63 ex
1554 1533 211 63 sapiente
1713 1533 282 63 simpliciter:
1942 1533 141 63 quia
2030 1533 159 63 omnes
2118 1533 88 63 con

483 1585 199 67 ditiones:
636 1585 184 67 secundum
774 1585 123 67 quas
851 1585 199 67 describit
1004 1585 230 67 philosophus
1188 1585 199 67 sapientem
1341 1585 77 67 &
1372 1585 215 67 sapientiam
1541 1585 245 67 simpliciter:
1740 1585 215 67 conueniunt
1909 1585 92 67 ei
1955 1585 92 67 ex
2001 1585 107 67 hoc
2062 1585 123 67 quod
2123 1585 77 67 con

478 1633 168 70 siderat
600 1633 153 70 causas
707 1633 153 70 primas
815 1633 77 70 &
845 1633 230 70 altissimas.
1029 1633 107 70 lta
1090 1633 123 70 quod
1167 1633 138 70 prima
1259 1633 184 70 conditio
1396 1633 199 70 sapientis
1550 1633 107 70 est
1611 1633 138 70 scire
1703 1633 138 70 omnia
1795 1633 214 70 quodammodo
1963 1633 107 70 per
2009 1633 199 70 vniversalem

473 1697 207 67 scientiam:
636 1697 74 67 &
666 1697 163 67 secunda
784 1697 207 67 difficilia
947 1697 163 67 homini:
1066 1697 74 67 &
1095 1697 148 67 tertia
1199 1697 118 67 quod
1273 1697 133 67 debet
1362 1697 118 67 esse
1436 1697 163 67 certior
1554 1697 74 67 &
1584 1697 222 67 doctissimus
1762 1697 193 67 causarum:
1910 1697 74 67 &
1939 1697 163 67 quaerta
2058 1697 118 67 quod
2117 1697 89 67 eius

485 1747 187 64 scientia
625 1747 202 64 suiipsius
781 1747 109 64 cam
843 1747 124 64 est:
921 1747 78 64 &
952 1747 156 64 quinta
1061 1747 124 64 quod
1139 1747 124 64 eius
1217 1747 109 64 non
1279 1747 109 64 est
1341 1747 202 64 famulare,
1496 1747 109 64 sed
1559 1747 202 64 famulari:
1714 1747 202 64 ordinare:
1870 1747 109 64 non
1932 1747 202 64 ordinari:
2072 1747 140 64 suadere

484 1800 105 64 non
544 1800 181 64 suaderi.
710 1800 165 64 Secundo
830 1800 196 64 similiter
980 1800 135 64 patet
1071 1800 120 64 idem
1146 1800 90 64 ex
1191 1800 181 64 sapiente
1326 1800 241 64 particulari:
1522 1800 120 64 quia
1597 1800 120 64 quod
1672 1800 165 64 aliquis
1793 1800 165 64 sapiens
1913 1800 165 64 dicitur
2034 1800 90 64 in
2079 1800 105 64 sua
2124 1800 75 64 fa-

481 1852 204 63 cultate:
634 1852 119 63 hoc
702 1852 204 63 convenit
856 1852 102 63 ei
907 1852 102 63 ex
958 1852 255 63 certitudine
1162 1852 221 63 scientiae
1332 1852 136 63 quam
1418 1852 153 63 habet
1520 1852 102 63 de
1571 1852 119 63 re:
1639 1852 85 63 &
1673 1852 238 63 cognitione
1860 1852 170 63 causae
1980 1852 102 63 in
2031 1852 136 63 illa
2099 1852 119 63 facul

481 1912 148 67 tate.
579 1912 164 67 Semper
694 1912 131 67 enim
776 1912 98 67 in
825 1912 148 67 eodem
923 1912 164 67 genere
1038 1912 213 67 scientiae
1202 1912 230 67 sapientior
1383 1912 180 67 dicitur
1514 1912 164 67 sciens
1629 1912 164 67 causam
1743 1912 131 67 quam
1825 1912 197 67 ignorans
1973 1912 131 67 eam.
2055 1912 197 67 secundum

468 1961 118 60 quod
542 1961 133 60 dicit
631 1961 237 60 philosophus.
823 1961 89 60 i.
868 1961 252 60 Metaphysicae:
1075 1961 118 60 quod
1149 1961 192 60 artifices
1297 1961 237 60 sapientiores
1489 1961 178 60 expartis
1622 1961 133 60 sunt:
1711 1961 74 60 &
1741 1961 118 60 manu
1815 1961 178 60 artifice
1948 1961 237 60 architector:
2125 1961 89 60 quia

485 2008 104 62 hi
537 2008 173 62 causas
658 2008 190 62 sciunt:
796 2008 138 62 illi
883 2008 156 62 autem
986 2008 138 62 non:
1073 2008 138 62 quia
1160 2008 138 62 enim
1246 2008 190 62 sciunt,
1384 2008 121 62 sed
1454 2008 190 62 propter
1592 2008 138 62 quid
1679 2008 225 62 nesciunt.
1852 2008 87 62 &
1886 2008 156 62 inter
1990 2008 208 62 scientes
2128 2008 87 62 cau

484 2062 126 62 sas
556 2062 179 62 semper
681 2062 251 62 sapientior
879 2062 197 62 dicitur
1022 2062 126 62 qui
1094 2062 197 62 priores
1238 2062 179 62 causas
1363 2062 179 62 nouit:
1489 2062 144 62 siue
1579 2062 108 62 in
1633 2062 162 62 eodem
1740 2062 179 62 genere
1866 2062 251 62 scientiae:
2063 2062 144 62 siue
2135 2062 72 62 in

478 2126 178 66 diuerso.
612 2126 178 66 secundum
745 2126 119 66 quod
819 2126 178 66 secundum
953 2126 222 66 philosophum
1131 2126 237 66 speculatiuus
1323 2126 208 66 sapientior
1486 2126 163 66 dicitur
1605 2126 163 66 actiuo.
1724 2126 89 66 Et
1768 2126 104 66 est
1827 2126 222 66 aduertendum
2005 2126 119 66 quod
2065 2126 148 66 scientia

480 2171 131 65 non
555 2171 206 65 dicitur
705 2171 244 65 sapientia
893 2171 113 65 ex
949 2171 281 65 certitudine
1174 2171 225 65 causarum
1343 2171 150 65 quas
1437 2171 281 65 considerat:
1662 2171 281 65 certitudine
1887 2171 150 65 dico
1962 2171 244 65 considerata

489 2226 104 64 ex
541 2226 157 64 parte
645 2226 226 64 scientis:
819 2226 139 64 quae
906 2226 209 64 causatur
1063 2226 104 64 ex
1115 2226 226 64 euidentia
1289 2226 139 64 sibi
1376 2226 157 64 facta
1480 2226 139 64 apud
1567 2226 261 64 intellectum
1776 2226 104 64 de
1828 2226 104 64 re
1880 2226 174 64 scita:
2002 2226 122 64 Sed
2054 2226 157 64 certitu

494 2281 119 66 dine
568 2281 222 66 considerata
746 2281 89 66 ex
791 2281 133 66 parte
880 2281 104 66 rei
939 2281 163 66 scitae:
1058 2281 133 66 quia.
1147 2281 178 66 scilicet
1280 2281 193 66 principia
1428 2281 133 66 prima
1517 2281 119 66 quae
1591 2281 208 66 considerat
1754 2281 208 66 certissima
1917 2281 119 66 sunt
1992 2281 163 66 quantum
2110 2281 104 66 est
2155 2281 59 66 de

490 2334 105 56 se
543 2334 105 56 in
596 2334 123 56 sua
666 2334 229 56 veritate:
842 2334 141 56 quia
930 2334 158 56 prima
1035 2334 158 56 sunt.
1141 2334 105 56 Et
1194 2334 141 56 ideo
1281 2334 141 56 sunt
1369 2334 105 56 in
1422 2334 123 56 hoc
1492 2334 158 56 causa
1598 2334 229 56 veritatis
1774 2334 211 56 aliorum:
1932 2334 105 56 vt
1984 2334 211 56 dicitur.
2125 2334 88 56 ii.

484 2390 283 62 Metaphysicae.
717 2390 150 62 licet
817 2390 183 62 propter
950 2390 133 62 suam
1033 2390 283 62 abstractionem
1266 2390 83 62 &
1299 2390 249 62 debilitatem
1498 2390 166 62 nostri
1615 2390 266 62 intellectus:
1831 2390 116 62 qui
1897 2390 233 62 euidentiam
2063 2390 150 62 illorum

482 2439 115 66 non
547 2439 164 66 potest
662 2439 230 66 attingere,
843 2439 148 66 nobis
942 2439 131 66 siue
1024 2439 197 66 sapienti
1172 2439 99 66 in
1221 2439 99 66 ea
1270 2439 115 66 non
1336 2439 181 66 possunt
1468 2439 131 66 esse
1550 2439 230 66 notissima:
1730 2439 197 66 secundum
1878 2439 131 66 quod
1961 2439 181 66 dicitur
2076 2439 131 66 ibidem

481 2492 134 75 quod
565 2492 302 75 manifestissima
816 2492 101 75 in
867 2492 117 75 sua
934 2492 168 75 natura
1051 2492 134 75 sunt
1135 2492 235 75 difficilis
1319 2492 251 75 cognitionis
1520 2492 101 75 in
1570 2492 201 75 veritate
1721 2492 134 75 sua,
1805 2492 117 75 non
1872 2492 184 75 propter
2006 2492 117 75 se:
2073 2492 117 75 sed
2123 2492 84 75 pro

477 2545 137 68 pter
562 2545 137 68 nos:
648 2545 137 68 quia
733 2545 239 68 dispositio
921 2545 256 68 intellectus
1127 2545 171 68 nostri
1246 2545 103 68 ad
1298 2545 137 68 ipsa
1383 2545 120 68 est
1452 2545 188 68 similis
1588 2545 274 68 dispositioni
1811 2545 205 68 oculorum
1947 2545 274 68 vespertilionis

479 2610 86 51 ad
522 2610 129 51 lucem
607 2610 143 51 solis.
707 2610 114 51 nisi
779 2610 114 51 enim
850 2610 100 51 sic
907 2610 143 51 esset,
1008 2610 129 51 prima
1093 2610 214 51 philosophi.
1265 2610 172 51 scilicet
1393 2610 229 51 metaphysica:
1579 2610 129 51 inter
1665 2610 186 51 scientias
1808 2610 243 51 philosophicas
2008 2610 100 51 non
2051 2610 157 51 diceretur

483 2657 217 62 sapientia.
654 2657 109 62 Non
716 2657 124 62 enim
794 2657 233 62 philosophus
980 2657 140 62 habet
1074 2657 233 62 certissimam
1260 2657 202 62 scientiam
1415 2657 171 62 quantum
1540 2657 109 62 est
1602 2657 93 62 ex
1648 2657 140 62 parte
1742 2657 217 62 euidentiae
1912 2657 124 62 sibi
1990 2657 155 62 factae
2099 2657 93 62 de
2130 2657 93 62 sci-

491 2708 182 64 bilibus
624 2708 99 64 in
673 2708 132 64 illa
756 2708 215 64 scientia:
921 2708 182 64 quoniam
1054 2708 231 64 euidentiam
1235 2708 149 64 multo
1335 2708 182 64 maiorem
1467 2708 149 64 habet
1566 2708 265 64 mathematicus
1781 2708 99 64 de
1831 2708 182 64 scibili
1963 2708 132 64 suae
2029 2708 182 64 scientiae

479 2759 107 60 Et
533 2759 142 60 ideo
621 2759 195 60 ratione
763 2759 142 60 illa
852 2759 266 60 mathematica
1065 2759 195 60 deberet
1207 2759 142 60 dici
1296 2759 231 60 sapientia
1473 2759 178 60 potius
1598 2759 142 60 quam
1686 2759 284 60 metaphysica:
1917 2759 142 60 quod
2006 2759 178 60 falsum
2112 2759 107 60 est.

487 2811 112 67 Sed
551 2811 240 67 philosophus
743 2811 240 67 certissimas
935 2811 160 67 causas
1047 2811 224 67 considerat
1223 2811 176 67 quantum
1351 2811 112 67 est
1416 2811 96 67 ex
1464 2811 144 67 parte
1560 2811 112 67 rei
1624 2811 176 67 scitae:
1752 2811 80 67 &
1784 2811 128 67 ideo
1864 2811 144 67 super
1960 2811 144 67 omnes
2040 2811 176 67 scientias

485 2870 275 70 philosophicas
711 2870 113 70 sua
776 2870 194 70 scientia
921 2870 210 70 sapientia
1083 2870 194 70 dicitur.
1228 2870 145 70 Quare
1325 2870 113 70 cum
1390 2870 210 70 theologia
1551 2870 226 70 considerat
1729 2870 162 70 causas
1842 2870 226 70 altissimas
2020 2870 81 70 &
2036 2870 178 70 profundio

485 2922 102 74 ra
536 2922 85 74 &
570 2922 186 74 altiora
705 2922 152 74 circa
807 2922 152 74 illas
908 2922 135 74 quam
993 2922 203 74 scientia
1145 2922 169 74 humana
1263 2922 169 74 posset
1382 2922 237 74 attingere:
1568 2922 85 74 &
1602 2922 169 74 maxime
1720 2922 152 74 circa
1822 2922 152 74 illam
1923 2922 169 74 causam
2042 2922 135 74 quae
2109 2922 102 74 deus

492 2981 119 65 est:
567 2981 119 65 quid
641 2981 75 65 &
671 2981 179 65 causarum
805 2981 75 65 &
835 2981 149 65 omnium
939 2981 104 65 est
999 2981 224 65 principium.
1178 2981 89 65 vt
1222 2981 179 65 dicitur.
1357 2981 89 65 i.
1401 2981 253 65 Metaphysicae,
1610 2981 119 65 quam
1684 2981 134 65 summe
1774 2981 209 65 considerat
1938 2981 89 65 vt
1983 2981 104 65 est
2042 2981 149 65 primum
2132 2981 89 65 prin

479 3014 165 83 cipiu
589 3014 202 83 omnium:
735 3014 147 83 omne
827 3014 128 83 ens
900 3014 238 83 inquantum
1084 3014 165 83 verum
1194 3014 257 83 producendo
1396 3014 110 83 in
1451 3014 147 83 esse
1542 3014 92 83 a
1579 3014 165 83 prima
1689 3014 220 83 veritate
1854 3014 147 83 quae
1946 3014 147 83 ipse
2038 3014 147 83 est:
2129 3014 92 83 &
2148 3014 73 83 vt

493 3084 128 58 est
566 3084 184 58 omnium
695 3084 165 58 finis
805 3084 220 58 vltimus:
970 3084 147 58 omne
1062 3084 128 58 ens
1135 3084 239 58 inquantum
1319 3084 184 58 bonum,
1447 3084 110 58 in
1502 3084 165 58 bonum
1612 3084 202 58 vltimum
1759 3084 147 58 quod
1851 3084 147 58 ipse
1943 3084 128 58 est
2016 3084 239 58 reducendo

495 3139 107 62 quo
556 3139 92 62 ad
602 3139 123 62 bene
679 3139 138 62 esse.
771 3139 138 62 Circa
863 3139 123 62 enim
939 3139 123 62 deum
1016 3139 199 62 theologus
1169 3139 215 62 considerat
1338 3139 107 62 non
1399 3139 138 62 solum
1491 3139 123 62 quae
1568 3139 138 62 circa
1660 3139 107 62 eum
1721 3139 230 62 philosophus
1905 3139 92 62 ex
1951 3139 199 62 creaturis
2089 3139 123 62 potuit

488 3187 261 81 cognoscere:
696 3187 122 81 sed
766 3187 157 81 etiam
870 3187 139 81 illa
957 3187 139 81 quae
1044 3187 139 81 ipsi
1131 3187 122 81 deo
1201 3187 139 81 soli
1288 3187 139 81 nota
1375 3187 157 81 erant
1479 3187 261 81 naturaliter
1688 3187 104 81 de
1740 3187 122 81 se:
1810 3187 139 81 quae
1897 3187 122 81 nec
1966 3187 209 81 supremus
2105 3187 122 81 ange
