2413 3777
471 271 178 104 phica:
596 271 143 104 quae
685 271 161 104 etiam
792 271 232 104 absolutem
971 271 125 104 non
1042 271 125 104 est
1113 271 232 104 suiipsius
1292 271 178 104 gratia
1416 271 125 104 nec
1488 271 196 104 propter
1630 271 125 104 se:
1702 271 125 104 sed
1773 271 214 104 ordinata
1934 271 107 104 ad
1987 271 178 104 istam:
2112 271 89 104 &
2130 271 89 104 me-

467 371 175 56 diante
590 371 140 56 ista
678 371 105 56 ad
731 371 175 56 claram
853 371 211 56 notitiam
1011 371 211 56 patriae:
1169 371 140 56 quae
1257 371 123 56 non
1327 371 140 56 erit
1415 371 105 56 ad
1468 371 246 56 vlteriorem
1661 371 228 56 scientiam
1836 371 246 56 ordinanda.
2029 371 105 56 Et
2082 371 140 56 ideo
2152 371 70 56 ve

466 417 192 65 rissime
605 417 122 65 quo
675 417 105 65 ad
727 417 140 65 hoc:
815 417 209 65 scientia
972 417 140 65 ista
1059 417 227 65 suiipsius
1233 417 175 65 gratia
1355 417 192 65 dicenda
1495 417 122 65 est
1565 417 140 65 esse
1652 417 87 65 &
1687 417 279 65 propriissime
1914 417 244 65 sapientia:
2088 417 140 65 inquam

460 465 127 71 tum
532 465 127 71 non
605 465 127 71 est
678 465 218 71 vlterior
841 465 218 71 scientia
1005 465 254 71 expectanda
1204 465 109 71 in
1259 465 127 71 hac
1331 465 163 71 vita.
1440 465 218 71 Absolute
1604 465 163 71 autem
1713 465 236 71 sapientia
1894 465 163 71 solum
2003 465 182 71 potest
2112 465 109 71 dici

468 525 228 61 caelestis
644 525 158 61 vitae
749 525 298 61 contemplatio:
994 525 140 61 quae
1082 525 193 61 altiora
1222 525 245 61 speculatur
1414 525 105 61 de
1467 525 158 61 primo
1572 525 228 61 principio
1747 525 140 61 quam
1835 525 175 61 capere
1957 525 123 61 non
2027 525 175 61 potest
2132 525 88 61 hu-

460 579 144 53 mana
550 579 269 53 aestimatio.
765 579 215 53 respectu
927 579 162 53 cuius
1034 579 144 53 ista
1124 579 233 53 scientia,
1304 579 90 53 &
1340 579 233 53 quaelibet
1519 579 144 53 alia
1609 579 126 53 vix
1681 579 215 53 absoluto
1842 579 179 53 nomine
1968 579 233 53 scientiae
2129 579 90 53 me-

465 632 152 59 retur
567 632 237 59 appellari:
753 632 152 59 sicut
855 632 186 59 sapiens
990 632 152 59 huius
1092 632 237 59 sapientiae
1278 632 203 59 respectu
1431 632 169 59 illius
1549 632 237 59 sapientiae
1736 632 169 59 verius
1854 632 186 59 stultus
1990 632 136 59 quam
2058 632 152 59 sapiens

454 687 251 63 reputandus
651 687 144 63 est:
741 687 215 63 Secundum
903 687 144 63 quod
992 687 161 63 dicit
1100 687 215 63 Origenes
1261 687 161 63 super
1369 687 161 63 illud
1477 687 144 63 Exo.
1566 687 161 63 iiii.
1674 687 126 63 Non
1746 687 126 63 sum
1817 687 215 63 eloquens
1979 687 108 63 ex
2033 687 126 63 quo
2086 687 126 63 locu-

461 740 132 66 tus
537 740 113 66 es
593 740 113 66 ad
650 740 189 66 seruum
782 740 170 66 tuum.
895 740 132 66 Dum
971 740 170 66 esset
1084 740 189 66 Moyses
1216 740 113 66 in
1273 740 226 66 Aegypto:
1442 740 94 66 &
1480 740 264 66 erudiretur
1688 740 151 66 omni
1782 740 245 66 sapientia
1952 740 264 66 Aegyptiorum:

454 792 122 65 nec
523 792 280 65 profitebatur
751 792 105 65 se
803 792 262 65 eloquentem.
1013 792 140 65 Erat
1100 792 140 65 enim
1187 792 192 65 quantum
1327 792 105 65 ad
1379 792 227 65 Aegyptios
1554 792 262 65 eloquentiae
1764 792 332 65 incomparabilis.
2043 792 122 65 Vbi
2096 792 122 65 vocem

459 847 125 56 dei
531 847 214 56 audiuit:
691 847 125 56 cum
763 847 196 56 incepit
906 847 250 56 cognoscere
1102 847 179 56 verbum
1227 847 143 56 quod
1316 847 143 56 erat
1405 847 107 56 in
1459 847 232 56 principio
1638 847 143 56 apud
1727 847 161 56 deum:
1834 847 107 56 se
1888 847 250 56 pronunciat
2066 847 143 56 mutun:

454 899 162 65 Mutis
562 899 144 65 enim
652 899 252 65 animalibus
850 899 198 65 quamuis
994 899 216 65 indoctus
1156 899 144 65 homo
1246 899 252 65 comparetur
1445 899 216 65 eloquens
1607 899 252 65 videbitur.
1805 899 108 65 Si
1859 899 144 65 vero
1949 899 216 65 eruditis
2111 899 90 65 &
2129 899 90 65 elo

463 953 239 63 quentibus
646 953 202 63 stultus
794 953 92 63 &
830 953 184 63 mutus.
959 953 110 63 At
1014 953 110 63 si
1069 953 147 63 quis
1161 953 129 63 dei
1235 953 184 63 verbum
1363 953 92 63 &
1400 953 202 63 diuinam
1547 953 239 63 respiciat
1731 953 276 63 sapientiam:
1952 953 165 63 multo
2044 953 165 63 amplius

461 1002 144 72 quam
551 1002 144 72 apud
641 1002 126 72 nos
713 1002 216 72 pecudes,
875 1002 144 72 apud
964 1002 144 72 deum
1054 1002 162 72 mutum
1162 1002 108 72 se
1216 1002 180 72 animal
1342 1002 306 72 profitebitur.
1594 1002 144 72 Vnde
1684 1002 90 72 &
1720 1002 144 72 bene
1809 1002 162 72 dixit
1917 1002 216 72 propheta
2061 1002 144 72 sapien

459 1067 193 54 tissimus
604 1067 97 54 in
652 1067 193 54 Philiso.
797 1067 97 54 Vt
845 1067 193 54 iumentum
990 1067 161 54 factus
1102 1067 113 54 sum
1167 1067 129 54 apud
1247 1067 113 54 te.
1311 1067 113 54 Sed
1376 1067 129 54 quia
1456 1067 113 54 per
1520 1067 241 54 intellectum
1713 1067 145 54 huius
1810 1067 209 54 scientiae
1971 1067 177 54 notitia
2083 1067 129 54 illius

463 1116 240 63 scientiae
647 1116 258 63 quodammodo
850 1116 258 63 inchoatur:
1053 1116 148 63 vnde
1146 1116 258 63 quodammodo
1349 1116 166 63 etiam
1460 1116 111 63 ex
1515 1116 295 63 comparatione
1755 1116 111 63 ad
1810 1116 166 63 illam
1921 1116 277 63 sapientiam:
2124 1116 111 63 haec

462 1170 177 64 potest
586 1170 141 64 dici
674 1170 247 64 sapientia:
869 1170 141 64 quae
957 1170 159 64 tamen
1063 1170 212 64 respectu
1222 1170 247 64 cuiuslibet
1417 1170 212 64 alterius
1576 1170 230 64 scientiae
1752 1170 159 64 huius
1859 1170 159 64 vitae
1965 1170 230 64 verissime
2124 1170 88 64 sa-

466 1228 164 63 pientia
586 1228 164 63 dicenda
705 1228 120 63 est.
780 1228 120 63 Vnde
855 1228 194 63 definitio
1004 1228 120 63 illa
1079 1228 224 63 sapientiae:
1258 1228 120 63 quae
1333 1228 209 63 scribitur.
1497 1228 90 63 i.
1542 1228 90 63 de
1587 1228 179 63 Acadeca.
1722 1228 209 63 Augustinus
1886 1228 194 63 verissime
2036 1228 120 63 huic
2095 1228 120 63 sapiem

472 1273 131 59 tiae
553 1273 212 59 conuenit.
716 1273 147 59 Dicit
814 1273 131 59 enim
896 1273 114 59 ibi
961 1273 228 59 Augustinus
1141 1273 212 59 Sapientia
1304 1273 131 59 mihi
1386 1273 180 59 videtur
1516 1273 147 59 rerum
1614 1273 212 59 humanarum
1777 1273 82 59 &
1810 1273 212 59 diuinarum
1973 1273 131 59 quae
2055 1273 98 59 ad
2087 1273 131 59 beatam

465 1329 157 67 vitam
569 1329 245 67 pertinent:
762 1329 122 67 non
832 1329 157 67 solum
937 1329 227 67 scientia,
1112 1329 122 67 sed
1182 1329 87 67 &
1217 1329 210 67 diligens
1374 1329 262 67 inquisitio:
1584 1329 105 67 vt
1637 1329 140 67 homo
1724 1329 192 67 quantum
1864 1329 175 67 potest
1987 1329 105 67 in
2039 1329 140 67 deum
2109 1329 105 67 tram

468 1382 218 78 quillius
631 1382 200 78 tendat:
777 1382 91 78 &
813 1382 200 78 extremo
959 1382 164 78 vitae
1068 1382 127 78 die
1140 1382 109 78 ad
1195 1382 109 78 id
1249 1382 145 78 quod
1340 1382 254 78 concupiuit
1540 1382 291 78 adipiscendum
1777 1382 254 78 reperiatur
1977 1382 218 78 paratus:
2122 1382 109 78 frua

468 1433 188 61 turque
600 1433 188 61 merito
731 1433 188 61 diuina
862 1433 281 61 beatitudine
1087 1433 131 61 qui
1162 1433 150 61 ante
1256 1433 131 61 sit
1331 1433 188 61 humana
1443 1433 244 61 perfruitur.

797 1523 130 77 lrca
878 1523 179 77 tertium
1008 1523 211 77 arguitur,
1170 1523 130 77 quod
1251 1523 211 77 theologia
1414 1523 114 77 non
1478 1523 114 77 sit
1543 1523 195 77 scientia
1689 1523 130 77 vna.
1771 1523 146 77 Primo
1868 1523 130 77 sic.
1949 1523 195 77 Scientia
2095 1523 114 77 vna
2144 1523 81 77 est

783 1592 145 63 vnius
880 1592 178 63 generis
1009 1592 210 63 subiecti.
1171 1592 97 63 i.
1219 1592 178 63 poster.
1348 1592 210 63 theologia
1510 1592 113 63 non
1575 1592 113 63 est
1639 1592 145 63 vnius
1736 1592 178 63 generis
1866 1592 210 63 subiecti:
2027 1592 129 63 quia
2108 1592 113 63 est
2156 1592 65 63 de

773 1645 163 61 illis
882 1645 145 61 quae
972 1645 145 61 sunt
1063 1645 199 61 diuersa
1208 1645 181 61 genere
1334 1645 235 61 subiecti:
1516 1645 109 61 vt
1570 1645 145 61 sunt
1660 1645 254 61 temporalia
1860 1645 91 61 &
1896 1645 217 61 aeterna:
2059 1645 91 61 &
2095 1645 109 61 de
2131 1645 91 61 re-

759 1676 136 89 bus
836 1676 97 89 &
875 1676 214 89 signis:
1031 1676 97 89 &
1069 1676 117 89 de
1128 1676 175 89 rebus
1244 1676 291 89 naturalibus
1478 1676 97 89 &
1516 1676 272 89 moralibus:
1730 1676 117 89 de
1788 1676 194 89 quibus
1925 1676 214 89 omnibus
2080 1676 175 89 natae

781 1747 128 66 sunt
861 1747 128 66 esse
941 1747 192 66 diuersae
1086 1747 224 66 scientiae:
1262 1747 144 66 sicut
1358 1747 144 66 patet
1454 1747 96 66 in
1502 1747 208 66 scientiis
1663 1747 289 66 philosophicis.
1903 1747 128 66 ergo
1983 1747 112 66 &c.
2080 1747 176 66 Secundo

776 1806 132 58 sic.
859 1806 149 58 vnius
958 1806 215 58 inquantum
1124 1806 132 58 vnum
1206 1806 116 58 vna
1273 1806 116 58 est
1339 1806 215 58 scientia.
1504 1806 116 58 ii.
1570 1806 165 58 Poste.
1686 1806 215 58 theologia
1851 1806 116 58 non
1917 1806 165 58 potest
2033 1806 132 58 esse
2099 1806 116 58 vnius

761 1858 235 55 inquantum
942 1858 163 55 vnum:
1050 1858 127 55 cum
1122 1858 127 55 sit
1195 1858 108 55 de
1249 1858 217 55 creatore
1412 1858 90 55 &
1448 1858 235 55 creatura:
1629 1858 145 55 quae
1719 1858 181 55 nullam
1845 1858 217 55 vnitatem
2008 1858 181 55 habent
2135 1858 127 55 in-

460 1911 117 62 ter
527 1911 117 62 se:
594 1911 133 62 quia
677 1911 150 62 nihil
777 1911 117 62 est
844 1911 117 62 eis
911 1911 200 62 commune:
1061 1911 150 62 neque
1161 1911 234 62 substantia
1345 1911 150 62 neque
1445 1911 217 62 accidens.
1611 1911 100 62 vt
1661 1911 150 62 infra
1762 1911 200 62 dicetur.
1912 1911 133 62 ergo
1995 1911 117 62 &c.
2079 1911 133 62 Contra

475 1955 124 66 est,
552 1955 170 66 quoniam
676 1955 139 66 illud
768 1955 108 66 est
830 1955 124 66 vnum
908 1955 93 66 ad
954 1955 124 66 quod
1031 1955 139 66 omnia
1124 1955 124 66 alia
1201 1955 232 66 reducuntur,
1387 1955 124 66 quae
1464 1955 124 66 sunt
1542 1955 155 66 illius
1650 1955 186 66 generis.
1789 1955 186 66 secundum
1928 1955 247 66 philosophum.
2114 1955 108 66 iiii.

459 2010 321 80 Metaphysicae.
723 2010 113 80 In
780 2010 189 80 genere
912 2010 283 80 scientiarum
1138 2010 170 80 omnes
1251 2010 170 80 aliae
1364 2010 245 80 scientiae
1553 2010 207 80 humanae
1704 2010 113 80 ad
1760 2010 170 80 istam
1874 2010 189 80 habent
2006 2010 207 80 reduci:
2138 2010 75 80 vt

462 2066 176 61 infra
580 2066 274 61 videbitur.
796 2066 157 61 ergo
874 2066 98 61 &c.

501 2110 161 77 Xhoc
602 2110 343 77 intelligendum
884 2110 161 77 quod
985 2110 141 77 cum
1066 2110 242 77 secundum
1247 2110 323 77 philosophum.
1509 2110 181 77 iiii.
1630 2110 343 77 Metaphysicae,
1913 2110 121 77 in
1973 2110 161 77 omni
2054 2110 161 77 genere

471 2185 157 76 entis
575 2185 192 76 oportet
715 2185 209 76 reperire
872 2185 192 76 aliquod
1012 2185 140 76 vnum
1099 2185 140 76 quod
1186 2185 122 76 est
1256 2185 175 76 primum
1378 2185 87 76 &
1413 2185 332 76 simplicissimum,
1692 2185 87 76 &
1727 2185 244 76 principium
1919 2185 87 76 &
1954 2185 192 76 mensura
2094 2185 157 76 cogno

467 2233 160 75 scendi
579 2233 160 75 omnium
692 2233 177 75 aliorum
820 2233 96 75 in
868 2233 128 75 illo
948 2233 177 75 genere:
1077 2233 128 75 erit
1157 2233 128 75 ergo
1237 2233 112 75 hoc
1301 2233 193 75 inuenire
1446 2233 96 75 in
1494 2233 160 75 genere
1606 2233 257 75 scientiarum:
1815 2233 128 75 quod
1895 2233 128 75 illa
1975 2233 128 75 quae
2056 2233 112 75 est
2104 2233 112 75 prima

472 2289 238 76 scientiarum
662 2289 79 76 &
694 2289 174 76 mensura
821 2289 158 76 omnium
932 2289 190 76 aliarum:
1074 2289 111 76 non
1138 2289 143 76 solum
1233 2289 111 76 sit
1296 2289 127 76 vna,
1375 2289 111 76 sed
1439 2289 174 76 maioris
1565 2289 143 76 etiam
1660 2289 111 76 sit
1724 2289 190 76 vnitatis
1866 2289 79 76 &
1898 2289 269 76 simplicitatis
2104 2289 95 76 quam

459 2349 156 63 aliqua
569 2349 187 63 aliarum.
709 2349 125 63 Quia
787 2349 109 63 cum
850 2349 125 63 haec
928 2349 187 63 scientia
1069 2349 141 63 prima
1162 2349 109 63 sit
1225 2349 172 63 omnium:
1350 2349 78 63 &
1381 2349 172 63 mensura
1506 2349 156 63 earum:
1615 2349 94 63 vt
1662 2349 141 63 infra
1756 2349 187 63 dicetur:
1897 2349 125 63 ipsa
1975 2349 109 63 non
2037 2349 141 63 solum
2115 2349 94 63 erit

468 2405 110 63 vna
531 2405 141 63 sicut
625 2405 204 63 quaelibet
782 2405 188 63 aliarum:
923 2405 110 63 sed
986 2405 173 63 maioris
1112 2405 188 63 vnitatis
1253 2405 126 63 quam
1331 2405 157 63 aliqua
1441 2405 188 63 illarum.
1582 2405 110 63 Est
1645 2405 126 63 ergo
1724 2405 188 63 sciendum
1865 2405 126 63 quod
1943 2405 157 63 vnitas
2037 2405 173 63 scientiae

470 2451 143 69 duplex
570 2451 114 69 est:
641 2451 157 69 quaedam
755 2451 185 69 generalis
898 2451 100 69 qua
955 2451 185 69 quaelibet
1097 2451 171 69 scientia
1226 2451 100 69 vna
1283 2451 171 69 dicitur:
1411 2451 114 69 alia
1483 2451 114 69 vero
1554 2451 200 69 specialis:
1711 2451 114 69 quae
1782 2451 114 69 soli
1853 2451 114 69 illi
1925 2451 185 69 scientiae
2067 2451 128 69 debet
2139 2451 71 69 con

475 2509 170 70 uenire:
598 2509 124 70 quae
676 2509 139 70 prima
769 2509 108 70 est
831 2509 77 70 &
862 2509 170 70 mensura
986 2509 186 70 aliarum.
1125 2509 139 70 Sicut
1218 2509 155 70 aliqua
1326 2509 108 70 est
1388 2509 139 70 ratio
1481 2509 186 70 vnitatis
1621 2509 217 70 specialis:
1791 2509 124 70 quae
1868 2509 186 70 convenit
2008 2509 108 70 vni
2070 2509 124 70 quod
2132 2509 77 70 est

474 2557 246 67 principium
667 2557 246 67 nunerorum:
860 2557 140 67 alia
948 2557 140 67 vero
1036 2557 228 67 generalis
1211 2557 140 67 quae
1299 2557 210 67 convenit
1457 2557 210 67 cuilibet
1615 2557 193 67 numero.
1755 2557 105 67 De
1808 2557 158 67 primo
1913 2557 175 67 igitur
2036 2557 140 67 modo
2106 2557 105 67 vni-

466 2619 133 57 tatis
555 2619 191 57 scientiae
702 2619 162 57 commund
820 2619 177 57 scilicet
952 2619 74 57 &
982 2619 191 57 generali,
1129 2619 177 57 Sciendum
1262 2619 118 57 quod
1335 2619 133 57 nulla
1423 2619 177 57 scientia
1556 2619 162 57 dicitur
1674 2619 103 57 vna
1733 2619 162 57 propter
1851 2619 162 57 aliquam
1968 2619 177 57 vnitatem
2086 2619 118 57 realem

464 2665 171 68 illorum
589 2665 140 68 inter
682 2665 109 68 se,
744 2665 93 68 de
790 2665 155 68 quibus
899 2665 186 68 scientia
1038 2665 233 68 considerat.
1224 2665 109 68 Sic
1286 2665 124 68 enim
1364 2665 140 68 nulla
1457 2665 186 68 scientia
1597 2665 140 68 esset
1690 2665 124 68 vere
1767 2665 124 68 vna:
1845 2665 202 68 quaelibet
2000 2665 124 68 enim
2062 2665 155 68 scientia

463 2725 143 63 plura
558 2725 238 63 considerat:
749 2725 127 63 quae
828 2725 95 63 in
876 2725 143 63 nulla
971 2725 175 63 vnitate
1098 2725 143 63 reali
1193 2725 238 63 substantiae
1384 2725 111 63 aut
1447 2725 175 63 accntis
1574 2725 222 63 conveniunt
1749 2725 190 63 secundum
1892 2725 127 63 quod
1971 2725 190 63 medicina
2098 2725 111 63 consi

472 2777 155 56 derat
575 2777 207 56 corporis
730 2777 172 56 humani
851 2777 293 56 complexionem,
1092 2777 207 56 cibaria,
1248 2777 276 56 digestiones,
1472 2777 259 56 egestiones,
1679 2777 190 56 locorum
1816 2777 86 56 &
1851 2777 207 56 temporum
1989 2777 224 56 dispositio-

472 2830 111 65 nes
535 2830 79 65 &
567 2830 142 65 plura
662 2830 126 65 alia
741 2830 205 65 huiusmodi
899 2830 126 65 quae
978 2830 95 65 in
1025 2830 142 65 nullo
1120 2830 142 65 reali
1215 2830 111 65 vno
1278 2830 237 65 conveniunt:
1467 2830 79 65 &
1499 2830 142 65 tamen
1594 2830 158 65 omnium
1704 2830 174 65 illorum
1831 2830 111 65 est
1894 2830 190 65 scientia
2036 2830 126 65 vna.
2131 2830 111 65 Sed

470 2882 183 61 dicitur
603 2882 199 61 scientia
753 2882 116 61 vna
819 2882 249 61 communiter:
1018 2882 133 61 quia
1101 2882 149 61 habet
1201 2882 216 61 subiectum
1367 2882 133 61 vnum
1450 2882 149 61 vnius
1549 2882 216 61 rationis.
1715 2882 100 61 in
1765 2882 116 61 qua
1831 2882 166 61 quidem
1947 2882 183 61 ratione
2080 2882 166 61 aliquo

468 2936 117 63 modo
542 2936 219 63 communicant
717 2936 132 63 omnia
805 2936 117 63 quae
878 2936 176 63 scientia
1010 2936 117 63 illa
1083 2936 219 63 considerat.
1258 2936 117 63 Quod
1332 2936 205 63 intellexit
1492 2936 234 63 philosophus:
1683 2936 102 63 cum
1741 2936 132 63 dixit
1829 2936 161 63 secundo
1946 2936 132 63 Post.
2034 2936 132 63 Vnius
2107 2936 117 63 inquam

464 2989 109 76 tum
527 2989 141 76 vnum,
621 2989 109 76 vna
683 2989 109 76 est
746 2989 203 76 scientia,
902 2989 266 76 quantuncumque
1121 2989 125 76 enim
1199 2989 156 76 aliqua
1308 2989 141 76 inter
1402 2989 94 76 se
1449 2989 125 76 sint
1527 2989 188 76 diuersa,
1668 2989 94 76 si
1715 2989 188 76 rationem
1855 2989 125 76 vnam
1934 2989 172 76 induunt
2059 2989 125 76 quae
2121 2989 94 76 pri-

463 3038 101 69 mo
514 3038 101 69 ei
564 3038 135 69 quod
649 3038 118 69 est
716 3038 118 69 per
784 3038 101 69 se
835 3038 219 69 subiectum
1003 3038 219 69 scientiae
1172 3038 219 69 convenit:
1341 3038 118 69 vna
1409 3038 118 69 est
1476 3038 203 69 scientia
1628 3038 101 69 de
1679 3038 186 69 omnibus
1814 3038 152 69 illis
1915 3038 118 69 per
1966 3038 253 69 attributionem

461 3092 195 64 illorum
603 3092 107 64 ad
657 3092 231 64 subiectum
834 3092 249 64 scientiae:
1030 3092 124 64 cui
1101 3092 160 64 primo
1207 3092 142 64 illa
1296 3092 160 64 ratio
1403 3092 231 64 conuenit.
1580 3092 160 64 verbi
1687 3092 195 64 gratia:
1829 3092 213 64 Medicina
1989 3092 124 64 est
2060 3092 107 64 de
2096 3092 124 64 corpo

467 3153 112 57 re
523 3153 186 57 humano
653 3153 112 57 vt
709 3153 112 57 de
765 3153 223 57 subiecto
932 3153 242 57 inquantum
1118 3153 130 57 est
1193 3153 279 57 susceptiuum
1416 3153 260 57 sanitatis,
1621 3153 149 57 quod
1714 3153 167 57 primo
1825 3153 93 57 a
1863 3153 223 57 sanitate
2011 3153 205 57 denomina-

467 3200 120 92 ri
527 3200 180 92 natum
647 3200 160 92 est:
747 3200 220 92 tanquam
907 3200 200 92 primum
1047 3200 160 92 eius
1147 3200 320 92 susceptiuum:
1406 3200 180 92 cuius
1526 3200 240 92 rationem
1706 3200 100 92 &
1746 3200 360 92 denominationem
2026 3200 200 92 suscipit
