2392 3780
429 279 138 94 lii.
515 279 138 94 Ista
602 279 138 94 vero
688 279 242 94 nequaquam,
878 279 121 94 sed
948 279 156 94 solum
1051 279 277 94 distinguitur
1276 279 208 94 secundum
1432 279 208 94 diuersos
1587 279 156 94 modos
1691 279 225 94 tractandi
1864 279 86 94 &
1899 279 242 94 proponendi
2072 279 138 94 scien-

439 366 141 74 tiam
527 366 264 74 credibilium
739 366 88 74 &
774 366 229 74 agibilium
950 366 194 74 diuinae
1091 366 176 74 legis:
1214 366 106 74 vt
1267 366 159 74 visum
1373 366 123 74 est
1444 366 159 74 alibi
1549 366 106 74 in
1602 366 211 74 generali
1761 366 229 74 diuisione
1937 366 176 74 sacrae
2042 366 159 74 scriptu

447 438 133 60 rae.
530 438 149 60 Etiam
630 438 100 60 in
680 438 149 60 illis
779 438 216 60 scientiis
945 438 182 60 saepius
1078 438 100 60 id
1128 438 133 60 quod
1211 438 116 60 est
1277 438 182 60 formale
1410 438 100 60 in
1459 438 199 60 subiecto
1609 438 232 60 scientiae,
1791 438 216 60 diuiditur
1957 438 199 60 secundum
2090 438 116 60 diui-

433 484 182 61 sionem
560 484 200 61 partium
706 484 164 61 eius:
815 484 109 61 vt
870 484 164 61 patet
979 484 109 61 in
1034 484 219 61 scientia
1198 484 237 61 naturali,
1380 484 127 61 vbi
1452 484 182 61 corpus
1580 484 182 61 mobile
1707 484 127 61 est
1780 484 255 61 subiectum:
1981 484 164 61 cuius
2072 484 127 61 ratio

439 530 217 62 formalis
601 530 126 62 est
674 530 144 62 esse
764 530 199 62 mobile,
908 530 90 62 &
944 530 235 62 quaelibet
1125 530 144 62 pars
1215 530 144 62 eius
1305 530 126 62 est
1378 530 108 62 de
1432 530 199 62 aliquo,
1576 530 235 62 inquantum
1757 530 126 62 est
1829 530 181 62 corpus
1955 530 199 62 aliquod
2082 530 126 62 mobi-

441 581 108 63 le
495 581 289 63 particulare.
730 581 235 63 Similiter
910 581 271 63 metaphysica
1127 581 126 63 est
1199 581 108 63 de
1253 581 144 63 ente
1344 581 289 63 simpliciter,
1578 581 162 63 cuius
1687 581 181 63 formam
1813 581 199 63 recipit
1957 581 235 63 quodlibet
2120 581 90 63 ens

437 641 213 66 inquantum
600 641 147 66 cadit
698 641 115 66 sub
764 641 131 66 illa
846 641 213 66 scientia,
1009 641 131 66 quia
1091 641 229 66 considerat
1271 641 98 66 de
1320 641 229 66 substantia
1500 641 213 66 inquantum
1664 641 115 66 ens
1729 641 131 66 est:
1811 641 213 66 similiter
1975 641 98 66 de
2024 641 213 66 qualitate

444 690 243 74 quantitate,
638 690 81 74 &
671 690 113 74 sic
735 690 97 74 de
784 690 162 74 aliis.
897 690 130 74 Quod
978 690 113 74 non
1043 690 211 74 contingit
1205 690 97 74 in
1254 690 130 74 ista
1335 690 211 74 scientia,
1496 690 146 74 cuius
1594 690 211 74 subiectum
1756 690 130 74 deus
1837 690 130 74 est:
1918 690 113 74 cui
1982 690 130 74 soli
2047 690 162 74 convenit

448 756 134 61 esse
532 756 151 61 deum:
633 756 84 61 &
666 756 151 61 nulli
767 756 168 61 alteri
884 756 252 61 considerato
1085 756 101 61 in
1136 756 117 61 hac
1203 756 218 61 scientia.
1387 756 218 61 Similiter
1555 756 151 61 patet
1656 756 134 61 quod
1739 756 134 61 ista
1823 756 201 61 scientia
1974 756 117 61 est
2041 756 117 61 vna
2092 756 117 61 super

442 798 150 70 alias
542 798 233 70 totalitate
725 798 216 70 materiae.
892 798 133 70 Haec
975 798 133 70 enim
1058 798 200 70 scientia
1208 798 116 70 sic
1274 798 200 70 continet
1424 798 116 70 sub
1491 798 100 70 se
1540 798 150 70 omnes
1640 798 166 70 partes
1757 798 150 70 suas,
1857 798 133 70 quod
1940 798 250 70 impossibile
2123 798 83 70 est

436 852 114 58 eam
501 852 195 58 recipere
647 852 228 58 additionem
826 852 114 58 aut
891 852 260 58 diminutionem
1103 852 195 58 partium:
1250 852 98 58 vt
1298 852 179 58 patebit
1429 852 98 58 in
1478 852 195 58 sequenti
1624 852 244 58 quaestione:
1819 852 130 58 quod
1901 852 147 58 nulli
1998 852 163 58 alteri
2096 852 114 58 scien

440 909 136 65 tiae
525 909 220 65 convenit.
694 909 136 65 Vnde
779 909 136 65 vnam
864 909 85 65 &
898 909 170 65 eandem
1016 909 237 65 scientiam:
1203 909 102 65 vt
1254 909 288 65 metaphysicam,
1491 909 119 65 aut
1559 909 237 65 naturalem,
1745 909 186 65 diuersi
1881 909 237 65 philosophi
2050 909 153 65 tractam

440 966 125 57 tes:
518 966 156 57 semper
628 966 125 57 vnus
706 966 172 57 aliquid
831 966 234 57 integritati
1018 966 125 57 eius
1096 966 203 57 apposuit:
1252 966 125 57 quod
1331 966 141 57 alter
1424 966 172 57 omisit,
1549 966 125 57 quod
1627 966 234 57 impossibile
1815 966 109 57 est
1877 966 141 57 fieri
1971 966 94 57 in
2018 966 125 57 ista
2080 966 125 57 scien-

433 1013 136 59 tia.
518 1013 153 59 Totum
620 1013 136 59 enim
706 1013 136 59 quid
791 1013 187 59 scibile
927 1013 119 59 est
995 1013 222 59 pertinens
1166 1013 187 59 tanquam
1302 1013 256 59 necessarium
1506 1013 102 59 ad
1558 1013 204 59 salutem,
1711 1013 102 59 in
1762 1013 187 59 vtroque
1898 1013 239 59 testamento
2069 1013 136 59 inclu-

436 1063 181 59 ditur.
562 1063 199 59 Quantum
707 1063 145 59 ergo
797 1063 181 59 corpus
924 1063 217 59 caeleste
1087 1063 108 59 in
1141 1063 289 59 simplicitate
1376 1063 90 59 &
1412 1063 199 59 vnitate
1556 1063 199 59 excedit
1701 1063 181 59 corpus
1827 1063 271 59 elementare,
2044 1063 90 59 &
2062 1063 145 59 figura

450 1119 145 71 siue
540 1119 163 71 linea
649 1119 253 71 circularis
848 1119 181 71 lineam
975 1119 199 71 rectam:
1120 1119 181 71 tantum
1246 1119 145 71 ista
1337 1119 217 71 scientia
1500 1119 181 71 diuina
1627 1119 163 71 omnem
1735 1119 163 71 aliam
1844 1119 109 71 in
1898 1119 199 71 vnitate
2043 1119 91 71 &
2061 1119 145 71 simpli

451 1184 197 55 citate
589 1184 216 55 excedit
746 1184 216 55 praeter
904 1184 236 55 vnitatem
1081 1184 157 55 quam
1179 1184 177 55 habet
1297 1184 236 55 communem
1474 1184 138 55 cum
1553 1184 177 55 aliis
1671 1184 275 55 scientiis.
1887 1184 118 55 Et
1946 1184 138 55 hoc
2025 1184 177 55 facit
2123 1184 79 55 vt

443 1224 199 68 dictum
582 1224 139 68 est
662 1224 159 68 vnus
761 1224 179 68 modus
880 1224 318 68 considerandi
1138 1224 179 68 omnia
1258 1224 119 68 in
1317 1224 119 68 ea
1377 1224 139 68 sub
1456 1224 139 68 vna
1536 1224 219 68 ratione
1695 1224 338 68 simplicissima
1973 1224 99 68 &
2012 1224 179 68 nihil
2112 1224 99 68 sub

439 1291 207 64 propria
590 1291 226 64 ratione.
759 1291 150 64 Vnde
853 1291 207 64 ratione
1003 1291 226 64 vnitatis
1172 1291 150 64 sibi
1266 1291 226 64 propriae
1435 1291 226 64 conuenit
1605 1291 113 64 ei
1661 1291 301 64 antonomatice
1905 1291 169 64 illud
2018 1291 150 64 quod
2112 1291 132 64 di-

455 1329 134 72 cit
531 1329 305 72 philosophus.
779 1329 115 72 x.
837 1329 324 72 metaphysicae.
1104 1329 153 72 Vnum
1199 1329 229 72 secundum
1371 1329 191 72 formam
1505 1329 134 72 est
1581 1329 153 72 quod
1677 1329 134 72 non
1753 1329 172 72 habet
1867 1329 267 72 diuisionem
2058 1329 153 72 secun-

450 1387 132 63 dum
526 1387 301 63 cognitionem.
770 1387 188 63 Reuera
902 1387 151 63 ista
996 1387 226 63 scientia
1166 1387 188 63 nullam
1298 1387 170 63 habet
1411 1387 264 63 diuisionem
1618 1387 226 63 secundum
1788 1387 301 63 cognitionem:
2032 1387 151 63 quia
2108 1387 94 63 non

460 1440 117 64 sub
527 1440 133 64 alia
610 1440 183 64 ratione
744 1440 233 64 considerat
927 1440 267 64 substantiam:
1144 1440 117 64 sub
1210 1440 133 64 alia
1294 1440 217 64 accidens:
1460 1440 117 64 sub
1527 1440 133 64 alia
1610 1440 200 64 hominem:
1760 1440 117 64 sub
1827 1440 133 64 alia
1910 1440 200 64 angelum:
2060 1440 117 64 sub
2110 1440 100 64 alia

459 1494 182 67 caelum:
592 1494 116 67 sub
658 1494 132 67 alia
740 1494 182 67 terram:
872 1494 116 67 sed
938 1494 182 67 coniter
1070 1494 149 67 omnia
1169 1494 116 67 sub
1235 1494 116 67 vna
1301 1494 83 67 &
1334 1494 149 67 eadem
1433 1494 198 67 ratione:
1582 1494 215 67 inquantum
1747 1494 198 67 scilicet
1895 1494 132 67 esse
1978 1494 182 67 quoddam
2093 1494 116 67 diui-

462 1559 123 56 num
533 1559 158 56 ineis
638 1559 210 56 relucet:
795 1559 88 56 &
830 1559 123 56 per
900 1559 123 56 hoc
970 1559 105 56 ex
1023 1559 245 56 cognitione
1215 1559 175 56 diuini
1338 1559 140 56 esse
1425 1559 105 56 in
1478 1559 140 56 ipso
1565 1559 210 56 subiecto
1723 1559 140 56 quod
1810 1559 140 56 deus
1898 1559 140 56 est:
1985 1559 175 56 habent
2108 1559 140 56 quo-

452 1605 181 61 dammodo
583 1605 197 61 cognosci
731 1605 148 61 omnia
829 1605 131 61 alia
911 1605 98 61 ad
960 1605 213 61 scientiam
1125 1605 148 61 istam
1223 1605 246 61 pertinentia
1420 1605 181 61 tanquam
1551 1605 213 61 attributa
1716 1605 213 61 subiecto.
1880 1605 115 61 ita
1945 1605 131 61 quod
2011 1605 197 61 supruacuum

468 1665 157 56 esset
572 1665 122 56 sub
642 1665 174 56 genere
764 1665 227 56 scientiae
938 1665 261 56 theologicae
1147 1665 209 56 diuersas
1304 1665 227 56 scientias
1478 1665 227 56 partiales
1652 1665 244 56 contineri.
1844 1665 122 56 cum
1914 1665 157 56 tamen
2018 1665 122 56 non
2088 1665 122 56 sit
2140 1665 70 56 su

462 1719 210 60 perfsuum
619 1719 105 60 in
671 1719 175 60 genere
794 1719 227 60 scientiae
969 1719 297 60 philosophicae
1213 1719 210 60 diuersas
1371 1719 227 60 scientias
1546 1719 227 60 partiales
1720 1719 245 60 contineri.
1913 1719 122 60 EEt
1983 1719 122 60 hoc
2053 1719 140 60 ideo
2123 1719 87 60 con

467 1766 190 65 tingit,
605 1766 138 65 quia
691 1766 155 65 aliae
794 1766 224 65 scientiae
967 1766 241 65 innituntur
1156 1766 172 65 lumini
1277 1766 224 65 naturalis
1449 1766 224 65 rationis,
1622 1766 121 65 quo
1691 1766 155 65 solum
1794 1766 121 65 per
1863 1766 103 65 se
1915 1766 259 65 cognoscimus
2105 1766 103 65 vni-

467 1814 183 68 uersale
600 1814 232 68 abstractum
783 1814 83 68 a
816 1814 216 68 sensibus:
982 1814 83 68 &
1015 1814 149 68 tanto
1115 1814 149 68 prius
1214 1814 166 68 quanto
1330 1814 116 68 est
1397 1814 282 68 vniuersalius.
1629 1814 183 68 propter
1762 1814 133 68 quod
1845 1814 83 68 &
1878 1814 100 68 in
1928 1814 199 68 qualibet
2077 1814 166 68 talium

460 1871 272 59 scientiarum,
681 1871 187 59 oportet
817 1871 136 59 quod
902 1871 187 59 aliquod
1038 1871 238 59 vniuersale
1225 1871 119 59 sit
1293 1871 238 59 subiectum,
1481 1871 85 59 &
1515 1871 102 59 in
1566 1871 153 59 prima
1668 1871 187 59 illarum
1804 1871 153 59 ipsum
1906 1871 119 59 ens
1974 1871 136 59 quod
2059 1871 119 59 est
2110 1871 102 59 sum-

467 1918 111 70 me
523 1918 279 70 vniuersale.
746 1918 149 70 Nunc
839 1918 167 70 autem
950 1918 111 70 ex
1006 1918 204 70 ratione
1155 1918 223 70 subiecti
1322 1918 297 70 vniuersalis,
1563 1918 241 70 inquantum
1749 1918 260 70 huiusmodi,
1953 1918 130 70 non
2027 1918 149 70 sunt
2102 1918 111 70 nata

469 1980 198 52 cognosci
617 1980 181 52 aliqua,
749 1980 132 52 nisi
831 1980 198 52 secundum
980 1980 198 52 rationem
1128 1980 247 52 vniuersalis
1326 1980 231 52 existentis
1507 1980 99 52 in
1557 1980 132 52 eis,
1639 1980 115 52 non
1705 1980 198 52 secundum
1853 1980 198 52 rationem
2002 1980 132 52 esse
2068 1980 148 52 particu

461 2030 137 74 laris
552 2030 152 74 eorum.
659 2030 76 74 &
689 2030 122 74 ideo
766 2030 137 74 nulla
857 2030 107 74 vna
918 2030 183 74 scientia
1055 2030 229 74 vniuersalis
1238 2030 244 74 philosophica
1436 2030 198 74 sufficit:
1589 2030 107 74 sed
1650 2030 107 74 sub
1711 2030 122 74 ipsa
1787 2030 152 74 debent
1894 2030 122 74 esse
1970 2030 198 74 scientiae
2107 2030 107 74 parti

464 2094 206 61 culares,
618 2094 86 61 &
653 2094 120 61 hoc
721 2094 206 61 diuersae
876 2094 206 61 diuersas
1031 2094 206 61 rationes
1185 2094 275 61 particulares
1409 2094 240 61 diuersarum
1598 2094 155 61 rerum
1701 2094 309 61 considerantes.
1958 2094 206 61 secundum
2113 2094 137 61 quod

462 2139 154 65 dicit
564 2139 256 65 philosophus
769 2139 102 65 in
820 2139 154 65 iiii.
923 2139 290 65 metaphysicae.
1161 2139 136 65 Quia
1247 2139 119 65 per
1315 2139 239 65 vniuersale
1503 2139 256 65 vegetabilis
1707 2139 119 65 non
1775 2139 171 65 posset
1895 2139 136 65 homo
1980 2139 136 65 duci
2065 2139 102 65 in
2100 2139 119 65 cogni

465 2190 147 66 tionem
568 2190 220 66 sensibilis.
744 2190 73 66 &
773 2190 117 66 ideo
846 2190 103 66 non
905 2190 147 66 potest
1007 2190 117 66 esse
1081 2190 103 66 vna
1139 2190 176 66 scientia
1271 2190 234 66 particularis
1462 2190 234 66 vegetabilium
1652 2190 73 66 &
1682 2190 190 66 animalium
1828 2190 132 66 Ilsta
1916 2190 132 66 autem
2004 2190 176 66 scientia
2136 2190 103 66 in-

462 2255 207 57 nititur
612 2255 188 57 lumini
744 2255 319 57 supernaturali
1007 2255 207 57 infuso,
1157 2255 94 57 &
1195 2255 131 57 hoc
1270 2255 113 57 ad
1326 2255 150 57 deum
1420 2255 376 57 supernaturaliter
1739 2255 301 57 cognoscendum
1984 2255 169 57 primo
2096 2255 94 57 &
2115 2255 94 57 per

471 2301 223 55 consequens
646 2301 143 55 alia:
742 2301 207 55 econuerso
901 2301 207 55 processui
1060 2301 111 55 qui
1124 2301 111 55 sit
1187 2301 96 55 in
1235 2301 207 55 scientiis
1394 2301 287 55 philosophicis.
1633 2301 96 55 In
1681 2301 111 55 deo
1744 2301 143 55 autem
1840 2301 127 55 sunt
1920 2301 143 55 omnes
2015 2301 159 55 omnium
2111 2301 111 55 ratio

462 2362 154 59 nes,
558 2362 135 59 quo
635 2362 115 59 ad
692 2362 173 59 omnem
808 2362 173 59 modum
923 2362 288 59 cognoscendi
1154 2362 173 59 ipsa.
1269 2362 211 59 Propter
1423 2362 154 59 quod
1519 2362 173 59 sicut
1634 2362 154 59 ipsa
1730 2362 192 59 diuina
1865 2362 231 59 scientia
2038 2362 135 59 qua
2096 2362 115 59 deus

477 2407 189 68 seipsum
614 2407 240 68 cognoscit:
802 2407 120 68 est
871 2407 206 68 perfecta
1025 2407 154 68 ratio
1128 2407 154 68 vnica
1231 2407 240 68 cognitione
1419 2407 257 68 cognoscendi
1625 2407 154 68 omnia
1728 2407 137 68 alia
1814 2407 86 68 a
1848 2407 103 68 se
1899 2407 103 68 in
1951 2407 171 68 formis
2054 2407 171 68 propriis

479 2457 118 66 sic
547 2457 84 66 &
580 2457 135 66 ista
665 2457 203 66 scientia
817 2457 101 66 de
868 2457 118 66 deo
935 2457 186 66 quantum
1070 2457 118 66 est
1138 2457 101 66 ex
1189 2457 152 66 parte
1290 2457 135 66 sui,
1374 2457 135 66 quae
1459 2457 101 66 in
1510 2457 118 66 hoc
1577 2457 203 66 imitatur
1729 2457 152 66 modum
1830 2457 220 66 scientiae
1999 2457 203 66 diuinae,
2135 2457 84 66 na-

472 2520 107 61 ta
526 2520 125 61 est
597 2520 179 61 ducere
723 2520 107 61 in
776 2520 268 61 cognitionem
991 2520 179 61 omnium
1116 2520 286 61 particularem
1349 2520 233 61 inquantum
1527 2520 107 61 ad
1581 2520 161 61 istam
1688 2520 233 61 scientiam
1867 2520 250 61 pertinent.
2064 2520 107 61 Et
2118 2520 143 61 ideo

465 2567 156 65 sicut
569 2567 104 65 si
621 2567 104 65 ex
673 2567 243 65 cognitione
864 2567 156 65 entis
968 2567 260 65 simpliciter
1176 2567 208 65 naturali
1333 2567 174 65 lumine
1454 2567 278 65 sufficienter
1680 2567 174 65 haberi
1801 2567 174 65 posset
1923 2567 208 65 cognitio
2062 2567 156 65 cuiusli

460 2622 116 65 bet
527 2622 149 65 entis
626 2622 198 65 secundum
775 2622 198 65 propriam
923 2622 165 65 formam
1039 2622 248 65 naturaliter
1238 2622 265 65 cognoscendi,
1452 2622 116 65 non
1519 2622 149 65 esset
1618 2622 132 65 nisi
1700 2622 149 65 vnica
1800 2622 198 65 scientia
1948 2622 281 65 philosophica:
2163 2622 50 65 &

467 2672 246 69 superssuum
660 2672 158 69 esset
766 2672 175 69 plures
889 2672 140 69 esse
976 2672 105 69 de
1029 2672 211 69 diuersis
1187 2672 211 69 partibus
1345 2672 175 69 entis:
1468 2672 123 69 Sic
1538 2672 140 69 ista
1625 2672 211 69 scientia
1783 2672 105 69 de
1836 2672 140 69 deo,
1924 2672 140 69 quia
2011 2672 105 69 ex
2047 2672 175 69 cognitio

463 2725 107 70 ne
517 2725 125 70 dei
588 2725 107 70 in
641 2725 107 70 ea
695 2725 178 70 lumine
819 2725 303 70 supernaturali
1068 2725 285 70 sufficienter
1300 2725 196 70 quantum
1442 2725 107 70 ex
1495 2725 142 70 ipsa
1584 2725 125 70 est
1656 2725 178 70 potest
1780 2725 178 70 haberi
1905 2725 214 70 cognitio
2047 2725 178 70 cuiusli-

467 2778 121 67 bet
536 2778 173 67 entis:
657 2778 104 67 vt
709 2778 173 67 relati
830 2778 104 67 ad
882 2778 156 67 deum,
985 2778 86 67 &
1020 2778 207 67 habentis
1176 2778 138 67 esse
1262 2778 207 67 diuinum,
1418 2778 121 67 non
1487 2778 121 67 est
1556 2778 138 67 nisi
1642 2778 173 67 vnica,
1763 2778 121 67 non
1833 2778 156 67 solum
1936 2778 138 67 vna,
2023 2778 121 67 sed
2075 2778 138 67 tantum

473 2836 114 66 vna
538 2836 97 66 vt
586 2836 260 66 superfiueret
797 2836 146 66 alia.
895 2836 130 66 Immo
976 2836 244 66 impossibile
1171 2836 114 66 est
1236 2836 146 66 aliam
1333 2836 146 66 esse,
1431 2836 146 66 sicut
1528 2836 244 66 impossibile
1723 2836 114 66 est
1788 2836 146 66 alium
1885 2836 130 66 esse
1966 2836 146 66 deum,
2064 2836 114 66 vel
2113 2836 97 66 ali-

471 2887 135 68 quod
556 2887 135 68 ens,
640 2887 135 68 quod
725 2887 118 68 non
792 2887 152 68 habet
894 2887 135 68 esse
978 2887 118 68 per
1046 2887 288 68 attributionem
1283 2887 101 68 ad
1334 2887 135 68 vnum
1418 2887 152 68 deum.
1520 2887 101 68 Et
1570 2887 101 68 ex
1621 2887 118 68 hoc
1689 2887 152 68 patet
1790 2887 186 68 tertius
1925 2887 152 68 modus
2010 2887 203 68 propriissi

478 2942 123 57 mus
549 2942 210 57 vnitatis
706 2942 158 57 huius
811 2942 245 57 scientiae,
1004 2942 105 57 in
1056 2942 123 57 quo
1126 2942 158 57 omnem
1231 2942 158 57 modum
1336 2942 210 57 vnitatis
1494 2942 245 57 cuiuslibet
1687 2942 210 57 alterius
1844 2942 228 57 scientiae
2019 2942 210 57 excedit,
2159 2942 53 57 &

477 2992 193 65 ratione
618 2992 158 65 talis
723 2992 210 65 vnitatis
880 2992 140 65 omne
968 2992 193 65 scibile
1108 2992 245 65 quodammodo
1301 2992 105 65 ad
1353 2992 228 65 subiectum
1528 2992 158 65 huius
1633 2992 228 65 scientiae
1809 2992 140 65 quod
1896 2992 140 65 deus
1984 2992 123 65 est
2054 2992 175 65 reduci
2159 2992 70 65 ha

474 3044 142 70 bet.
563 3044 213 70 Absolute
723 3044 178 70 igitur
848 3044 213 70 dicendum
1008 3044 142 70 quod
1097 3044 231 70 theologia
1274 3044 124 70 est
1346 3044 213 70 scientia
1506 3044 142 70 vna,
1595 3044 107 70 i&
1648 3044 160 70 magis
1755 3044 89 70 &
1790 3044 178 70 verius
1915 3044 124 70 vna
1986 3044 142 70 quam
2075 3044 178 70 aliqua

466 3106 204 63 aliarum.
619 3106 119 63 Nec
687 3106 153 63 istam
790 3106 204 63 vnitatem
943 3106 102 63 in
994 3106 102 63 ea
1045 3106 239 63 statuimus:
1233 3106 119 63 sed
1301 3106 119 63 eam
1369 3106 102 63 ex
1420 3106 170 63 natura
1539 3106 119 63 sua
1608 3106 102 63 ei
1659 3106 170 63 inesse
1778 3106 256 63 aduertimus:
1982 3106 153 63 sicut
2068 3106 153 63 philoso

473 3155 120 63 phi
541 3155 222 63 scientias
712 3155 137 63 quas
797 3155 102 63 de
849 3155 154 63 rebus
951 3155 256 63 naturalibus
1156 3155 85 63 &
1190 3155 324 63 argumentationum
1463 3155 290 63 connexionibus
1703 3155 324 63 conscripserunt:
1976 3155 120 63 non
2044 3155 120 63 eas
2095 3155 137 63 statue

474 3211 140 89 runt,
568 3211 109 89 sed
630 3211 93 89 ex
676 3211 171 89 naturis
801 3211 140 89 rerum
894 3211 311 89 animaduerterunt:
1158 3211 93 89 vt
1205 3211 140 89 dicit
1298 3211 218 89 Augustinus
1469 3211 93 89 de
1516 3211 124 89 doc.
1593 3211 186 89 Christi.
1764 3211 93 89 Ad
1811 3211 155 89 primum
1920 3211 93 89 in
1966 3211 202 89 oppositum
2122 3211 124 89 quod
