2500 3770
274 300 118 85 cet
341 300 118 85 hoc
409 300 151 85 verum
509 300 134 85 sit:
593 300 118 85 non
660 300 151 85 tamen
761 300 185 85 oportet
895 300 134 85 quod
979 300 285 85 subalternetur
1214 300 235 85 scientiae,
1399 300 101 85 in
1449 300 118 85 qua
1517 300 134 85 sunt
1601 300 151 85 nota,
1701 300 134 85 nisi
1785 300 168 85 essent
1903 300 134 85 nota
1970 300 67 85 in

271 363 136 67 illa
356 363 204 67 scientia
510 363 187 67 notitia
646 363 187 67 propter
782 363 136 67 quid
867 363 85 67 &
901 363 119 67 per
970 363 187 67 medium:
1106 363 136 67 quod
1191 363 119 67 non
1259 363 119 67 est
1327 363 170 67 verum.
1447 363 136 67 Immo
1532 363 273 67 cognoscuntur
1753 363 102 67 in
1804 363 136 67 illa
1873 363 170 67 simplici

273 426 304 60 apprehensione
524 426 143 60 sine
613 426 143 60 omni
703 426 233 60 discursu,
882 426 107 60 vt
936 426 179 60 dictum
1061 426 143 60 est.
1151 426 107 60 Si
1204 426 143 60 vero
1294 426 161 60 illud
1401 426 251 60 appelletur
1598 426 304 60 subalternatio
1849 426 179 60 quando
1956 426 90 60 vna

275 472 209 61 scientia
431 472 157 61 habet
536 472 174 61 claram
658 472 87 61 &
693 472 192 61 apertam
832 472 209 61 notitiam
989 472 296 61 principiorum,
1233 472 157 61 cuius
1338 472 261 61 auctoritate
1547 472 174 61 altera
1669 472 209 61 scientia
1826 472 192 61 recipit
1948 472 87 61 ea-

265 526 124 64 dem
336 526 231 64 principia
514 526 195 64 tanquam
655 526 195 64 obscura
797 526 89 64 &
833 526 142 64 nota
922 526 231 64 solummodo
1099 526 124 64 per
1170 526 177 64 fidem,
1294 526 231 64 scientiae
1471 526 195 64 diuinae
1613 526 124 64 vel
1684 526 213 64 beatorum
1844 526 142 64 ista
1915 526 124 64 scien

278 581 123 70 tia
349 581 317 70 subalternatur.
613 581 123 70 Sed
683 581 211 70 postquam
841 581 158 70 notum
947 581 176 70 fuerit
1070 581 106 70 de
1123 581 176 70 rebus,
1246 581 88 70 &
1281 581 281 70 intelligamus
1509 581 141 70 quid
1597 581 176 70 dicere
1720 581 211 70 velimus,
1861 581 176 70 disputa-

276 635 188 70 tionem
408 635 113 70 de
465 635 245 70 nominibus
653 635 339 70 particularibus
935 635 301 70 relinquamus:
1180 635 94 70 &
1218 635 188 70 videat
1350 635 132 70 qui
1425 635 132 70 hoc
1501 635 226 70 poterit,
1670 635 170 70 vtrum
1783 635 207 70 naturae
1915 635 113 70 suba

284 688 295 66 alternationis
527 688 156 66 iuxta
631 688 330 66 determinationem
908 688 243 66 Philosophi
1099 688 226 66 congruat.
1273 688 87 66 â‹
1307 688 104 66 Ad
1359 688 208 66 secundum
1516 688 139 66 quod
1602 688 226 66 subiectum
1776 688 243 66 theologiae
1949 688 87 66 est

283 736 104 76 sub
342 736 178 76 subiecto
476 736 252 76 metaphysicae:
683 736 118 76 ergo
757 736 89 76 ei
802 736 267 76 subalternatur:
1024 736 178 76 Dicendum
1157 736 207 76 duplicite.
1320 736 133 76 Primo
1409 736 118 76 quod
1483 736 148 76 falsum
1587 736 118 76 est:
1661 736 133 76 licet
1749 736 118 76 enim
1823 736 118 76 deus
1898 736 104 76 sit
1942 736 74 76 per

282 799 175 56 subiecti
414 799 233 56 metaphysicae
603 799 175 56 inquantu
735 799 248 56 cognoscibilis
939 799 102 56 est
997 799 88 56 in
1041 799 175 56 scientia
1173 799 233 56 philosophica
1362 799 88 56 ex
1406 799 131 56 puris
1494 799 233 56 naturalibus:
1683 799 190 56 inquantum
1829 799 131 56 tamen
1917 799 102 56 est
1961 799 58 56 co

273 854 225 63 gnoscibilis
453 854 105 63 per
513 854 135 63 fidem
603 854 75 63 &
633 854 270 63 intelligentiam
857 854 270 63 supernaturalem
1082 854 165 63 tamquam
1202 854 195 63 subiectum
1352 854 90 63 in
1397 854 105 63 hac
1457 854 195 63 scientia:
1606 854 105 63 non
1666 854 210 63 continetur
1831 854 105 63 sub
1876 854 150 63 subiecto

280 904 281 62 metaphysicae:
512 904 116 62 sed
578 904 99 62 in
627 904 182 62 ratione
759 904 248 62 cognoscendi
957 904 215 62 praecedit
1122 904 132 62 eius
1205 904 215 62 subiectum
1370 904 165 62 illud,
1485 904 83 62 &
1518 904 182 62 seipsum
1650 904 99 62 vt
1700 904 132 62 pars
1782 904 116 62 est
1848 904 165 62 illius
1947 904 83 62 sub

276 956 153 65 iecti,
383 956 92 65 vt
428 956 137 65 infra
520 956 214 65 videbitur.
688 956 107 65 Vel
749 956 153 65 aliter
856 956 199 65 dicendum:
1009 956 122 65 quod
1085 956 137 65 licet
1177 956 199 65 subiectum
1329 956 137 65 huius
1421 956 199 65 scientiae
1574 956 107 65 sit
1635 956 107 65 sub
1696 956 183 65 subiecto
1833 956 153 65 illius
1925 956 107 65 scien

267 1012 147 65 tiae:
365 1012 115 65 non
430 1012 147 65 tamen
529 1012 180 65 oportet
660 1012 131 65 quod
741 1012 131 65 illa
823 1012 246 65 subalternet
1020 1012 164 65 istam.
1134 1012 115 65 Non
1200 1012 131 65 enim
1282 1012 229 65 requiritur
1462 1012 98 65 ad
1511 1012 327 65 subalternationem
1789 1012 131 65 quod
1855 1012 180 65 subiectum

275 1067 122 65 sit
344 1067 122 65 sub
414 1067 226 65 subiecto.
587 1067 104 65 In
639 1067 174 65 duobus
761 1067 156 65 enim,
865 1067 174 65 primis
987 1067 156 65 modis
1091 1067 365 65 subalternationis,
1404 1067 122 65 non
1473 1067 122 65 est
1543 1067 226 65 subiectum
1716 1067 295 65 subalternatae
1942 1067 87 65 sub

273 1116 179 61 subiecto
408 1116 284 61 subalternantis,
647 1116 90 61 vt
691 1116 149 61 patet.
796 1116 134 61 Neque
886 1116 179 61 sequitur
1020 1116 209 61 econverso,
1184 1116 120 61 quod
1259 1116 90 61 si
1304 1116 194 61 subiectum
1453 1116 105 61 sit
1513 1116 105 61 sub
1573 1116 194 61 subiecto,
1722 1116 120 61 quod
1797 1116 179 61 scientia
1916 1116 105 61 scien

276 1169 131 68 tiam
358 1169 263 68 subalternet.
571 1169 115 68 sub
637 1169 197 68 subiecto
785 1169 131 68 enim
867 1169 148 68 libri
966 1169 214 68 Phyiciae,
1130 1169 131 68 quod
1212 1169 115 68 est
1278 1169 164 68 corpus
1393 1169 164 68 mobile
1508 1169 247 68 simpliciter
1705 1169 279 68 considerandum
1919 1169 115 68 secun

271 1223 119 57 dum
339 1223 222 57 generalia
510 1223 222 57 principia
681 1223 85 57 &
715 1223 222 57 passiones
885 1223 154 57 motus
988 1223 85 57 &
1022 1223 205 57 mobilis,
1176 1223 119 57 est
1244 1223 222 57 subiectum
1415 1223 154 57 libri
1517 1223 137 57 cae.
1602 1223 85 57 &
1636 1223 171 57 mundo,
1756 1223 137 57 quod
1841 1223 119 57 est
1892 1223 137 57 corpus

263 1278 169 63 mobile
381 1278 101 63 ad
432 1278 169 63 situm:
550 1278 84 63 &
584 1278 152 63 tamen
685 1278 203 63 scientia
837 1278 220 63 Physicae.
1006 1278 118 63 non
1074 1278 253 63 subalternat
1276 1278 135 63 sibi
1361 1278 220 63 scientiam
1529 1278 152 63 cael.
1631 1278 84 63 &
1665 1278 169 63 mundo.
1783 1278 135 63 Vnde
1850 1278 186 63 metaphysi

265 1331 103 69 ca
316 1331 188 69 quamuis
453 1331 120 69 sub
522 1331 205 69 subiecto
675 1331 137 69 eius
761 1331 137 69 sint
847 1331 205 69 subiecta
1001 1331 171 69 omnium
1120 1331 291 69 particularium
1360 1331 274 69 scientiarum,
1582 1331 103 69 vt
1634 1331 205 69 dicitur.
1787 1331 154 69 iiii.
1873 1331 154 69 metaphy

265 1381 175 71 sicae,
388 1381 175 71 nullam
511 1381 158 71 tamen
616 1381 263 71 scientiarum
826 1381 298 71 particularium
1071 1381 140 71 sibi
1158 1381 280 71 subalternat:
1386 1381 140 71 quia
1474 1381 193 71 propria
1614 1381 228 71 principia
1789 1381 193 71 aliarum
1911 1381 123 71 scien

267 1440 162 57 tiarum
380 1440 146 57 nullo
478 1440 130 57 modo
559 1440 146 57 habet
656 1440 195 57 probare:
802 1440 146 57 neque
900 1440 227 57 cognoscere
1078 1440 130 57 nisi
1159 1440 97 57 in
1208 1440 243 57 vniuersali.
1402 1440 162 57 aliter
1516 1440 130 57 enim
1597 1440 114 57 non
1662 1440 162 57 essent
1776 1440 146 57 illae
1857 1440 162 57 scientia

267 1494 159 65 aliae
373 1494 106 65 ab
426 1494 159 65 ipsa,
533 1494 159 65 neque
639 1494 159 65 etiam
745 1494 159 65 habet
851 1494 230 65 defendere
1028 1494 230 65 principia
1205 1494 195 65 propria
1346 1494 265 65 scientiarum
1558 1494 177 65 contra
1682 1494 212 65 negantes
1841 1494 159 65 ipsa,
1930 1494 106 65 nisi

271 1541 197 61 quatenus
418 1541 197 61 redundat
566 1541 197 61 falsitas
713 1541 164 61 contra
828 1541 131 61 illa
910 1541 98 61 in
959 1541 115 61 sua
1024 1541 213 61 principia
1188 1541 197 61 propria,
1336 1541 98 61 vt
1385 1541 147 61 infra
1483 1541 197 61 dicetur.
1631 1541 131 61 Vnde
1713 1541 131 61 quod
1795 1541 197 61 defendit
1926 1541 98 61 alia

268 1593 123 62 rum
339 1593 263 62 scientiarum
549 1593 246 62 principia,
743 1593 123 62 hoc
813 1593 123 62 non
883 1593 123 62 est
953 1593 141 62 quia
1041 1593 263 62 subalternet
1252 1593 123 62 eas
1322 1593 176 62 aliquo
1445 1593 158 62 modo:
1551 1593 123 62 sed
1621 1593 141 62 quia
1709 1593 123 62 est
1779 1593 211 62 scientia
1920 1593 105 62 vni-

274 1649 210 55 uersalis
431 1649 157 55 super
535 1649 140 55 eas:
623 1649 87 55 &
658 1649 157 55 illud
762 1649 210 55 conuenit
920 1649 105 55 ei
972 1649 140 55 quia
1059 1649 244 55 considerat
1251 1649 105 55 id
1304 1649 140 55 quod
1391 1649 122 55 est
1461 1649 175 55 primum
1583 1649 87 55 &
1618 1649 192 55 optimum
1758 1649 105 55 in
1810 1649 175 55 genere
1915 1649 122 55 entis

261 1702 103 67 vt
312 1702 171 67 dictum
432 1702 120 67 est
500 1702 171 67 supra.
620 1702 103 67 Et
671 1702 103 67 ex
723 1702 120 67 hoc
791 1702 154 67 etiam
893 1702 120 67 sic
962 1702 256 67 principalis
1167 1702 120 67 est
1235 1702 154 67 super
1338 1702 154 67 omnes
1441 1702 171 67 alias,
1560 1702 137 67 quod
1646 1702 154 67 aliae
1748 1702 154 67 omnes
1834 1702 205 67 famulentur

261 1753 105 60 ei
314 1753 88 60 &
349 1753 315 60 subministrent:
612 1753 123 60 sed
682 1753 123 60 hoc
752 1753 158 60 nihil
857 1753 105 60 ad
910 1753 368 60 subalternationem.
1225 1753 315 60 Subministratio
1488 1753 140 60 enim
1575 1753 88 60 &
1611 1753 228 60 famulatus
1786 1753 175 60 omnino
1908 1753 158 60 aliud

264 1809 115 57 est
329 1809 82 57 a
362 1809 329 57 subalternatione:
642 1809 82 57 &
675 1809 115 57 est
740 1809 164 57 fatuum
855 1809 164 57 dicere
970 1809 132 57 quod
1053 1809 296 57 subministratio
1299 1809 115 57 sit
1365 1809 181 57 aliquis
1497 1809 148 57 modus
1595 1809 345 57 subalternationis.
1891 1809 115 57 hoc
1940 1809 99 57 enim

266 1864 181 61 nullus
393 1864 163 61 dicit
501 1864 145 61 nisi
592 1864 217 61 ignorans
755 1864 254 61 Philosophi
955 1864 344 61 determinationem
1245 1864 163 61 circa
1353 1864 272 61 scientiarum
1571 1864 381 61 subalternationem.
1879 1864 163 61 Submini

270 1919 180 66 stratio
400 1919 131 66 enim
482 1919 114 66 est
548 1919 98 66 ex
597 1919 114 66 hoc
662 1919 131 66 quod
744 1919 196 66 scientia
891 1919 196 66 inferior
1038 1919 147 66 parat
1136 1919 180 66 aliquid
1267 1919 98 66 in
1316 1919 131 66 vsum
1398 1919 245 66 superioris,
1594 1919 98 66 vt
1643 1919 164 66 dictum
1758 1919 114 66 est
1823 1919 164 66 supra.
1922 1919 114 66 Subal

269 1971 213 61 ternatio
429 1971 160 61 autem
535 1971 124 61 est
606 1971 106 61 ex
660 1971 124 61 hoc
731 1971 160 61 magis
837 1971 142 61 quod
926 1971 213 61 scientia
1086 1971 284 61 subalternata
1316 1971 213 61 mendicat
1476 1971 195 61 aliquid
1618 1971 89 61 a
1653 1971 248 61 superiori:
1849 1971 89 61 &
1866 1971 160 61 deficit

275 2022 149 57 circa
375 2022 199 57 proprium
525 2022 266 57 cognoscibile
740 2022 116 57 ibi
807 2022 183 57 aliquid
940 2022 116 57 non
1006 2022 249 57 cognoscendo
1206 2022 133 57 quod
1289 2022 199 57 cognitum
1438 2022 116 57 est
1504 2022 83 57 a
1538 2022 199 57 scientia
1687 2022 233 57 superiori,
1870 2022 100 57 vt
1903 2022 133 57 dictum

267 2075 115 57 est.
338 2075 72 57 â‹
367 2075 86 57 Ad
410 2075 158 57 tertium
524 2075 115 57 quod
596 2075 186 57 theologia
739 2075 129 57 sumit
825 2075 86 57 ab
868 2075 129 57 aliis
954 2075 201 57 scientiis:
1112 2075 72 57 &
1140 2075 129 57 dicit
1226 2075 129 57 quia,
1312 2075 86 57 de
1355 2075 143 57 quibus
1455 2075 129 57 ipsae
1541 2075 143 57 dicunt
1642 2075 158 57 propter
1756 2075 129 57 quid:
1842 2075 172 57 Dicendum
1957 2075 57 57 ac

269 2129 117 55 hoc,
343 2129 117 55 quod
416 2129 132 55 licet
504 2129 235 55 consideratio
695 2129 117 55 quia
768 2129 73 55 &
798 2129 161 55 propter
915 2129 117 55 quid
988 2129 235 55 distinguunt,
1179 2129 88 55 vt
1223 2129 147 55 dictum
1326 2129 117 55 est,
1399 2129 191 55 scientiam
1546 2129 264 55 subalternantem
1766 2129 73 55 &
1795 2129 264 55 subalternatam:

277 2184 98 66 non
333 2184 126 66 tamen
417 2184 140 66 semper
515 2184 168 66 scientia
642 2184 140 66 dicens
740 2184 112 66 quia
810 2184 84 66 de
852 2184 140 66 aliquo
950 2184 182 66 principio
1090 2184 112 66 quid
1161 2184 126 66 sumit
1245 2184 84 66 ab
1287 2184 126 66 alia,
1371 2184 238 66 subalternatur
1567 2184 112 66 illi
1637 2184 70 66 a
1665 2184 112 66 quae
1735 2184 140 66 sumit,
1834 2184 112 66 quae
1904 2184 84 66 de
1932 2184 98 66 eodem

271 2239 135 57 dicit
361 2239 165 57 propter
481 2239 135 57 quid.
571 2239 105 57 Sed
631 2239 120 57 tres
706 2239 225 57 conditiones
886 2239 105 57 cum
946 2239 105 57 hoc
1006 2239 240 57 requiruntur.
1200 2239 135 57 Prima
1290 2239 120 57 quod
1365 2239 135 57 illud
1455 2239 165 57 tanquam
1575 2239 210 57 principium
1740 2239 195 57 descendat
1890 2239 90 57 in
1920 2239 105 57 totam

276 2289 227 70 scientiam
450 2289 140 70 quae
537 2289 157 70 sumit
642 2289 157 70 illud
747 2289 105 70 ab
799 2289 157 70 alia.
904 2289 192 70 Secunda
1044 2289 140 70 quod
1131 2289 140 70 ipsa
1218 2289 192 70 assumat
1358 2289 157 70 illud
1462 2289 244 70 mendicando
1654 2289 192 70 propter
1794 2289 140 70 suam
1864 2289 157 70 indigen

274 2341 151 59 tiam:
375 2341 117 59 non
442 2341 151 59 autem
542 2341 251 59 principando
743 2341 184 59 propter
877 2341 134 59 suum
961 2341 151 59 vsum.
1062 2341 168 59 Tertia
1179 2341 134 59 quod
1263 2341 151 59 illud
1363 2341 184 59 assumat
1497 2341 134 59 quia
1581 2341 218 59 subiectum
1748 2341 218 59 scientiae
1916 2341 84 59 a
1949 2341 117 59 quo

275 2394 183 60 assumit
409 2394 183 60 accipit
542 2394 183 60 tanquam
675 2394 233 60 principale
859 2394 133 60 suae
942 2394 333 60 considerationis.
1226 2394 217 60 Principia
1392 2394 133 60 enim
1476 2394 267 60 arithmeticae
1693 2394 167 60 cadunt
1809 2394 100 60 in
1859 2394 150 60 totam
1943 2394 83 60 mu-

262 2449 184 71 sicam:
391 2449 148 71 quae
483 2449 184 71 musica
612 2449 221 71 mendicat
778 2449 148 71 quia
870 2449 129 71 non
944 2449 166 71 habet
1055 2449 148 71 alia
1147 2449 148 71 sibi
1239 2449 221 71 propria:
1405 2449 92 71 &
1442 2449 166 71 super
1553 2449 203 71 numerum
1700 2449 129 71 qui
1774 2449 129 71 est
1829 2449 203 71 subiectum

277 2501 257 56 arithmeticae,
488 2501 136 56 cadit
579 2501 106 56 sua
639 2501 227 56 principalis
821 2501 242 56 consideratio
1017 2501 91 56 vt
1062 2501 151 56 dictum
1168 2501 121 56 est.
1244 2501 91 56 Et
1289 2501 196 56 similiter
1440 2501 106 56 est
1500 2501 91 56 de
1546 2501 211 56 principiis
1712 2501 227 56 altimetriae
1878 2501 151 56 respectu

286 2561 294 67 perspectiuae,
528 2561 104 67 vt
580 2561 156 67 patet
684 2561 104 67 ex
736 2561 364 67 praedeterminatis.
1047 2561 190 67 Propter
1186 2561 208 67 defectum
1342 2561 156 67 primi
1445 2561 173 67 membri
1567 2561 208 67 Medicina
1722 2561 121 67 non
1774 2561 260 67 subalternatur

286 2611 267 72 geometriae:
500 2611 160 72 licet
607 2611 232 72 geometria
785 2611 107 72 de
838 2611 178 72 aliquo
963 2611 160 72 dicit
1070 2611 196 72 propter
1213 2611 143 72 quid
1302 2611 107 72 de
1355 2611 125 72 quo
1426 2611 214 72 medicina
1587 2611 160 72 dicit
1694 2611 160 72 quia:
1800 2611 160 72 neque
1889 2611 143 72 physi-

269 2665 108 66 ca
323 2665 235 66 similiter
504 2665 307 66 perspectiuae:
756 2665 90 66 &
792 2665 126 66 hoc
865 2665 162 66 ideo,
973 2665 144 66 quia
1063 2665 162 66 illud
1172 2665 253 66 principium
1370 2665 108 66 de
1424 2665 126 66 quo
1496 2665 162 66 dicit
1605 2665 199 66 propter
1749 2665 144 66 quid
1821 2665 199 66 geometria

275 2716 90 70 &
311 2716 217 70 medicina
474 2716 163 70 quia,
582 2716 127 70 non
654 2716 163 70 cadit
763 2716 108 70 in
817 2716 163 70 totam
926 2716 235 70 scientiam
1106 2716 253 70 medicinae:
1305 2716 127 70 sed
1377 2716 127 70 est
1450 2716 163 70 circa
1558 2716 199 70 aliquam
1703 2716 289 70 conclusionem
1920 2716 108 70 eius

275 2772 177 66 tantum.
404 2772 209 66 Similiter
564 2772 113 66 est
629 2772 97 66 de
677 2772 241 66 perspectiua
870 2772 193 66 respectu
1015 2772 209 66 physicae.
1176 2772 113 66 ita
1240 2772 129 66 quod
1320 2772 241 66 Aristoteles
1513 2772 177 66 remouet
1642 2772 97 66 ab
1690 2772 145 66 istis
1771 2772 257 66 subalternatio-

273 2823 142 70 nem:
362 2823 124 70 cum
433 2823 160 70 dicit
540 2823 107 70 in
593 2823 160 70 primo
700 2823 231 70 Posterio.
877 2823 107 70 de
931 2823 178 70 iride.
1055 2823 160 70 lpsum
1162 2823 142 70 quia
1250 2823 195 70 Physici
1392 2823 124 70 est
1464 2823 178 70 scire:
1588 2823 124 70 sed
1659 2823 195 70 propter
1801 2823 142 70 quid
1890 2823 124 70 est
1943 2823 89 70 spe

277 2876 219 68 culatiui.
445 2876 168 68 Multae
563 2876 151 68 autem
664 2876 84 68 &
698 2876 118 68 non
765 2876 236 68 subinuicem
950 2876 252 68 scientiarum
1152 2876 101 68 se
1203 2876 168 68 habent
1320 2876 135 68 sic,
1404 2876 101 68 vt
1455 2876 202 68 medicina
1606 2876 101 68 ad
1657 2876 252 68 geometriam.
1859 2876 135 68 quod
1926 2876 101 68 enim

274 2935 198 61 vulnera
418 2935 252 61 circularia
616 2935 216 61 sanantur
778 2935 198 61 tardius
922 2935 180 61 medici
1048 2935 126 61 est
1120 2935 162 61 scire
1228 2935 162 61 quia:
1336 2935 198 61 propter
1480 2935 144 61 quid
1570 2935 162 61 autem
1678 2935 252 61 geometrae.
1858 2935 162 61 Propter

279 2989 217 64 defectum
441 2989 199 64 secundi
586 2989 181 64 membri
712 2989 235 64 theologia
893 2989 126 64 non
965 2989 307 64 subalternatur
1218 2989 181 64 alicui
1344 2989 235 64 scientiae
1525 2989 90 64 a
1561 2989 126 64 qua
1633 2989 162 64 sumit
1741 2989 108 64 id
1795 2989 108 64 de
1849 2989 126 64 quo
1904 2989 126 64 dicit

272 3042 154 62 quia,
374 3042 85 62 &
409 3042 137 62 alia
494 3042 188 62 propter
631 3042 154 62 quid:
733 3042 137 62 quia
819 3042 120 62 non
887 3042 188 62 assumit
1024 3042 239 62 mendicando
1212 3042 188 62 tanquam
1348 3042 222 62 principia
1519 3042 137 62 suae
1605 3042 222 62 scientiae
1776 3042 85 62 &
1810 3042 188 62 regulas
1929 3042 103 62 suae

279 3093 292 74 conditionis.
516 3093 146 74 Immo
607 3093 164 74 habet
717 3093 237 74 principia
899 3093 201 74 propria
1045 3093 237 74 superiora
1227 3093 255 74 principiis
1428 3093 182 74 omnium
1556 3093 201 74 aliarum
1702 3093 292 74 scientiarum.
1921 3093 109 74 Suba

275 3148 231 67 alternata
453 3148 160 67 autem
560 3148 213 67 scientia
720 3148 249 67 mendicando
915 3148 231 67 principia
1093 3148 124 67 sua
1164 3148 196 67 accipit
1306 3148 89 67 a
1342 3148 196 67 supiori
1484 3148 231 67 scientia:
1662 3148 142 67 quia
1751 3148 160 67 nulla
1857 3148 160 67 habet
1946 3148 89 67 pro

254 3203 164 77 pria.
363 3203 128 77 Sed
436 3203 237 77 theologia
619 3203 201 77 assumit
765 3203 110 77 ab
820 3203 201 77 omnibus
966 3203 237 77 scientiis
1149 3203 128 77 eis
1222 3203 274 77 principando
1441 3203 91 77 &
1478 3203 110 77 in
1532 3203 146 77 vsum
1624 3203 146 77 suum
1715 3203 110 77 ad
1770 3203 274 77 declarandum
1971 3203 73 77 ea
