2525 3771
269 291 129 99 est:
350 291 129 99 ipsa
430 291 162 99 reuera
543 291 242 99 principalis
737 291 145 99 debet
834 291 129 99 dici
915 291 194 99 respectu
1060 291 162 99 omnium
1174 291 258 99 scientiarum:
1384 291 145 99 talis
1481 291 145 99 autem
1577 291 113 99 est
1642 291 129 99 haec
1723 291 194 99 scientia
1852 291 194 99 theologiae

277 373 171 61 Idcirco
402 373 186 61 absolute
541 373 186 61 dicendum
681 373 124 61 quod
759 373 202 61 theologia
914 373 233 61 simpliciter
1100 373 109 61 est
1163 373 186 61 scientia
1302 373 233 61 principalis
1489 373 78 61 &
1520 373 295 61 principalissima
1768 373 155 61 omnium
1861 373 171 61 scientia-

269 427 136 66 rum:
354 427 85 66 &
388 427 307 66 speculatiuarum
644 427 222 66 regulando
814 427 153 66 omnes
916 427 273 66 speculatiuas
1138 427 102 66 in
1189 427 153 66 finem
1291 427 136 66 suum
1376 427 119 66 quo
1445 427 102 66 ad
1496 427 256 66 cognitionem
1700 427 153 66 veri:
1802 427 85 66 &
1819 427 222 66 practicarum

272 487 208 54 regulando
432 487 144 54 omnes
529 487 208 54 practicas
689 487 96 54 in
737 487 128 54 suum
817 487 144 54 finem
913 487 112 54 quo
978 487 96 54 ad
1026 487 241 54 operationem
1218 487 144 54 boni.
1314 487 192 54 secundum
1459 487 128 54 quod
1539 487 144 54 istae
1635 487 128 54 duae
1715 487 160 54 causae
1828 487 160 54 primum
1924 487 112 54 verum

264 538 78 63 &
296 538 171 63 vltimum
420 538 155 63 bonum,
529 538 264 63 principaliter
746 538 155 63 cadunt
855 538 93 63 in
902 538 218 63 cognitione
1073 538 140 63 huius
1166 538 218 63 scientiae.
1337 538 171 63 Propter
1461 538 124 63 quod
1539 538 140 63 etiam
1632 538 140 63 dicta
1726 538 109 63 est
1788 538 202 63 sapientia
1928 538 93 63 supe

272 585 138 62 omnes
364 585 138 62 alias
455 585 214 62 scientias,
624 585 92 62 vt
670 585 245 62 determinatum
869 585 107 62 est
930 585 153 62 supra.
1037 585 77 62 â‹
1068 585 92 62 Ad
1114 585 138 62 cuius
1205 585 230 62 intellectum
1389 585 184 62 sciendum
1527 585 122 62 quod
1603 585 153 62 duplex
1711 585 107 62 est
1772 585 138 62 modus
1848 585 184 62 principali

269 644 125 64 tatis
352 644 181 64 scientiae
491 644 125 64 vnius
575 644 125 64 super
658 644 139 64 alias:
755 644 139 64 quorum
853 644 111 64 vnus
922 644 97 64 est
978 644 83 64 in
1019 644 181 64 scientiis
1158 644 236 64 speculatiuis:
1353 644 125 64 alius
1436 644 111 64 vero
1506 644 97 64 est
1561 644 83 64 in
1603 644 181 64 scientiis
1742 644 195 64 practicis.
1895 644 83 64 In
1923 644 97 64 scien

272 698 102 54 tiis
336 698 102 54 enim
400 698 205 54 speculatiuis
566 698 90 54 est
617 698 217 54 principalitas
796 698 256 54 vniversalitatis.
1014 698 153 54 secundum
1129 698 102 54 quod
1193 698 77 54 in
1231 698 166 54 scientiis
1359 698 205 54 speculatiuis
1525 698 102 54 illa
1589 698 141 54 dicitur
1692 698 102 54 esse
1755 698 192 54 principalis
1909 698 102 54 quae
1960 698 64 54 est

272 746 114 63 super
348 746 114 63 omnes
425 746 114 63 alias
501 746 203 63 vniversalis.
666 746 76 63 In
704 746 165 63 scientiis
831 746 102 63 vero
894 746 165 63 practicis
1021 746 89 63 est
1072 746 216 63 principalitas
1250 746 152 63 respectu
1364 746 165 63 actionis.
1491 746 152 63 secundum
1605 746 102 63 quod
1669 746 76 63 in
1707 746 165 63 scientiis
1834 746 165 63 practicis
1948 746 76 63 illa

271 801 156 58 dicitur
384 801 213 58 principalis
555 801 114 58 quae
626 801 128 58 super
711 801 128 58 omnes
796 801 128 58 alias
881 801 170 58 dominium
1009 801 128 58 habet
1094 801 128 58 atque
1179 801 185 58 imperium.
1321 801 170 58 secundum
1449 801 114 58 quod
1520 801 213 58 Philosophus
1690 801 85 58 in
1733 801 128 58 primo
1818 801 185 58 Ethicorum
1946 801 71 58 vo-

272 857 104 59 cat
332 857 194 59 scientiam
481 857 164 59 ciuilem
600 857 223 59 principalem
779 857 74 59 &
808 857 283 59 architectonicam
1047 857 134 59 super
1136 857 134 59 omnes
1226 857 194 59 scientias
1375 857 194 59 practicas
1523 857 104 59 tam
1583 857 194 59 liberales
1732 857 119 59 quam
1807 857 223 59 mechanicas.
1970 857 60 59 De

270 907 180 68 scientia
405 907 150 68 igitur
510 907 210 68 principali
676 907 90 68 in
721 907 255 68 speculatiuis,
931 907 180 68 Sciendum
1066 907 135 68 primo
1157 907 120 68 quod
1232 907 90 68 in
1277 907 195 68 scientiis
1427 907 240 68 speculatiuis
1622 907 120 68 illa
1697 907 165 68 dicitur
1818 907 225 68 principalis
1983 907 45 68 &

259 966 229 57 vniversalis
442 966 183 57 respectu
579 966 183 57 aliarum,
716 966 122 57 quae
792 966 213 57 considerat
960 966 152 57 causas
1067 966 213 57 altissimas
1234 966 76 57 &
1265 966 137 57 prima
1356 966 198 57 principia
1509 966 168 57 omnium:
1631 966 107 57 cum
1692 966 137 57 aliae
1783 966 229 57 considerent
1951 966 76 57 cau

254 1012 121 74 sas
323 1012 241 74 inferiores
512 1012 138 74 quae
598 1012 121 74 per
667 1012 155 74 illas
771 1012 172 74 causas
891 1012 172 74 primas
1012 1012 86 74 &
1046 1012 241 74 altissimas
1236 1012 138 74 regi
1322 1012 189 74 habent.
1460 1012 189 74 Propter
1597 1012 138 74 quid
1683 1012 155 74 sicut
1787 1012 155 74 patet
1890 1012 155 74 primo
1976 1012 52 74 &

251 1077 167 63 quarto
368 1077 300 63 metaphysicae.,
618 1077 250 63 Philosophus
819 1077 267 63 metaphysicam
1036 1077 250 63 principalem
1236 1077 83 63 &
1269 1077 250 63 vniuersalem
1469 1077 217 63 scientiam
1636 1077 150 63 super
1736 1077 150 63 alias
1836 1077 167 63 ponit:
1937 1077 83 63 vo-

254 1120 130 63 cans
335 1120 114 63 eam
400 1120 228 63 sapientiam
579 1120 81 63 &
611 1120 163 63 primam
725 1120 276 63 philosophiam.
953 1120 130 63 Nunc
1034 1120 146 63 autem
1132 1120 114 63 ita
1197 1120 114 63 est
1262 1120 130 63 quod
1343 1120 211 63 theologia
1506 1120 244 63 simpliciter
1701 1120 228 63 considerat
1880 1120 98 63 de
1912 1120 114 63 rebus

262 1173 140 60 magis
356 1173 140 60 altis
449 1173 94 60 in
496 1173 171 60 omnibus
621 1173 187 60 entibus:
761 1173 78 60 &
792 1173 125 60 quae
870 1173 234 60 intellectum
1057 1173 203 60 naturalis
1213 1173 187 60 rationis
1354 1173 203 60 excedunt:
1510 1173 125 60 etsi
1588 1173 156 60 aliqua
1697 1173 94 60 ex
1743 1173 140 60 illis
1837 1173 109 60 non
1899 1173 156 60 omnino

256 1218 116 70 eum
323 1218 215 70 excedunt:
488 1218 133 70 quia
571 1218 149 70 magis
671 1218 249 70 vniversalia
870 1218 133 70 sunt
953 1218 83 70 &
986 1218 166 70 prima:
1102 1218 83 70 &
1135 1218 133 70 ideo
1218 1218 249 70 remotissima
1417 1218 83 70 a
1450 1218 149 70 sensu
1549 1218 265 70 difficillima
1765 1218 133 70 sunt
1848 1218 166 70 homini
1947 1218 83 70 co-

256 1278 211 66 gnoscere,
418 1278 98 66 vt
467 1278 179 66 dicitur
597 1278 98 66 in
646 1278 146 66 primo
743 1278 276 66 metaphysicae:
971 1278 114 66 cum
1036 1278 146 66 aliae
1133 1278 211 66 scientiae
1296 1278 244 66 considerent
1491 1278 98 66 de
1540 1278 114 66 eis
1605 1278 130 66 quae
1686 1278 195 66 naturali
1832 1278 179 66 rationi
1946 1278 81 66 sub

251 1336 155 66 sunt,
354 1336 103 66 vt
405 1336 172 66 dictum
526 1336 120 66 est
594 1336 172 66 supra.
715 1336 86 66 &
749 1336 137 66 sunt
835 1336 137 66 illa
921 1336 223 66 altissima
1092 1336 155 66 prima
1196 1336 103 66 in
1247 1336 137 66 esse
1333 1336 86 66 &
1367 1336 103 66 in
1419 1336 223 66 veritate:
1591 1336 137 66 quia
1676 1336 189 66 diuina:
1814 1336 86 66 &
1848 1336 137 66 ideo
1917 1336 103 66 cau-

260 1391 97 65 sae
316 1391 138 65 omnium
412 1391 166 65 aliorum:
537 1391 97 65 per
592 1391 125 65 quaes
675 1391 111 65 ipsa
744 1391 97 65 non
800 1391 125 65 solum
883 1391 83 65 in
924 1391 125 65 esse:
1007 1391 97 65 sed
1063 1391 83 65 in
1104 1391 166 65 veritate
1229 1391 69 65 &
1256 1391 194 65 cognitione
1408 1391 138 65 habent
1505 1391 180 65 regulari:
1644 1391 69 65 &
1671 1391 83 65 in
1713 1391 194 65 vniversali
1865 1391 97 65 quo
1920 1391 83 65 ad
1948 1391 83 65 con-

256 1441 146 69 munia
353 1441 81 69 &
386 1441 211 69 generalia
548 1441 211 69 principia
710 1441 227 69 cuiuslibet
888 1441 178 69 generis
1018 1441 162 69 entis:
1132 1441 97 69 de
1180 1441 162 69 quibus
1294 1441 227 69 considerat
1472 1441 243 69 metaphysica
1667 1441 97 69 in
1716 1441 243 69 particulari
1910 1441 114 69 quo
1959 1441 65 69 ad

261 1495 170 63 propria
384 1495 201 63 principia
539 1495 263 63 vniuscuiusque
756 1495 170 63 generis
880 1495 139 63 entis
973 1495 93 63 de
1019 1495 155 63 quibus
1128 1495 232 63 considerant
1314 1495 186 63 diuersae
1453 1495 201 63 scientiae
1608 1495 263 63 particulares.
1825 1495 124 63 Deus
1902 1495 124 63 enim
1964 1495 62 63 vt

262 1547 131 65 dicit
350 1547 232 65 Philosophus,
538 1547 174 65 causarum
669 1547 73 65 &
698 1547 145 65 omnium
800 1547 203 65 principium
960 1547 160 65 quoddam
1076 1547 116 65 est.
1148 1547 116 65 Quia
1221 1547 145 65 igitur
1323 1547 87 65 de
1366 1547 102 65 deo
1424 1547 203 65 considerat
1584 1547 189 65 theologia
1730 1547 116 65 illa
1802 1547 116 65 quae
1875 1547 116 65 ipsi
1933 1547 87 65 soli

251 1598 124 63 sunt
329 1598 233 63 naturaliter
516 1598 186 63 cognita:
655 1598 109 63 sed
718 1598 202 63 creaturae
873 1598 202 63 rationali
1028 1598 280 63 supnaturaliter
1262 1598 202 63 reuelata:
1417 1598 78 63 &
1448 1598 124 63 quae
1526 1598 186 63 naturali
1666 1598 171 63 ratione
1790 1598 109 63 non
1852 1598 109 63 est
1899 1598 124 63 possi-

252 1651 126 66 bile
331 1651 251 66 perscrutari.
535 1651 188 66 secundum
676 1651 126 66 quae
755 1651 126 66 deus
833 1651 110 66 est
896 1651 220 66 principium
1069 1651 157 66 omnium
1178 1651 78 66 &
1210 1651 157 66 origo:
1320 1651 94 66 vt
1367 1651 126 66 sunt
1445 1651 173 66 regulae
1571 1651 141 66 artis
1665 1651 173 66 diuinae
1791 1651 94 66 in
1838 1651 157 66 verbo,
1948 1651 78 66 &
1963 1651 63 66 vo

268 1700 180 73 luntatis
403 1700 90 73 in
448 1700 224 73 spiritusan.
627 1700 105 73 &c.
687 1700 195 73 huiusmodi
837 1700 120 73 quae
912 1700 195 73 extendunt
1061 1700 90 73 se
1106 1700 90 73 ad
1151 1700 254 73 particcularia
1361 1700 150 73 rerum:
1465 1700 120 73 haec
1540 1700 180 73 scientia
1675 1700 180 73 sequitur
1809 1700 135 73 modum
1884 1700 135 73 diuinae

267 1759 221 64 sapientiae,
444 1759 88 64 vt
488 1759 162 64 poterit
606 1759 192 64 attingere
754 1759 236 64 particularia
945 1759 162 64 aliarum
1063 1759 221 64 scientiarum
1240 1759 177 64 secundum
1373 1759 118 64 quod
1446 1759 177 64 rationem
1579 1759 177 64 subiecti
1712 1759 133 64 huius
1800 1759 192 64 scientiae
1947 1759 103 64 in-

255 1817 162 64 duunt,
368 1817 81 64 &
400 1817 227 64 cognoscere
579 1817 113 64 ea,
643 1817 97 64 vt
692 1817 113 64 sic
757 1817 178 64 ratione
886 1817 194 64 virtutis
1032 1817 259 64 principiorum
1242 1817 81 64 &
1274 1817 194 64 subiecti
1420 1817 146 64 huius
1517 1817 227 64 scientiae:
1695 1817 146 64 licet
1792 1817 113 64 sit
1841 1817 178 64 simplicis

261 1866 142 69 simum
356 1866 79 69 &
388 1866 158 69 minime
498 1866 174 69 commune
625 1866 95 69 in
672 1866 111 69 se,
735 1866 126 69 ista
814 1866 190 69 scientia
956 1866 253 69 vniversalior
1162 1866 174 69 dicatur
1288 1866 174 69 omnibus
1415 1866 142 69 etiam
1510 1866 253 69 metaphysica.
1715 1866 79 69 &
1747 1866 190 69 secundum
1889 1866 111 69 hoc
1936 1866 95 69 ipsa

265 1917 228 62 certissime
444 1917 195 62 regulare
590 1917 146 62 habet
687 1917 146 62 omnes
785 1917 211 62 scientias
947 1917 276 62 considerantes
1175 1917 179 62 causata
1305 1917 98 62 ab
1354 1917 146 62 istis
1451 1917 163 62 primis
1565 1917 228 62 principiis
1744 1917 130 62 quae
1825 1917 98 62 de
1874 1917 114 62 deo
1922 1917 98 62 con-

253 1973 188 65 siderat
390 1973 137 65 ista
475 1973 223 65 scientia:
647 1973 86 65 &
681 1973 120 65 hoc
749 1973 240 65 approbando
938 1973 137 65 bene
1023 1973 154 65 dicta
1126 1973 86 65 &
1160 1973 257 65 condennando
1366 1973 171 65 errata
1485 1973 103 65 in
1537 1973 137 65 eis.
1622 1973 103 65 Et
1674 1973 137 65 ideo
1759 1973 154 65 dicit
1862 1973 154 65 Augu.
1948 1973 68 65 in

252 2018 125 72 libs
330 2018 171 72 sanctae
455 2018 218 72 viduitatis
626 2018 93 72 de
673 2018 109 72 hac
735 2018 202 72 scientia:
891 2018 125 72 quod
968 2018 202 72 doctrinae
1124 2018 171 72 nostrae
1249 2018 171 72 regulam
1373 2018 156 72 figit.
1482 2018 78 72 &
1513 2018 125 72 lib.
1591 2018 109 72 ii.
1653 2018 156 72 contra
1762 2018 218 72 Chrysosto.
1918 2018 109 72 Salu-

270 2080 104 70 bri
329 2080 208 70 vigilantia
493 2080 133 70 canon
582 2080 267 70 ecclesiasticus
804 2080 222 70 constitutus
982 2080 119 70 est:
1056 2080 89 70 ad
1101 2080 119 70 quem
1175 2080 133 70 certi
1264 2080 74 70 &
1293 2080 222 70 prophetarum
1471 2080 74 70 &
1501 2080 163 70 apsorum
1620 2080 133 70 libri
1709 2080 208 70 pertinent:
1872 2080 119 70 quos
1931 2080 89 70 omni

262 2134 101 60 no
313 2134 235 60 diiudicare
498 2134 118 60 non
565 2134 202 60 audemus:
716 2134 101 60 et
766 2134 202 60 secundum
918 2134 134 60 quos
1002 2134 101 60 de
1052 2134 202 60 caeteris
1203 2134 185 60 literis
1338 2134 118 60 vel
1405 2134 202 60 fidelium
1556 2134 118 60 vel
1624 2134 235 60 infidelium
1809 2134 168 60 libere
1909 2134 118 60 iudi-

264 2181 151 65 cemus.
369 2181 75 65 &
399 2181 166 65 secundo
520 2181 90 65 de
565 2181 120 65 doc.
640 2181 241 65 Christoteana
836 2181 135 65 dicit
926 2181 90 65 de
971 2181 105 65 hac
1032 2181 196 65 scientia.
1182 2181 181 65 Quicquod
1318 2181 120 65 homo
1393 2181 135 65 extra
1483 2181 105 65 eam
1543 2181 166 65 didicit
1664 2181 90 65 si
1709 2181 151 65 noxium
1814 2181 105 65 est
1874 2181 105 65 ibi
1920 2181 105 65 damna

258 2236 129 60 tur:
339 2236 97 60 si
387 2236 161 60 verum,
500 2236 113 60 ibi
565 2236 242 60 inueniturid
758 2236 97 60 i.
807 2236 97 60 ex
855 2236 113 60 eis
920 2236 129 60 quae
1001 2236 113 60 ibi
1065 2236 226 60 tractantur
1243 2236 145 60 verum
1340 2236 129 60 esse
1421 2236 226 60 cognoscit.
1598 2236 226 60 Quaecunque
1776 2236 129 60 enim
1857 2236 113 60 eis
1921 2236 129 60 quae

256 2291 159 70 fidei
363 2291 142 70 sunt
451 2291 266 70 consentanea
664 2291 106 70 in
717 2291 159 70 aliis
823 2291 248 70 scientiis,
1018 2291 266 70 proculdubio
1230 2291 142 70 vera
1319 2291 142 70 sunt
1407 2291 230 70 censenda:
1584 2291 248 70 quaecunque
1779 2291 142 70 vero
1850 2291 177 70 repugnan

252 2351 119 67 tia
320 2351 153 67 falsa
422 2351 136 67 sunt
507 2351 170 67 omnino
625 2351 238 67 iudicanda.
812 2351 136 67 Vnde
897 2351 102 67 ea
948 2351 136 67 quae
1033 2351 136 67 sunt
1118 2351 153 67 huius
1219 2351 238 67 scientiae,
1406 2351 187 67 regulae
1542 2351 136 67 sunt
1627 2351 153 67 omnis
1728 2351 221 67 veritatis
1881 2351 136 67 omnium

264 2394 244 72 scientiarum
459 2394 146 72 etiam
556 2394 97 72 in
605 2394 195 72 discendo
751 2394 130 72 eas.
832 2394 195 72 secundum
978 2394 130 72 quod
1060 2394 146 72 dicit
1157 2394 227 72 Augustinus
1336 2394 114 72 ii.
1401 2394 97 72 de
1449 2394 130 72 doc.
1531 2394 195 72 Christan
1677 2394 130 72 quod
1758 2394 227 72 instructus
1921 2394 97 72 fide

264 2449 252 67 charitatis
462 2449 234 67 diuinarum
643 2449 289 67 scripturarum
877 2449 216 67 caeteras
1039 2449 252 67 scripturas
1238 2449 216 67 securius
1400 2449 180 67 leget:
1526 2449 108 67 ne
1580 2449 289 67 praeoocupent
1797 2449 216 67 imbecillum

269 2508 188 63 animum:
406 2508 86 63 &
440 2508 257 63 periculosis
645 2508 222 63 mendaciis
816 2508 154 63 atque
919 2508 308 63 phantasmaticis
1176 2508 222 63 eludentes
1347 2508 274 63 praeiudicent
1569 2508 188 63 aliquid
1706 2508 171 63 contra
1809 2508 205 63 intelligen

263 2567 133 55 tiam
346 2567 166 55 sanam.
462 2567 83 55 â‹
496 2567 99 55 De
545 2567 199 55 scientia
695 2567 133 55 vero
777 2567 232 55 principali
960 2567 99 55 in
1010 2567 216 55 scientiis
1175 2567 216 55 practicis
1341 2567 199 55 sciendum
1490 2567 116 55 est
1557 2567 182 55 secundo
1689 2567 133 55 quod
1772 2567 99 55 in
1822 2567 149 55 illis
1905 2567 116 55 scien

268 2609 133 72 tiis
352 2609 200 72 scientia
501 2609 133 72 illa
585 2609 183 72 dicitur
718 2609 250 72 principalis
917 2609 83 72 &
951 2609 300 72 architectonica
1200 2609 200 72 respectu
1350 2609 183 72 aliarum
1483 2609 83 72 &
1517 2609 166 72 regula
1633 2609 216 72 directiua
1800 2609 183 72 illarum
1916 2609 100 72 quae

269 2660 206 71 vltimum
419 2660 169 71 finem
532 2660 281 71 operandorum
757 2660 281 71 considerat:
982 2660 113 71 ad
1038 2660 150 71 quem
1132 2660 169 71 fines
1245 2660 188 71 omnium
1376 2660 206 71 aliarum
1526 2660 281 71 ordinantur.
1751 2660 225 71 secundum
1901 2660 113 71 enim

257 2716 126 67 quod
336 2716 141 67 dicit
430 2716 235 67 Philosophus
618 2716 94 67 in
665 2716 204 67 principio
822 2716 204 67 Ethicorum
979 2716 173 67 ciuilis
1105 2716 188 67 scientia
1246 2716 235 67 principalis
1434 2716 110 67 est
1497 2716 78 67 &
1528 2716 282 67 architectonica
1764 2716 188 67 respectu
1889 2716 126 67 omnium

268 2773 179 67 artium
393 2773 143 67 quae
483 2773 268 67 obseruantur
697 2773 107 67 in
751 2773 286 67 ciuitatibus:
983 2773 143 67 quia
1073 2773 197 67 ordinat
1216 2773 143 67 quas
1305 2773 304 67 disciplinarum
1555 2773 197 67 debitum
1698 2773 125 67 est
1770 2773 143 67 esse
1859 2773 107 67 in
1895 2773 125 67 ciui-

265 2832 210 59 tatibus:
422 2832 87 59 &
457 2832 175 59 quales
579 2832 262 59 vnumquemque
789 2832 227 59 addiscere
964 2832 87 59 &
999 2832 227 59 vsquequo:
1174 2832 87 59 &
1209 2832 140 59 quia
1296 2832 210 59 continet
1453 2832 157 59 omnes
1558 2832 157 59 alias
1663 2832 122 59 sub
1733 2832 122 59 se:
1803 2832 87 59 &
1838 2832 157 59 leges
1926 2832 87 59 po-

257 2877 109 65 nit
320 2877 234 65 vniuersales
507 2877 125 65 quid
586 2877 172 65 oportet
711 2877 141 65 opari
804 2877 78 65 &
836 2877 78 65 a
867 2877 156 65 quibus
976 2877 203 65 abstinere
1132 2877 94 65 in
1179 2877 234 65 ciuitatibus
1367 2877 78 65 &
1398 2877 203 65 praecipit
1554 2877 203 65 caeteris:
1711 2877 78 65 &
1742 2877 125 65 quod
1820 2877 109 65 hoc
1867 2877 156 65 convenit

272 2935 106 72 ei:
332 2935 121 72 quia
408 2935 136 72 finis
498 2935 121 72 eius
574 2935 242 72 complectitur
770 2935 136 72 fines
861 2935 151 72 omnium
967 2935 181 72 aliarum.
1103 2935 121 72 Nunc
1178 2935 136 72 autem
1269 2935 106 72 ita
1329 2935 106 72 est
1390 2935 121 72 quod
1465 2935 196 72 theologia
1616 2935 136 72 finem
1707 2935 166 72 vltimum
1828 2935 151 72 omnium
1918 2935 91 72 ope-

261 2990 232 62 randorum
435 2990 291 62 considerat:
667 2990 116 62 ad
725 2990 155 62 quem
822 2990 174 62 fines
938 2990 194 62 omnium
1074 2990 291 62 operationum
1306 2990 97 62 &
1345 2990 291 62 scientiarum
1578 2990 291 62 practicarum
1791 2990 232 62 ordinantur

274 3039 201 67 scilicet
425 3039 185 67 diuinam
559 3039 201 67 visionem
710 3039 84 67 &
744 3039 185 67 amorem:
878 3039 134 67 quia
962 3039 101 67 in
1012 3039 117 67 eis
1080 3039 218 67 consistit
1247 3039 168 67 vltima
1365 3039 235 67 beatitudo:
1549 3039 84 67 &
1583 3039 134 67 ideo
1667 3039 151 67 omnes
1767 3039 151 67 alias
1868 3039 101 67 in
1902 3039 117 67 finem

260 3091 148 67 suum
353 3091 167 67 habet
464 3091 222 67 ordinare
631 3091 93 67 &
668 3091 222 67 dirigere
835 3091 93 67 &
872 3091 222 67 regulare
1039 3091 148 67 eas:
1131 3091 93 67 &
1169 3091 278 67 determinare
1391 3091 148 67 quas
1484 3091 204 67 illarum
1632 3091 204 67 oportet
1780 3091 278 67 vnumquenque

273 3149 233 56 addiscere
452 3149 89 56 &
488 3149 161 56 vsque
595 3149 107 56 ad
649 3149 143 56 quod
738 3149 197 56 tempus:
881 3149 89 56 &
917 3149 89 56 a
953 3149 179 56 quibus
1078 3149 250 56 abstinere:
1275 3149 89 56 &
1311 3149 161 56 debet
1418 3149 161 56 leges
1525 3149 197 56 viuendi
1668 3149 197 56 omnibus
1811 3149 233 56 imponere:
1972 3149 54 56 &

275 3200 136 94 bene
360 3200 136 94 acta
444 3200 102 94 in
495 3200 203 94 singulis
648 3200 237 94 commendare
834 3200 85 94 &
868 3200 136 94 male
953 3200 136 94 acta
1037 3200 237 94 improbare.
1224 3200 203 94 secundum
1376 3200 136 94 quod
1461 3200 102 94 de
1512 3200 119 94 his
1580 3200 186 94 omnibus
1715 3200 237 94 Augustinus
1884 3200 136 94 xiiii.
