2448 3772
201 324 210 101 scientiae,
366 324 105 101 vel
426 324 210 101 principium
590 324 180 101 probandi
725 324 180 101 proprias
860 324 240 101 conclusiones
1055 324 210 101 scientiae,
1219 324 105 101 aut
1279 324 165 101 tanquam
1399 324 240 101 adminiculans
1594 324 90 101 ad
1639 324 240 101 notificandum
1833 324 90 101 ea
1878 324 120 101 quae

207 402 108 75 per
268 402 93 75 se
315 402 263 75 considerantur
531 402 93 75 in
578 402 201 75 scientia:
732 402 124 75 quod
810 402 139 75 tamen
903 402 139 75 neque
995 402 108 75 est
1057 402 201 75 subiectum
1212 402 139 75 neque
1305 402 108 75 per
1367 402 93 75 se
1413 402 217 75 principium
1583 402 186 75 probandi
1722 402 186 75 proprias
1846 402 124 75 conclu

195 456 163 75 siones
309 456 229 75 scientiae.
489 456 163 75 Quando
603 456 196 75 scientia
750 456 114 75 vna
815 456 196 75 supponit
962 456 98 75 ab
1011 456 131 75 alia
1093 456 212 75 subiectum
1256 456 147 75 suum,
1354 456 114 75 vel
1419 456 229 75 principium
1599 456 180 75 aliquod
1729 456 196 75 probandi
1860 456 98 75 suas

203 508 184 74 proprias
341 508 261 74 conclusiones:
556 508 123 74 tunc
633 508 123 74 illa
710 508 184 74 scientia
848 508 77 74 a
879 508 108 74 qua
940 508 123 74 tale
1017 508 231 74 supponitur,
1202 508 108 74 est
1263 508 184 74 scientia
1402 508 246 74 principalis.
1601 508 108 74 Hoc
1663 508 123 74 modo
1740 508 123 74 ista
1801 508 154 74 scientia

202 568 86 59 a
236 568 155 59 nulla
340 568 138 59 alia
426 568 155 59 sumit
530 568 121 59 aut
599 568 225 59 supponit:
772 568 121 59 sed
841 568 155 59 magis
944 568 155 59 omnes
1048 568 155 59 aliae
1152 568 225 59 scientiae
1324 568 104 59 ab
1376 568 138 59 ista
1462 568 104 59 vt
1514 568 121 59 iam
1583 568 207 59 dicetur.
1739 568 173 59 Quando
1842 568 104 59 vero

190 609 125 74 vna
261 609 214 74 scientia
422 609 214 74 supponit
582 609 107 74 ab
636 609 143 74 alia
725 609 285 74 adminiculans
956 609 160 74 solum
1063 609 107 74 ad
1117 609 267 74 declarandum
1330 609 143 74 illa
1420 609 143 74 quae
1509 609 232 74 pertinent
1687 609 107 74 ad
1740 609 143 74 suam
1811 609 143 74 scien-

197 661 139 75 tiam,
289 661 123 75 tunc
366 661 108 75 non
428 661 170 75 oportet
551 661 123 75 quin
628 661 185 75 scientia
767 661 123 75 quae
844 661 123 75 tale
921 661 123 75 quid
998 661 185 75 supponit
1137 661 92 75 ab
1183 661 139 75 alia,
1276 661 108 75 sit
1337 661 185 75 scientia
1476 661 247 75 principalis.
1677 661 185 75 secundum
1815 661 123 75 quod
1877 661 77 75 me-

193 720 222 78 taphysica
363 720 153 78 multa
466 720 153 78 talia
568 720 204 78 supponit
721 720 85 78 a
755 720 204 78 physica:
909 720 85 78 &
943 720 153 78 tamen
1045 720 256 78 metaphysica
1249 720 119 78 est
1318 720 204 78 scientia
1471 720 256 78 principalis
1675 720 102 78 ad
1726 720 222 78 physicam.
1880 720 85 78 Hoc

185 781 143 57 modo
274 781 143 57 ista
363 781 214 57 scientia
524 781 214 57 supponit
684 781 89 57 &
720 781 160 57 sumit
827 781 107 57 ab
880 781 160 57 aliis
987 781 232 57 scientiis
1165 781 249 57 quaecumque
1361 781 107 57 ab
1415 781 125 57 eis
1486 781 196 57 assumit
1628 781 107 57 ad
1682 781 143 57 vsum
1771 781 160 57 suum.
1860 781 89 57 Vel

188 826 167 74 potest
305 826 134 74 dici
389 826 200 74 secundum
539 826 234 74 praedicta,
723 826 134 74 quod
806 826 200 74 scientia
956 826 117 74 vna
1023 826 200 74 supponit
1173 826 184 74 aliquid
1307 826 83 74 &
1340 826 150 74 sumit
1440 826 100 74 ab
1491 826 150 74 alia:
1591 826 117 74 aut
1657 826 184 74 tanquam
1774 826 184 74 mendicans

193 884 88 70 a
229 884 316 70 praedominante:
492 884 123 70 aut
562 884 193 70 tanquam
702 884 158 70 vtens
807 884 88 70 a
842 884 333 70 subministrante.
1123 884 158 70 Primo
1228 884 140 70 modo
1316 884 210 70 accipere
1474 884 105 70 ab
1526 884 140 70 alio
1614 884 123 70 est
1684 884 175 70 contra
1789 884 158 70 naturam

188 926 213 80 scientiae
351 926 262 80 principalis.
564 926 180 80 Secundo
695 926 131 80 modo
777 926 131 80 non.
859 926 82 80 &
891 926 115 80 hoc
957 926 131 80 modo
1039 926 213 80 theologia
1202 926 147 80 sumit
1300 926 98 80 ab
1350 926 147 80 aliis
1448 926 213 80 scientiis
1611 926 229 80 declarata,
1791 926 98 80 vt
1824 926 131 80 dictum

193 982 121 70 est
262 982 174 70 supra.
383 982 156 70 sicut
488 982 87 70 &
522 982 260 70 metaphysica
731 982 156 70 sumit
835 982 226 70 declarata
1008 982 87 70 a
1043 982 208 70 physica.
1234 982 104 70 Ad
1286 982 226 70 secundum,
1459 982 139 70 quod
1546 982 226 70 subiectum
1719 982 156 70 huius
1806 982 139 70 scien-

179 1029 133 74 tiae
263 1029 116 74 est
329 1029 116 74 sub
396 1029 200 74 subiecto
545 1029 283 74 metaphysicae:
778 1029 116 74 non
845 1029 133 74 ergo
928 1029 133 74 haec
1011 1029 116 74 est
1077 1029 249 74 principalis
1277 1029 100 74 ad
1327 1029 166 74 illam:
1443 1029 200 74 Dicendum
1593 1029 100 74 ad
1643 1029 116 74 hoc
1709 1029 133 74 quod
1792 1029 133 74 deum
1859 1029 83 74 con

181 1095 177 74 tingit
305 1095 266 74 considerare
518 1095 266 74 dupliciter.
731 1095 124 74 Vno
802 1095 142 74 modo
890 1095 213 74 secundum
1050 1095 106 74 id
1103 1095 142 74 quid
1192 1095 124 74 est
1263 1095 106 74 in
1316 1095 106 74 se
1369 1095 284 74 cognoscibile
1599 1095 106 74 de
1653 1095 160 74 ipso,
1759 1095 124 74 non
1830 1095 106 74 ex
1865 1095 89 74 con

182 1149 234 71 paratione
362 1149 108 71 ad
416 1149 252 71 creaturam.
614 1149 144 71 Alio
704 1149 144 71 modo
794 1149 216 71 secundum
956 1149 108 71 id
1010 1149 144 71 quod
1101 1149 288 71 cognoscibile
1335 1149 126 71 est
1407 1149 108 71 de
1461 1149 108 71 eo
1515 1149 108 71 in
1569 1149 288 71 comparatione
1803 1149 108 71 ad
1839 1149 108 71 crea

193 1205 174 73 turam.
315 1205 192 73 Vtroque
454 1205 139 73 modo
541 1205 279 73 consideratio
767 1205 105 73 de
820 1205 122 73 deo
889 1205 157 73 cadit
994 1205 122 73 sub
1064 1205 122 73 hac
1133 1205 226 73 scientia.
1307 1205 192 73 Secundo
1447 1205 139 73 modo
1534 1205 157 73 solum
1638 1205 122 73 sub
1708 1205 226 73 scientiis
1865 1205 87 73 phi

182 1244 256 83 losophicis.
386 1244 102 83 Et
438 1244 136 83 ideo
523 1244 136 83 ista
608 1244 204 83 scientia
761 1244 153 83 primo
864 1244 239 83 considerat
1051 1244 102 83 de
1102 1244 119 83 deo
1170 1244 204 83 rationes
1324 1244 136 83 quae
1409 1244 239 83 conueniunt
1596 1244 136 83 ipsi
1681 1244 170 83 absque
1801 1244 136 83 omni
1869 1244 85 83 re-

193 1301 182 81 spectu
320 1301 109 81 ad
375 1301 255 81 creaturas:
575 1301 109 81 vt
630 1301 146 81 sunt
721 1301 182 81 maxime
848 1301 109 81 ea
903 1301 146 81 quae
994 1301 237 81 pertinent
1175 1301 109 81 ad
1230 1301 255 81 trinitatem
1430 1301 273 81 personarum.
1649 1301 200 81 Secundo
1794 1301 146 81 vero
1867 1301 91 81 con

196 1361 195 66 siderat
338 1361 106 66 in
391 1361 106 66 eo
445 1361 213 66 rationes
604 1361 213 66 secundum
764 1361 142 66 quas
852 1361 231 66 procedunt
1030 1361 231 66 creaturae
1207 1361 106 66 in
1260 1361 142 66 esse
1349 1361 106 66 ab
1402 1361 160 66 ipso.
1509 1361 177 66 Tertio
1633 1361 142 66 vero
1721 1361 89 66 &
1757 1361 177 66 vltimo
1863 1361 89 66 con

191 1409 175 81 siderat
318 1409 95 81 de
366 1409 143 81 ipsis
461 1409 223 81 creaturis:
636 1409 223 81 inquantum.
811 1409 191 81 scilicet
954 1409 143 81 manet
1050 1409 95 81 in
1097 1409 143 81 ipsis
1193 1409 207 81 impressum
1352 1409 159 81 diuini
1463 1409 127 81 esse
1543 1409 223 81 vestigium,
1718 1409 80 81 &
1749 1409 191 81 dimittit
1877 1409 80 81 con

184 1461 216 69 sideranda
351 1461 216 69 scientiis
517 1461 283 69 philosophicis
750 1461 150 69 entia
850 1461 166 69 creata
967 1461 200 69 secundum
1117 1461 100 69 id
1167 1461 133 69 quod
1250 1461 133 69 sunt
1333 1461 100 69 in
1383 1461 100 69 se
1433 1461 100 69 in
1483 1461 166 69 natura
1599 1461 83 69 &
1633 1461 216 69 quiditate
1799 1461 133 69 sua:
1866 1461 83 69 si-

190 1521 125 73 cut
261 1521 267 73 metaphysica
475 1521 249 73 considerat
671 1521 107 73 de
725 1521 249 73 vnoquoque,
921 1521 232 73 inquantum
1099 1521 125 73 ens
1170 1521 125 73 est
1241 1521 285 73 simpliciter,
1473 1521 89 73 &
1509 1521 214 73 dimittit
1669 1521 232 73 scientiis
1829 1521 125 73 parti

188 1567 229 81 cularibus
365 1567 264 81 considerare
576 1567 194 81 diuersa
717 1567 159 81 entia
823 1567 282 81 particularia
1052 1567 229 81 inquantum
1228 1567 141 81 sunt
1316 1567 159 81 entia
1422 1567 159 81 talia
1527 1567 194 81 mobilia
1668 1567 123 81 vel
1739 1567 229 81 immobilia
1897 1567 53 81 &

200 1621 242 81 huiusmodi.
390 1621 225 81 Scientiae
563 1621 138 81 vero
649 1621 156 81 aliae
753 1621 156 81 primo
856 1621 259 81 considerant
1064 1621 104 81 de
1116 1621 242 81 creaturis:
1306 1621 173 81 vltimo
1427 1621 138 81 vero
1513 1621 104 81 de
1565 1621 121 81 deo
1634 1621 225 81 inquantum
1789 1621 156 81 relucet

195 1680 198 76 cognitio
344 1680 132 76 eius
427 1680 99 76 ex
476 1680 215 76 creaturis
641 1680 198 76 scilicet
790 1680 215 76 inquantum
955 1680 99 76 ex
1004 1680 215 76 creaturis
1169 1680 248 76 cognoscitur
1367 1680 132 76 esse
1450 1680 231 76 principium
1631 1680 149 76 earum
1730 1680 198 76 secundum
1862 1680 83 76 po-

187 1732 210 62 tentiam
340 1732 115 62 in
397 1732 287 62 producendo,
627 1732 229 62 secundum
799 1732 268 62 sapientiam
1009 1732 115 62 in
1066 1732 287 62 disponendo,
1296 1732 229 62 secundum
1468 1732 249 62 bonitatem
1659 1732 115 62 in
1717 1732 268 62 ordinando.

191 1784 100 80 Et
241 1784 133 80 quia
324 1784 133 80 isto
407 1784 133 80 modo
490 1784 266 80 considerandi
706 1784 133 80 deum
789 1784 100 80 vt
839 1784 199 80 scilicet
989 1784 266 80 consideratur
1205 1784 100 80 in
1254 1784 216 80 scientiis
1420 1784 299 80 philosophicis,
1670 1784 116 80 non
1736 1784 116 80 est
1803 1784 133 80 deus
1886 1784 100 80 id

194 1838 144 65 quod
284 1838 162 65 primo
392 1838 144 65 mens
482 1838 108 65 in
537 1838 162 65 rebus
645 1838 216 65 concipit
807 1838 162 65 (dico
915 1838 270 65 conceptione
1132 1838 252 65 discretiua
1330 1838 270 65 discernendo
1546 1838 162 65 ipsum
1655 1838 108 65 ab
1709 1838 180 65 aliis.
1817 1838 126 65 conce

197 1896 171 70 ptione
317 1896 137 70 enim
402 1896 205 70 absoluta
556 1896 120 70 est
625 1896 103 70 id
676 1896 137 70 quod
761 1896 154 70 etiam
864 1896 103 70 in
915 1896 205 70 naturali
1069 1896 188 70 notitia
1206 1896 137 70 mens
1292 1896 154 70 primo
1395 1896 222 70 concipit,
1566 1896 103 70 vt
1617 1896 154 70 infra
1720 1896 257 70 ostendetur)

197 1946 145 64 immo
287 1946 181 64 primus
414 1946 235 64 conceptus
595 1946 272 64 discretiuus
812 1946 235 64 naturalis
993 1946 272 64 cognitionis
1211 1946 109 64 ex
1265 1946 235 64 creaturis
1446 1946 127 64 est
1519 1946 163 64 ratio
1627 1946 163 64 entis
1718 1946 235 64 simpliciter

190 1996 124 80 sub
261 1996 124 80 quo
332 1996 212 80 concipit
491 1996 248 80 secundario
685 1996 212 80 rationem
845 1996 159 80 entis
951 1996 265 80 principiati
1163 1996 88 80 &
1198 1996 318 80 principiantis.
1464 1996 283 80 considerando
1693 1996 141 80 enim
1782 1996 106 80 id
1835 1996 141 80 quod

197 2052 120 74 est
266 2052 206 74 creatum:
420 2052 137 74 quia
506 2052 172 74 mobile
626 2052 86 74 &
661 2052 292 74 transmutabile
901 2052 137 74 est,
987 2052 120 74 non
1056 2052 172 74 potest
1176 2052 172 74 habere
1296 2052 137 74 esse
1382 2052 86 74 a
1416 2052 120 74 se:
1485 2052 120 74 sed
1554 2052 240 74 necessario
1743 2052 189 74 recipit
1863 2052 86 74 ip-

176 2102 130 80 sum
251 2102 112 80 ab
307 2102 149 80 ente
400 2102 186 80 aliquo
530 2102 280 80 immutabili:
754 2102 130 80 Sub
829 2102 335 80 consideratione
1108 2102 168 80 entis
1220 2102 280 80 simpliciter
1444 2102 280 80 Philosophus
1667 2102 205 80 deuenit
1817 2102 112 80 in
1854 2102 93 80 co-

196 2162 239 62 gnitionem
379 2162 129 62 dei
453 2162 129 62 non
526 2162 220 62 secundum
691 2162 110 62 id
746 2162 147 62 quod
838 2162 129 62 est
912 2162 110 62 in
967 2162 110 62 se
1022 2162 239 62 absolutum
1206 2162 92 62 a
1242 2162 257 62 creaturis,
1444 2162 129 62 sed
1518 2162 220 62 secundum
1683 2162 147 62 quod
1775 2162 129 62 est
1830 2162 110 62 crea

183 2214 209 71 turarum
335 2214 285 71 principium:
563 2214 95 71 &
601 2214 228 71 secundum
773 2214 152 71 illa
868 2214 152 71 quae
963 2214 266 71 concurrunt
1172 2214 114 71 ad
1229 2214 228 71 rationem
1400 2214 304 71 principiandi
1648 2214 114 71 in
1705 2214 152 71 actu
1781 2214 171 71 creatu-

188 2262 140 66 ras,
276 2262 140 66 quae
364 2262 158 66 ratio
469 2262 123 66 non
539 2262 280 66 manifestatur
766 2262 210 66 naturali
924 2262 245 66 cognitioni
1116 2262 263 66 intellectus
1326 2262 140 66 nisi
1414 2262 105 66 ex
1466 2262 263 66 productione
1676 2262 245 66 creaturae,
1851 2262 88 66 si-

199 2318 124 59 cut
270 2318 160 59 neque
377 2318 142 59 esse
466 2318 160 59 deum.
572 2318 124 59 Hoc
643 2318 142 59 ergo
732 2318 142 59 modo
821 2318 266 59 cognoscendi
1034 2318 142 59 deum
1122 2318 142 59 deus
1211 2318 160 59 cadit
1318 2318 124 59 sub
1389 2318 213 59 subiecto
1548 2318 284 59 metaphysicae
1779 2318 142 59 quod
1850 2318 89 59 est

194 2374 110 71 ens
257 2374 252 71 simpliciter,
462 2374 95 71 eo
510 2374 126 71 quod
589 2374 189 71 intentio
731 2374 142 71 entis
825 2374 237 71 simpliciter
1014 2374 142 71 prior
1109 2374 110 71 est
1172 2374 142 71 nobis
1267 2374 126 71 quam
1346 2374 189 71 intentio
1488 2374 221 71 principii:
1661 2374 126 71 quia
1740 2374 95 71 vt
1787 2374 142 71 dicit
1866 2374 79 71 Aui

198 2436 136 61 cen.
283 2436 153 61 primo
385 2436 272 61 metaphysicae
605 2436 153 61 suae,
707 2436 119 61 ens
775 2436 204 61 absolute
928 2436 119 61 non
996 2436 119 61 est
1064 2436 255 61 principium:
1267 2436 119 61 sed
1335 2436 187 61 accidit
1471 2436 102 61 ei
1522 2436 136 61 esse
1607 2436 238 61 principium
1776 2436 170 61 alterius

191 2477 102 62 vt
242 2477 238 62 creaturae.
429 2477 119 62 Est
497 2477 136 62 enim
582 2477 119 62 deo
650 2477 153 62 quasi
752 2477 204 62 accidens
905 2477 136 62 quod
990 2477 119 62 sit
1058 2477 221 62 creaturae
1229 2477 255 62 principium.
1433 2477 187 62 accidit
1569 2477 136 62 enim
1654 2477 136 62 enti
1722 2477 221 62 simpliciter

186 2534 188 59 habere
318 2534 263 59 principium
524 2534 225 59 essendi:
693 2534 150 59 quia
786 2534 131 59 non
861 2534 150 59 omne
955 2534 131 59 ens
1030 2534 131 59 est
1105 2534 263 59 huiusmodi.
1311 2534 150 59 Deus
1405 2534 150 59 enim
1499 2534 131 59 non
1574 2534 169 59 habet
1686 2534 206 59 essendi
1818 2534 131 59 prin-

182 2589 206 52 cipium.
332 2589 150 52 Quia
426 2589 150 52 vero
520 2589 169 52 modus
633 2589 300 52 considerandi
876 2589 150 52 deum
970 2589 244 52 inquantum
1158 2589 225 52 scilicet
1327 2589 169 52 cadit
1439 2589 113 52 vt
1496 2589 244 52 subiectum
1683 2589 113 52 in
1721 2589 225 52 considera-

195 2639 160 70 tione
302 2639 160 70 huius
409 2639 250 70 scientiae,
605 2639 214 70 scilicet
766 2639 125 70 quo
837 2639 107 70 ad
890 2639 267 70 cognitionem
1104 2639 107 70 de
1158 2639 107 70 eo
1211 2639 214 70 secundum
1372 2639 107 70 se
1425 2639 125 70 non
1496 2639 107 70 ex
1550 2639 232 70 creaturis
1728 2639 214 70 habitam:
1871 2639 71 70 ne

192 2695 138 63 quod
278 2695 155 63 natam
381 2695 172 63 haberi
501 2695 103 63 ex
553 2695 241 63 creaturis:
742 2695 138 63 quae
828 2695 120 63 est
897 2695 275 63 infallibilis
1120 2695 155 63 ratio
1224 2695 241 63 acquirendi
1413 2695 155 63 etiam
1516 2695 206 63 notitiam
1671 2695 155 63 illam
1774 2695 138 63 quae
1843 2695 103 63 nata

201 2741 117 61 est
268 2741 167 61 haberi
385 2741 100 61 de
435 2741 134 61 ipso
519 2741 100 61 ex
569 2741 150 61 ipsis
669 2741 234 61 creaturis:
853 2741 84 61 &
887 2741 150 61 etiam
987 2741 134 61 eius
1071 2741 134 61 quae
1154 2741 134 61 nata
1238 2741 117 61 est
1305 2741 167 61 haberi
1422 2741 100 61 de
1472 2741 150 61 ipsis
1572 2741 234 61 creaturis:
1756 2741 134 61 lsto
1840 2741 134 61 modo

197 2794 267 64 cognoscendi
411 2794 160 64 deum,
517 2794 142 64 deus
606 2794 231 64 nequaquam
784 2794 160 64 cadit
890 2794 124 64 sub
961 2794 142 64 ente
1050 2794 267 64 simpliciter
1264 2794 142 64 quod
1352 2794 124 64 est
1424 2794 231 64 subiectum
1601 2794 302 64 metaphysicae.
1832 2794 107 64 Immo

202 2855 211 68 praeterit
364 2855 146 68 totam
461 2855 194 68 rationem
607 2855 81 68 &
639 2855 259 68 communitatem
850 2855 162 68 illius
964 2855 162 68 entis.
1077 2855 146 68 illud
1174 2855 130 68 enim
1255 2855 113 68 ens
1320 2855 146 68 nihil
1417 2855 194 68 continet
1563 2855 130 68 nisi
1644 2855 130 68 quod
1725 2855 113 68 est
1774 2855 162 68 principi

196 2905 120 54 um
256 2905 140 54 vel
336 2905 319 54 principiatum
595 2905 259 54 inquantum
794 2905 279 54 huiusmodi:
1014 2905 100 54 &
1054 2905 160 54 ideo
1153 2905 179 54 licet
1273 2905 239 54 continet
1452 2905 160 54 omne
1552 2905 219 54 creatum
1712 2905 239 54 secundum
1871 2905 80 54 o-

187 2958 142 63 mnem
276 2958 213 63 rationem
436 2958 249 63 quiditatis
632 2958 89 63 &
667 2958 231 63 essentiae
845 2958 249 63 creaturae,
1040 2958 142 63 deum
1129 2958 160 63 tamen
1236 2958 124 63 non
1307 2958 213 63 continet
1467 2958 107 63 vt
1520 2958 107 63 in
1574 2958 107 63 se
1627 2958 196 63 aliquid
1769 2958 142 63 est:
1858 2958 124 63 sed

196 3011 161 72 solum
303 3011 233 72 inquantum
482 3011 250 72 principium
679 3011 197 72 quoddam
822 3011 143 72 est,
912 3011 143 72 quod
1001 3011 215 72 cognitum
1162 3011 125 72 est
1234 3011 107 72 de
1287 3011 143 72 ipso
1377 3011 89 72 a
1412 3011 250 72 posteriori
1609 3011 107 72 in
1663 3011 215 72 scientia
1806 3011 143 72 philo-

198 3063 193 65 sophica
339 3063 88 65 &
374 3063 88 65 a
409 3063 175 65 priori
531 3063 105 65 in
584 3063 210 65 scientia
742 3063 158 65 ista.
847 3063 105 65 Et
899 3063 228 65 inquantum
1075 3063 210 65 cognitum
1232 3063 88 65 a
1268 3063 245 65 posteriori
1460 3063 210 65 naturali
1618 3063 245 65 cognitione
1811 3063 105 65 ex
1846 3063 105 65 crea

199 3125 178 59 turis,
324 3125 160 59 cadit
430 3125 213 59 intentio
590 3125 231 59 principii
768 3125 124 59 sub
839 3125 249 59 intentione
1035 3125 160 59 entis
1141 3125 284 59 simpliciter.
1372 3125 231 59 Inquantum
1550 3125 142 59 vero
1639 3125 213 59 cognitum
1799 3125 89 59 a
1817 3125 124 59 prio-

200 3175 101 78 ri
251 3175 235 78 cognitione
435 3175 286 78 supernaturali
671 3175 118 78 non
738 3175 151 78 cadit
839 3175 202 78 intentio
990 3175 218 78 principii
1158 3175 101 78 in
1209 3175 118 78 deo
1276 3175 118 78 sub
1343 3175 185 78 ratione
1477 3175 151 78 entis
1578 3175 269 78 simpliciter:
1797 3175 134 78 quod
1864 3175 84 78 con
