2414 3779
461 312 97 72 &
499 312 233 72 intendit
674 312 175 72 finem
791 312 214 72 vltimum
946 312 117 72 ad
1004 312 155 72 quem
1102 312 233 72 realiter
1276 312 272 72 ordinantur
1490 312 214 72 proprii
1645 312 175 72 fines
1762 312 194 72 omnium
1898 312 291 72 scientiarum
2111 312 117 72 pra-

468 368 233 62 cticarum:
647 368 125 62 qui
719 368 143 62 sunt
808 368 251 62 imperfecti
1005 368 107 62 in
1059 368 125 62 se,
1131 368 90 62 &
1166 368 125 62 non
1238 368 287 62 perficiuntur
1471 368 143 62 nisi
1560 368 251 62 reductione
1757 368 107 62 ad
1811 368 161 62 finem
1919 368 215 62 vltimum.
2080 368 107 62 In
2116 368 107 62 pra-

474 425 171 64 cticis
594 425 154 64 autem
697 425 223 64 scientiis
868 425 120 64 est
937 425 137 64 ordo
1023 425 206 64 secundum
1177 425 189 64 ordinem
1314 425 189 64 finium,
1451 425 103 64 vt
1503 425 154 64 sicut
1606 425 206 64 scientia
1760 425 120 64 est
1829 425 120 64 sub
1897 425 223 64 scientia:
2069 425 154 64 cuius
2154 425 69 64 si

467 476 117 65 nis
534 476 117 65 est
601 476 117 65 sub
668 476 134 65 fine
752 476 217 65 alterius,
919 476 117 65 sic
986 476 134 65 illa
1069 476 201 65 scientia
1220 476 217 65 ordinatur
1387 476 100 65 ad
1437 476 150 65 aliam
1537 476 150 65 cuius
1638 476 150 65 finis
1738 476 217 65 ordinatur
1905 476 100 65 ad
1955 476 150 65 finem
2039 476 184 65 alterius.

469 533 126 62 Cum
541 533 181 62 igitur
668 533 163 62 fines
776 533 181 62 omnium
902 533 271 62 scientiarum
1119 533 271 62 practicarum
1336 533 253 62 ordinentur
1535 533 108 62 in
1589 533 163 62 finem
1697 533 163 62 huius
1806 533 253 62 scientiae,
2004 533 108 62 in
2058 533 126 62 quo
2113 533 108 62 per-

467 585 226 62 ficiuntur
641 585 122 62 cum
710 585 104 62 in
762 585 104 62 se
814 585 139 62 sint
901 585 261 62 imperfecti:
1110 585 243 62 necessario
1301 585 157 62 etiam
1406 585 157 62 omnes
1510 585 226 62 practicae
1684 585 226 62 scientiae
1858 585 243 62 ordinantur
2049 585 104 62 ad
2084 585 139 62 istam-

481 640 104 63 vt
533 640 104 63 in
584 640 121 63 qua
654 640 294 63 perficiuntur:
895 640 138 63 quia
982 640 156 63 finem
1086 640 190 63 vltimum
1224 640 121 63 per
1293 640 156 63 ipsam
1397 640 207 63 perfecte
1552 640 294 63 consequuntur,
1794 640 104 63 in
1846 640 225 63 praesenti
2019 640 121 63 per
2070 640 156 63 gratiam

481 690 103 65 in
532 690 171 65 futuro
652 690 120 65 per
720 690 205 65 gloriam:
874 690 120 65 cum
942 690 103 65 in
994 690 103 65 se
1045 690 137 65 sint
1130 690 273 65 imperfectae:
1352 690 137 65 quia
1438 690 256 65 imperfectae
1643 690 120 65 per
1711 690 205 65 proprios
1865 690 154 65 fines
1968 690 154 65 illum
2070 690 154 65 finem
2156 690 68 65 vl

473 745 152 65 timum
574 745 270 65 assequuntur.
793 745 185 65 Propter
928 745 135 65 quod
1012 745 185 65 Salomon
1147 745 202 65 postquam
1299 745 185 65 petiuit
1434 745 84 65 a
1468 745 169 65 domino
1586 745 253 65 assistricem
1788 745 236 65 sapientiam
1973 745 101 65 ad
2007 745 219 65 intellectum

482 798 199 57 iudicii
626 798 90 57 &
662 798 181 57 legum:
789 798 90 57 &
825 798 307 57 considerasset
1078 798 343 57 insufficientiam
1366 798 90 57 &
1403 798 325 57 imperfectionem
1673 798 108 57 in
1728 798 199 57 omnibus
1872 798 162 57 aliis
1980 798 235 57 scientiis
2143 798 90 57 re-

476 849 165 72 spectu
592 849 182 72 istius,
724 849 165 72 dixit.
840 849 99 72 Si
890 849 132 72 quis
972 849 132 72 erit
1055 849 248 72 consummatus
1253 849 149 72 inter
1352 849 165 72 filios
1468 849 198 72 hominum,
1617 849 99 72 si
1666 849 99 72 ab
1716 849 132 72 illo
1798 849 182 72 fugerit
1931 849 215 72 sapientia
2096 849 116 72 tua
2162 849 99 72 in

473 911 204 63 nihilum
621 911 315 63 computabitur.
880 911 111 63 vt
935 911 204 63 dicitur
1083 911 278 63 Sapientiae.
1305 911 130 63 ix.
1379 911 185 63 Reuera
1509 911 111 63 in
1564 911 204 63 nihilum
1712 911 278 63 computandus
1934 911 130 63 est
2008 911 148 63 homo
2082 911 148 63 sciens

474 965 154 61 omnem
576 965 154 61 aliam
679 965 239 61 scientiam,
867 965 154 61 istam
969 965 137 61 vero
1055 965 222 61 ignorans.
1226 965 188 61 Propter
1363 965 137 61 quod
1448 965 188 61 dicitur
1585 965 103 61 in
1636 965 171 61 eodem.
1756 965 154 61 xiii.
1858 965 137 61 Vani
1944 965 137 61 sunt
2029 965 154 61 omnes
2132 965 120 61 ho-

473 1011 159 67 mines
579 1011 177 67 quibus
703 1011 124 67 non
774 1011 177 67 subest
898 1011 212 67 scientia
1057 1011 141 67 dei.
1145 1011 88 67 &
1181 1011 212 67 Prouerb.
1340 1011 141 67 xix.
1428 1011 124 67 Vbi
1499 1011 124 67 non
1570 1011 124 67 est
1640 1011 212 67 scientia
1800 1011 124 67 dei
1870 1011 124 67 non
1941 1011 124 67 est
2012 1011 177 67 bonum.
2118 1011 106 67 Pro-

474 1063 133 71 pter
558 1063 133 71 quod
641 1063 150 71 dicit
741 1063 250 71 Augustinus.
940 1063 100 71 v.
990 1063 183 71 confes.
1123 1063 183 71 Infelix
1256 1063 133 71 enim
1339 1063 133 71 homo
1423 1063 133 71 ille
1506 1063 116 71 qui
1572 1063 133 71 scit
1655 1063 150 71 omnia
1755 1063 150 71 illa:
1855 1063 100 71 te
1905 1063 150 71 autem
2005 1063 183 71 nescit.
2121 1063 100 71 Bea-

473 1128 117 65 tus
540 1128 151 65 autem
641 1128 117 65 qui
708 1128 100 65 te
758 1128 134 65 scit
841 1128 151 65 etiam
942 1128 100 65 si
992 1128 134 65 illa
1076 1128 184 65 nescit.
1210 1128 117 65 Qui
1277 1128 134 65 vero
1360 1128 100 65 te
1411 1128 84 65 &
1444 1128 134 65 illa
1528 1128 167 65 nouit:
1645 1128 117 65 non
1712 1128 184 65 propter
1846 1128 134 65 illa
1929 1128 201 65 beatior:
2080 1128 117 65 sed
2130 1128 84 65 pro

477 1178 109 63 pter
545 1178 82 63 te
586 1178 122 63 solum
668 1178 149 63 beatus.
776 1178 177 63 Similiter
912 1178 177 63 scientiae
1048 1178 217 63 speculatiuae
1225 1178 190 63 ordinantur
1374 1178 82 63 ad
1415 1178 122 63 istam
1497 1178 82 63 eo
1537 1178 109 63 quod
1605 1178 204 63 principalis
1769 1178 95 63 est
1823 1178 82 63 ad
1864 1178 136 63 illas:
1959 1178 122 63 quia.
2040 1178 163 63 scilicet
2149 1178 68 63 con

474 1227 184 66 siderat
608 1227 151 66 prima
709 1227 218 66 principia
876 1227 234 66 altissima,
1060 1227 117 66 sub
1127 1227 167 66 quibus
1244 1227 151 66 omnia
1345 1227 134 66 alia
1428 1227 251 66 continentur
1629 1227 134 66 quae
1713 1227 285 66 considerantur
1947 1227 100 66 in
1997 1227 151 66 aliis
2081 1227 134 66 scien-

479 1279 161 70 tiis:
587 1279 143 70 quae
676 1279 233 70 perfectam
856 1279 215 70 notitiam
1017 1279 125 70 non
1089 1279 179 70 habent
1214 1279 108 70 in
1268 1279 125 70 sua
1340 1279 233 70 veritate:
1519 1279 143 70 nisi
1608 1279 233 70 inquantum
1788 1279 251 70 ordinantur
1985 1279 108 70 in
2021 1279 197 70 principia

483 1336 144 70 prima
579 1336 256 70 simpliciter.
787 1336 256 70 Conclusiones
996 1336 128 70 enim
1076 1336 208 70 scientiae
1236 1336 96 70 in
1284 1336 128 70 fine
1364 1336 112 70 non
1428 1336 256 70 cognoscuntur
1636 1336 192 70 perfecte
1780 1336 112 70 per
1845 1336 208 70 principia
2005 1336 160 70 illius
2101 1336 128 70 scien-

479 1400 150 56 tiae:
579 1400 116 56 non
646 1400 133 56 enim
729 1400 133 56 illa
812 1400 216 56 principia
978 1400 199 56 perfecte
1127 1400 266 56 cognoscuntur
1343 1400 133 56 nisi
1426 1400 233 56 reducantur
1609 1400 100 56 in
1659 1400 216 56 principia
1825 1400 233 56 superioris
2008 1400 233 56 scientiae:
2174 1400 50 56 &

472 1442 116 69 sic
539 1442 116 69 per
605 1442 182 69 ordinem
738 1442 149 69 vsque
837 1442 99 69 ad
887 1442 216 69 principia
1053 1442 149 69 prima
1152 1442 166 69 primae
1268 1442 216 69 scientiae
1434 1442 83 69 &
1467 1442 216 69 supremae.
1633 1442 182 69 Propter
1766 1442 133 69 quod
1849 1442 149 69 dicit
1948 1442 149 69 Auer.
2048 1442 149 69 super
2131 1442 99 69 vii.

469 1496 290 70 Metaphysicae,
708 1496 137 70 quod
793 1496 256 70 impossibile
998 1496 119 70 est
1066 1496 239 70 cognoscere
1254 1496 239 70 quiditatem
1442 1496 222 70 scientiae
1613 1496 239 70 sensibilis
1800 1496 102 70 si
1851 1496 119 70 non
1920 1496 256 70 cognoscatur
2108 1496 119 70 causa

481 1551 154 71 prima
584 1551 189 71 omnium.
721 1551 137 71 Nunc
806 1551 154 71 autem
909 1551 120 71 ita
978 1551 120 71 est
1046 1551 103 71 in
1098 1551 223 71 scientiis
1269 1551 291 71 speculatiuis:
1509 1551 137 71 quod
1595 1551 137 71 ordo
1681 1551 120 71 est
1749 1551 103 71 in
1801 1551 154 71 ipsis
1903 1551 223 71 scientiis
2058 1551 171 71 secundum

480 1607 181 65 ordinem
611 1607 280 65 principiorum,
842 1607 99 65 vt
891 1607 148 65 sicut
990 1607 214 65 principia
1154 1607 132 65 sunt
1237 1607 115 65 sub
1302 1607 247 65 principiis:
1500 1607 82 65 &
1533 1607 197 65 scientia
1681 1607 115 65 sub
1747 1607 214 65 scientia.
1911 1607 99 65 vt
1961 1607 115 65 sic
2027 1607 132 65 illa
2092 1607 132 65 scien-

467 1674 130 58 tia
542 1674 241 58 ordinetur
727 1674 111 58 ad
782 1674 185 58 aliam:
912 1674 167 58 cuius
1023 1674 241 58 principia
1208 1674 259 58 ordinantur
1412 1674 111 58 ad
1468 1674 241 58 principia
1653 1674 241 58 alterius.
1838 1674 130 58 Cum
1912 1674 185 58 igitur
2023 1674 204 58 principia

472 1713 183 71 omnium
600 1713 274 71 scientiarum
819 1713 329 71 speculatiuarum
1093 1713 256 71 ordinantur
1295 1713 110 71 ad
1349 1713 238 71 principia
1532 1713 165 71 huius
1642 1713 256 71 scientiae:
1843 1713 146 71 quia
1934 1713 146 71 sunt
2026 1713 165 71 prima
2136 1713 91 71 &
2154 1713 73 71 al

475 1764 205 61 tissima,
629 1764 102 61 vt
680 1764 188 61 habitum
816 1764 119 61 est
885 1764 171 61 supra:
1004 1764 102 61 in
1055 1764 171 61 quibus
1175 1764 273 61 persiciuntur
1397 1764 102 61 in
1448 1764 205 61 veritate
1601 1764 85 61 &
1636 1764 256 61 cognitione,
1840 1764 239 61 necessario
2028 1764 154 61 etiam
2114 1764 119 61 omnes

475 1821 221 69 scientiae
645 1821 272 69 speculatiuae
866 1821 238 69 ordinantur
1052 1821 102 69 ad
1103 1821 170 69 istam,
1222 1821 102 69 vt
1273 1821 102 69 in
1324 1821 119 69 qua
1392 1821 153 69 omnes
1494 1821 272 69 perfectionem
1715 1821 204 69 notitiae
1867 1821 221 69 veritatis
2020 1821 204 69 consequumn

470 1878 139 71 tur.
556 1878 87 71 &
591 1878 139 71 ideo
678 1878 173 71 dictum
799 1878 121 71 est
868 1878 173 71 supra:
990 1878 139 71 quod
1076 1878 156 71 huius
1180 1878 225 71 scientiae
1354 1878 121 71 est
1423 1878 156 71 omnes
1527 1878 156 71 alias
1631 1878 208 71 iudicare
1787 1878 243 71 approbando
1977 1878 139 71 bene
2064 1878 173 71 dicta:
2168 1878 52 71 &

466 1923 285 80 reprobando
670 1923 184 80 errata.

503 1993 121 78 Ad
564 1993 202 78 primum
705 1993 121 78 in
765 1993 282 78 oppositum,
987 1993 161 78 quod
1088 1993 182 78 aliae
1209 1993 262 78 scientiae
1411 1993 121 78 in
1472 1993 121 78 se
1532 1993 182 78 finem
1653 1993 202 78 habent
1794 1993 182 78 suum:
1915 1993 242 78 Dicendum
2097 1993 161 78 quod

491 2048 151 65 verum
592 2048 135 65 est:
676 2048 101 65 ad
727 2048 135 65 quem
811 2048 219 65 naturalis
979 2048 252 65 intellectus
1181 2048 118 65 per
1249 2048 101 65 se
1299 2048 168 65 potest
1417 2048 236 65 attingere.
1602 2048 202 65 Secundum
1754 2048 135 65 quod
1838 2048 151 65 dicit
1939 2048 151 65 Glos.
2040 2048 151 65 super
2124 2048 84 65 il-

487 2109 109 58 lud
550 2109 94 58 Ro
597 2109 94 58 id
643 2109 109 58 est
706 2109 234 58 Inuisibilia
893 2109 125 58 dei.
971 2109 172 58 Quantum
1096 2109 140 58 tamen
1189 2109 94 58 ad
1236 2109 140 58 finem
1330 2109 250 58 cognitionis:
1533 2109 125 58 quem
1611 2109 234 58 intellectus
1798 2109 172 58 humanus
1923 2109 125 58 dono
2001 2109 187 58 alterius
2141 2109 109 58 ad-

476 2161 155 65 iutus
579 2161 172 65 potest
700 2161 241 65 suscipere:
889 2161 121 65 non
958 2161 172 65 habent
1079 2161 155 65 aliae
1182 2161 224 65 scientiae
1355 2161 103 65 in
1406 2161 103 65 se
1458 2161 155 65 finem
1561 2161 155 65 suum.
1665 2161 155 65 Quare
1768 2161 121 65 cum
1837 2161 155 65 omnis
1940 2161 207 65 scientia
2078 2161 138 65 ordina

482 2213 120 63 tur
551 2213 103 63 ad
602 2213 275 63 perfectionem
825 2213 189 63 vltimam
963 2213 275 63 intellectus:
1186 2213 86 63 &
1220 2213 137 63 illa
1306 2213 189 63 quantum
1443 2213 120 63 est
1512 2213 223 63 possibile
1684 2213 172 63 homini
1804 2213 103 63 in
1855 2213 137 63 vita
1941 2213 137 63 ista
2027 2213 120 63 est
2096 2213 103 63 ex
2130 2213 86 63 hac

484 2266 229 69 scientia:
661 2266 141 69 ideo
749 2266 159 69 omnes
854 2266 264 69 manuducendo
1066 2266 247 69 ordinantur
1259 2266 106 69 ad
1312 2266 176 69 istam.
1471 2266 106 69 Ad
1524 2266 211 69 secundum
1682 2266 141 69 quod
1770 2266 159 69 aliae
1876 2266 229 69 scientiae
2052 2266 159 69 fidem
2140 2266 88 69 eua

484 2324 167 66 cuant:
601 2324 201 66 Dicendum
752 2324 134 66 quod
836 2324 117 66 non
903 2324 117 66 est
970 2324 151 66 verum
1070 2324 100 66 in
1120 2324 117 66 eis
1187 2324 134 66 quae
1271 2324 134 66 sunt
1355 2324 117 66 per
1422 2324 100 66 se
1472 2324 251 66 credibilia:
1673 2324 184 66 quoniam
1807 2324 151 66 aliae
1907 2324 218 66 scientiae
2074 2324 151 66 nullo
2158 2324 67 66 mo

484 2383 98 62 do
533 2383 98 62 ea
582 2383 245 62 intelligere
778 2383 196 62 faciunt.
925 2383 98 62 In
974 2383 114 62 eis
1039 2383 147 62 autem
1137 2383 131 62 quae
1219 2383 114 62 non
1284 2383 131 62 sunt
1366 2383 114 62 per
1431 2383 98 62 se
1480 2383 82 62 &
1512 2383 131 62 pura
1594 2383 245 62 credibilia,
1790 2383 98 62 si
1839 2383 163 62 aliqua
1953 2383 131 62 sunt
2035 2383 196 62 scibilia
2166 2383 65 62 ex

482 2436 216 65 scientiis
648 2436 298 65 philosophicis:
897 2436 83 65 &
930 2436 116 65 cum
996 2436 116 65 hoc
1063 2436 149 65 alias
1162 2436 249 65 credibilia:
1361 2436 116 65 non
1427 2436 149 65 tamen
1527 2436 216 65 scientiae
1693 2436 282 65 philosophicae
1925 2436 116 65 tam
1991 2436 149 65 clara
2074 2436 149 65 notitia

476 2485 186 60 faciunt
611 2485 135 60 ipsa
696 2485 169 60 scire:
814 2485 135 60 quin
899 2485 118 60 quo
966 2485 101 60 ad
1017 2485 118 60 hoc
1085 2485 135 60 quod
1169 2485 254 60 expectantur
1372 2485 152 60 sciri
1473 2485 203 60 clariori
1625 2485 203 60 notitia,
1778 2485 152 60 adhuc
1879 2485 186 60 maneant
1997 2485 220 60 credibilia.

494 2538 140 80 Vnde
581 2538 87 80 &
616 2538 122 80 sic
685 2538 209 80 euacuare
843 2538 157 80 fidem
947 2538 105 80 vt
1000 2538 262 80 perficiatur
1209 2538 192 80 quantum
1349 2538 227 80 possibile
1523 2538 122 80 est
1593 2538 105 80 in
1645 2538 140 80 vita
1732 2538 140 80 ista
1820 2538 122 80 per
1889 2538 279 80 intellectum,
2099 2538 122 80 summe

482 2597 155 74 vtile
585 2597 138 74 est.
671 2597 207 74 euacuare
826 2597 155 74 autem
929 2597 155 74 fidem
1032 2597 103 74 vt
1084 2597 224 74 contraria
1256 2597 155 74 fidei
1359 2597 241 74 sentiamus,
1549 2597 155 74 illud
1652 2597 172 74 omnino
1772 2597 258 74 perniciosum
1962 2597 103 74 est.

820 2660 121 75 Irca
896 2660 136 75 nonum
987 2660 197 75 arguitur,
1138 2660 121 75 quod
1214 2660 121 75 ista
1290 2660 182 75 scientia
1426 2660 106 75 non
1487 2660 136 75 debet
1578 2660 197 75 exquisita
1729 2660 91 75 in
1775 2660 136 75 aliis
1865 2660 197 75 scientiis
2017 2660 212 75 supponere:
2169 2660 45 75 &

817 2729 102 55 in
868 2729 136 55 vsum
953 2729 136 55 suum
1039 2729 222 55 assumere.
1209 2729 153 55 Primo
1311 2729 136 55 sic.
1397 2729 205 55 scientia
1550 2729 136 55 quae
1635 2729 153 55 habet
1738 2729 153 55 alias
1840 2729 222 55 regulare,
2010 2729 153 55 nihil
2096 2729 119 55 sumit

834 2783 200 58 probatum
984 2783 100 58 ab
1034 2783 166 58 illis.
1150 2783 116 58 sed
1217 2783 150 58 magis
1317 2783 233 58 econverso.
1500 2783 200 58 Scientia
1649 2783 133 58 ista
1733 2783 116 58 est
1799 2783 216 58 huiusmodi
1965 2783 100 58 vt
2015 2783 183 58 habitum
2132 2783 83 58 est

824 2836 149 60 supra.
929 2836 120 60 ergo
1003 2836 105 60 &c.
1093 2836 164 60 Secundo
1213 2836 120 60 sic.
1287 2836 194 60 perfectum
1437 2836 135 60 nullo
1527 2836 179 60 indiget:
1661 2836 120 60 quia
1736 2836 135 60 omnis
1825 2836 209 60 indigentia
1990 2836 105 60 est
2050 2836 164 60 ratione
2154 2836 60 60 im

825 2889 283 64 perfectionis.
1059 2889 200 64 Scientia
1209 2889 133 64 ista
1292 2889 283 64 perfectissima
1525 2889 133 64 est,
1608 2889 100 64 vt
1658 2889 183 64 habitum
1792 2889 117 64 est
1858 2889 167 64 supra.
1975 2889 133 64 ergo
2058 2889 117 64 &c.
2142 2889 83 64 Ter

820 2943 108 65 tio
881 2943 123 65 sic.
958 2943 138 65 super
1050 2943 154 65 illud.
1158 2943 92 65 i.
1204 2943 184 65 Corinth.
1342 2943 92 65 i.
1388 2943 154 65 Perdam
1496 2943 231 65 sapientiam.
1680 2943 138 65 dicit
1772 2943 138 65 Glos.
1865 2943 123 65 Quia
1941 2943 231 65 praedixerat
2126 2943 123 65 quod

470 2997 113 63 eam
535 2997 113 63 non
599 2997 210 63 reciperet
761 2997 97 63 in
810 2997 275 63 praedicatione
1036 2997 243 63 euangelica.
1231 2997 129 63 Tota
1312 2997 129 63 ista
1392 2997 194 63 scientia
1538 2997 113 63 est
1603 2997 275 63 principaliter
1830 2997 243 63 praedicatio
2008 2997 210 63 euangelica.

479 3052 123 71 ergo
556 3052 92 71 in
602 3052 92 71 ea
648 3052 108 71 non
710 3052 139 71 debet
802 3052 154 71 recipi
910 3052 200 71 secularis
1064 3052 216 71 sapientia.
1265 3052 154 71 Contra
1372 3052 108 71 est
1434 3052 123 71 quod
1511 3052 170 71 Decret.
1634 3052 139 71 dist.
1727 3052 77 71 A
1758 3052 185 71 legitur.
1896 3052 108 71 Dns
1958 3052 200 71 praecepit
2097 3052 123 71 filiis

470 3102 173 75 lsrael,
596 3102 94 75 vt
643 3102 235 75 expoliarent
831 3102 220 75 aegyptios:
1004 3102 204 75 moraliter
1161 3102 220 75 instruens,
1333 3102 94 75 vt
1381 3102 126 75 siue
1459 3102 141 75 aurum
1553 3102 220 75 sapientiae
1726 3102 126 75 siue
1804 3102 188 75 argentum
1946 3102 235 75 eloquentiae
2134 3102 126 75 apud

468 3159 155 69 poetas
576 3159 217 69 inuenimus,
746 3159 93 69 in
793 3159 124 69 vsum
870 3159 232 69 salutiferae
1056 3159 232 69 eruditionis
1242 3159 201 69 vertamus.
1396 3159 217 69 Salutifera
1567 3159 186 69 eruditio
1706 3159 124 69 sola
1784 3159 108 69 est
1845 3159 124 69 ista
1923 3159 201 69 scientia.
2078 3159 124 69 ergo
2140 3159 77 69 &c.

494 3218 244 95 Dicendum
677 3218 122 95 ad
738 3218 162 95 hoc,
839 3218 162 95 quod
941 3218 142 95 ita
1022 3218 142 95 est
1103 3218 122 95 in
1164 3218 223 95 omnibus
1327 3218 264 95 scientiis
1530 3218 264 95 ordinatis
1733 3218 122 95 ad
1794 3218 162 95 vnam
1895 3218 223 95 tanquam
2058 3218 122 95 ad
2098 3218 122 95 prin
