2530 3765
330 279 131 89 nisi
411 279 98 89 in
460 279 131 89 vsum
542 279 196 89 melioris
689 279 228 89 scientiae:
868 279 131 89 quia
950 279 98 89 se
999 279 179 89 mittere
1129 279 98 89 in
1178 279 179 89 errorem
1309 279 212 89 illicitum
1472 279 131 89 est.
1553 279 147 89 omnes
1651 279 212 89 scientiae
1815 279 147 89 aliae
1912 279 131 89 sunt
1978 279 65 89 hu

318 346 213 83 iusmodi:
478 346 106 83 in
531 346 195 83 errores
673 346 142 83 enim
762 346 195 83 mittunt
904 346 106 83 de
957 346 124 83 se,
1028 346 106 83 vt
1081 346 177 83 dictum
1205 346 124 83 est
1276 346 177 83 supra.
1401 346 213 83 secundum
1560 346 177 83 Ambro.
1684 346 106 83 De
1738 346 177 83 ordine
1862 346 142 83 vero
1933 346 124 83 earum

316 406 107 69 in
370 406 142 69 vsum
458 406 213 69 meliorem
619 406 160 69 dicit
725 406 213 69 Hierony.
885 406 160 69 super
992 406 231 69 epistolam
1170 406 107 69 ad
1223 406 178 69 Titum.
1348 406 142 69 Alia
1437 406 213 69 (inquit)
1597 406 213 69 scientia
1757 406 124 69 non
1828 406 124 69 est
1881 406 178 69 scientia

316 460 240 64 pietatis.
500 460 240 64 Proficere
685 460 166 64 autem
795 460 185 64 potest
924 460 111 64 ad
980 460 185 64 vitam,
1109 460 129 64 dum
1183 460 185 64 fuerit
1312 460 111 64 in
1367 460 221 64 meliores
1533 460 148 64 vsus
1626 460 240 64 assumpta.
1810 460 129 64 qui
1865 460 185 64 secundum

316 518 155 67 ipsum
419 518 121 67 non
488 518 121 67 est
557 518 138 67 nisi
644 518 138 67 vsus
730 518 155 67 huius
833 518 242 67 scientiae.
1023 518 138 67 ergo
1109 518 121 67 &c.
1178 518 86 67 ⁋
1213 518 104 67 In
1265 518 224 67 oppositum
1437 518 207 67 arguitur
1592 518 138 67 sic.
1679 518 138 67 Quod
1765 518 155 67 bonum
1868 518 121 67 est
1920 518 138 67 exise:

313 565 119 80 per
381 565 102 80 se
432 565 188 80 sumptum
569 565 239 80 eligendum,
757 565 154 80 etiam
859 565 102 80 si
910 565 222 80 eligibile
1081 565 119 80 sit
1149 565 188 80 propter
1286 565 171 80 aliud,
1405 565 102 80 vt
1457 565 222 80 virtutes.
1627 565 188 80 veritas
1764 565 256 80 scientiarum
1952 565 102 80 phi-

315 610 305 84 losophicarum
563 610 133 84 est
639 610 267 84 huiusmodi.
849 610 152 84 ergo
925 610 95 84 &c.

319 683 108 83 ⁋
363 683 258 83 Dicendum
556 683 129 83 ad
621 683 151 83 hoc
707 683 172 83 quod
815 683 194 83 omnis
944 683 215 83 humana
1095 683 258 83 scientia
1288 683 194 83 vitae
1418 683 194 83 huius
1547 683 280 83 ordinatur
1762 683 129 83 ad
1827 683 194 83 finem
1934 683 108 83 hu-

318 753 156 71 manae
421 753 173 71 vitae,
543 753 138 71 quae
629 753 121 71 est
698 753 173 71 aperta
819 753 121 71 dei
888 753 156 71 visio
992 753 104 71 in
1044 753 190 71 futuro:
1182 753 86 71 &
1217 753 138 71 ideo
1303 753 121 71 cum
1373 753 156 71 nulla
1476 753 190 71 aliarum
1615 753 173 71 vnquam
1736 753 156 71 finem
1839 753 156 71 illum
1943 753 104 71 in
1978 753 69 71 se

311 806 223 77 includat:
482 806 257 77 necessarium
688 806 120 77 est
757 806 137 77 quod
843 806 223 77 quaelibet
1014 806 189 77 illarum
1152 806 223 77 ordinetur
1323 806 103 77 ad
1375 806 189 77 aliquem
1512 806 154 77 finem
1615 806 154 77 alium
1718 806 86 77 a
1752 806 120 77 se:
1821 806 206 77 mediante
1958 806 86 77 quo

314 862 237 68 ordinatur
496 862 110 68 ad
551 862 164 68 illum
661 862 164 68 finem
770 862 219 68 vltimum:
934 862 128 68 ita
1007 862 146 68 quod
1099 862 128 68 non
1172 862 146 68 nisi
1263 862 110 68 in
1318 862 183 68 ordine
1446 862 110 68 ad
1500 862 164 68 illum
1610 862 164 68 finem
1719 862 110 68 ad
1774 862 146 68 quem
1847 862 201 68 immediate

315 910 251 87 ordinatur:
512 910 179 87 debeat
637 910 215 87 addisci:
798 910 179 87 aliter
924 910 143 87 enim
1013 910 197 87 frustra
1156 910 304 87 addisceretur:
1407 910 89 87 &
1443 910 107 87 in
1496 910 179 87 vanum.
1622 910 197 87 Aliarum
1765 910 161 87 autem
1854 910 197 87 scientia-

322 972 130 66 rum
397 972 205 66 quaedam
546 972 261 66 ordinantur
751 972 242 66 immediate
937 972 112 66 ad
993 972 205 66 aliquem
1142 972 168 66 finem
1254 972 168 66 alium
1366 972 149 66 sibi
1459 972 242 66 proprium:
1645 972 279 66 praeterquam
1869 972 130 66 sit
1925 972 130 66 ipsum

316 1017 155 77 scire
419 1017 120 77 per
488 1017 172 77 ipsas.
608 1017 206 77 Secundum
762 1017 137 77 quod
848 1017 103 77 in
900 1017 241 77 Mechanicis
1089 1017 258 77 carpentaria
1295 1017 223 77 ordinatur
1467 1017 103 77 ad
1518 1017 172 77 arcam,
1639 1017 120 77 aut
1707 1017 206 77 scannum,
1862 1017 137 77 quae
1931 1017 120 77 siunt

313 1079 124 74 per
384 1079 177 74 ipsam.
508 1079 106 74 In
561 1079 265 74 liberalibus
773 1079 159 74 vero:
879 1079 212 74 medicina
1038 1079 230 74 ordinatur
1215 1079 106 74 ad
1268 1079 177 74 humani
1391 1079 212 74 corporis
1550 1079 247 74 sanitatem,
1745 1079 194 74 ciuilis
1886 1079 141 74 vero
1974 1079 106 74 ad

318 1133 152 68 pacem
420 1133 237 68 ciuitatis.
605 1133 101 68 De
656 1133 152 68 istis
758 1133 135 68 bene
842 1133 152 68 verum
943 1133 135 68 est,
1028 1133 135 68 quod
1112 1133 186 68 addisci
1248 1133 135 68 bene
1332 1133 186 68 possunt
1467 1133 118 68 non
1535 1133 101 68 in
1586 1133 135 68 vsum
1670 1133 152 68 huius
1772 1133 237 68 scientiae:
1941 1133 101 68 quia

313 1191 229 74 mediante
485 1191 133 74 suo
561 1191 210 74 proprio
713 1191 153 74 fine
809 1191 229 74 vtiliter
980 1191 248 74 ordinatur
1171 1191 248 74 quaelibet
1362 1191 172 74 earum
1476 1191 114 74 ad
1533 1191 172 74 finem
1648 1191 229 74 communem
1819 1191 210 74 humanae
1953 1191 95 74 via

317 1238 141 77 tae.
406 1238 159 77 Aliae
511 1238 141 77 vero
599 1238 141 77 sunt
688 1238 141 77 quae
776 1238 123 77 non
846 1238 247 77 ordinantur
1040 1238 106 77 ad
1093 1238 194 77 aliquem
1234 1238 159 77 alium
1340 1238 159 77 finem
1446 1238 212 77 operatum
1604 1238 123 77 per
1675 1238 159 77 ipsas
1781 1238 141 77 sibi
1851 1238 194 77 proprium,

313 1296 252 75 praeterquam
515 1296 101 75 ad
565 1296 151 75 ipsum
666 1296 151 75 scire
766 1296 134 75 quod
850 1296 235 75 acquiritur
1035 1296 117 75 per
1102 1296 134 75 eas.
1186 1296 101 75 vt
1236 1296 134 75 sunt
1320 1296 218 75 scientiae
1488 1296 302 75 philosophicae,
1740 1296 168 75 maxime
1857 1296 134 75 pure
1925 1296 117 75 specu

317 1346 205 74 latiuae.
471 1346 102 74 de
522 1346 171 74 quibus
641 1346 154 74 dicit
744 1346 256 74 Philosophus
949 1346 154 74 primo
1051 1346 290 74 Metaphysicae,
1290 1346 137 74 quod
1375 1346 205 74 inuentae
1529 1346 137 74 sunt
1614 1346 119 74 non
1683 1346 188 74 propter
1819 1346 188 74 aliquam
1956 1346 119 74 in-

320 1399 207 70 uentorum
475 1399 258 70 vtilitatem,
681 1399 121 70 aut
750 1399 293 70 necessitatem,
991 1399 121 70 sed
1060 1399 224 70 suiipsius
1233 1399 189 70 gratia:
1370 1399 86 70 &
1405 1399 138 70 eius
1491 1399 207 70 quodlest
1646 1399 172 70 scire.
1766 1399 121 70 Sed
1835 1399 138 70 quia
1921 1399 155 70 quan-

312 1459 206 74 tuncunque
471 1459 127 74 sunt
550 1459 206 74 suiipsius
709 1459 159 74 gratia
820 1459 79 74 &
852 1459 127 74 eius
931 1459 127 74 quod
1010 1459 111 74 est
1074 1459 159 74 scire,
1185 1459 143 74 vanae
1280 1459 143 74 tamen
1375 1459 159 74 essent
1487 1459 143 74 omnes
1582 1459 127 74 nisi
1661 1459 95 74 ad
1709 1459 175 74 aliquid
1836 1459 143 74 aliud
1931 1459 143 74 ordi-

309 1513 223 71 narentur:
480 1513 86 71 &
515 1513 120 71 per
583 1513 154 71 illud
686 1513 103 71 ad
737 1513 154 71 finem
840 1513 189 71 vltimum
977 1513 189 71 humanae
1114 1513 171 71 vitae:
1234 1513 137 71 quae
1320 1513 120 71 est
1389 1513 154 71 visio
1492 1513 137 71 dei:
1577 1513 120 71 cum
1646 1513 103 71 de
1697 1513 103 71 se
1749 1513 154 71 illum
1851 1513 120 71 non
1903 1513 137 71 inclu-

299 1564 157 73 dant:
403 1564 157 73 licet
507 1564 261 73 Philosophus
716 1564 104 73 in
768 1564 278 73 speculatione
994 1564 122 73 per
1064 1564 226 73 scientias
1238 1564 278 73 speculatiuas
1464 1564 157 73 finem
1568 1564 191 73 humanae
1708 1564 157 73 vitae
1812 1564 191 73 posuit:
1951 1564 87 73 &
1968 1564 70 73 ma

301 1612 118 77 le:
369 1612 152 77 Scire
470 1612 169 77 igitur
588 1612 101 77 in
639 1612 152 77 istis
740 1612 220 77 scientiis
909 1612 118 77 cum
977 1612 118 77 non
1044 1612 220 77 ordinetur
1213 1612 101 77 ad
1264 1612 186 77 aliquid
1399 1612 186 77 operari
1534 1612 118 77 per
1602 1612 169 77 ipsas:
1720 1612 236 77 necessario
1889 1612 152 77 ordina-

309 1670 119 65 tur
377 1670 102 65 ad
428 1670 153 65 aliud
530 1670 153 65 scire
632 1670 238 65 superioris
819 1670 238 65 scientiae:
1006 1670 85 65 &
1040 1670 119 65 per
1108 1670 153 65 illam
1211 1670 102 65 ad
1262 1670 153 65 finem
1364 1670 187 65 vltimum
1500 1670 153 65 vitae
1602 1670 204 65 humanae:
1755 1670 187 65 propter
1891 1670 136 65 quem
1959 1670 85 65 so-

316 1717 178 83 lummodo
445 1717 129 83 sunt
526 1717 259 83 addiscendae.
736 1717 129 83 Sunt
817 1717 129 83 enim
898 1717 259 83 addiscendae,
1108 1717 194 83 quatenus
1254 1717 97 83 ex
1302 1717 194 83 cognitis
1448 1717 113 83 per
1512 1717 146 83 ipsas
1609 1717 146 83 ratio
1706 1717 162 83 nostra
1820 1717 194 83 progredi
1949 1717 97 83 pos-

318 1773 115 80 sit
383 1773 82 80 a
416 1773 246 80 visibilibus
613 1773 98 80 ad
662 1773 262 80 inuisibilia:
875 1773 82 80 &
908 1773 82 80 a
941 1773 262 80 temporalibus
1154 1773 98 80 ad
1203 1773 197 80 aeterna.
1350 1773 115 80 Non
1416 1773 131 80 enim
1498 1773 98 80 vt
1547 1773 115 80 ait
1613 1773 230 80 Augustinus
1793 1773 98 80 de
1842 1773 131 80 vera
1908 1773 131 80 relig.

304 1828 197 65 frustra
448 1828 90 65 &
484 1828 215 65 inaniter
645 1828 197 65 intueri
789 1828 197 65 oportet
932 1828 323 65 pulchritudinem
1201 1828 179 65 caeli:
1327 1828 90 65 &
1363 1828 197 65 ordinem
1507 1828 215 65 syderum:
1668 1828 215 65 candorem
1830 1828 179 65 lucis:
1937 1828 108 65 die-

305 1880 118 77 rum
373 1880 101 77 ac
423 1880 185 77 noctium
558 1880 320 77 vicissitudines,
827 1880 152 77 lunae
928 1880 219 77 menstrua,
1096 1880 219 77 curricula
1265 1880 152 77 anni,
1366 1880 118 77 vim
1433 1880 202 77 seminum,
1585 1880 185 77 species
1719 1880 236 77 munerosque
1888 1880 152 77 gignen-

304 1940 160 57 tium,
411 1940 89 57 &
446 1940 160 57 omnia
553 1940 107 57 in
606 1940 124 57 suo
677 1940 178 57 genere
802 1940 160 57 modum
909 1940 249 57 naturamque
1104 1940 249 57 seruantia.
1300 1940 107 57 In
1353 1940 178 57 quorum
1477 1940 320 57 consideratione
1744 1940 124 57 non
1815 1940 142 57 vana
1904 1940 89 57 &
1922 1940 124 57 peri-

295 1992 146 70 tura
386 1992 275 70 curiositas,
606 1992 128 70 sed
679 1992 183 70 gradus
807 1992 110 70 ad
862 1992 256 70 immortalia
1064 1992 92 70 &
1100 1992 183 70 semper
1228 1992 275 70 permanentia
1448 1992 256 70 faciendus.
1650 1992 128 70 Hoc
1723 1992 165 70 autem
1833 1992 128 70 non
1888 1992 146 70 potest

305 2037 136 79 esse
390 2037 136 79 nisi
475 2037 204 79 mediante
629 2037 221 79 superiori
799 2037 221 79 scientia:
969 2037 136 79 quae
1054 2037 221 79 immediate
1225 2037 102 79 ad
1276 2037 136 79 illa
1361 2037 238 79 pertingit.
1548 2037 136 79 Illa
1633 2037 153 79 autem
1735 2037 204 79 scientia
1872 2037 170 79 vlterior

301 2099 121 65 non
370 2099 173 65 potest
491 2099 138 65 esse
577 2099 138 65 nisi
663 2099 155 65 ista,
767 2099 138 65 quae
853 2099 225 65 immediate
1026 2099 207 65 attingit
1182 2099 155 65 finem
1285 2099 207 65 vltimum:
1441 2099 104 65 in
1492 2099 155 65 cuius
1596 2099 138 65 vsum
1682 2099 242 65 ordinantur
1872 2099 173 65 aliae.
1976 2099 69 65 De

303 2146 211 69 scientiis
465 2146 162 69 igitur
579 2146 276 69 philosophicis
806 2146 130 69 pure
888 2146 260 69 speculatiuis
1099 2146 195 69 absolute
1245 2146 211 69 dicendum,
1407 2146 130 69 quod
1489 2146 114 69 non
1554 2146 146 69 licet
1651 2146 114 69 eas
1716 2146 227 69 addiscere:
1895 2146 130 69 nisi
1976 2146 97 69 in

296 2202 148 73 vsum
389 2202 167 73 huius
500 2202 259 73 scientiae.
704 2202 148 73 Nisi
796 2202 167 73 forte
907 2202 148 73 quis
1000 2202 204 73 aliquam
1148 2202 204 73 illarum
1296 2202 278 73 scientiarum
1518 2202 185 73 discat
1647 2202 111 73 vt
1703 2202 185 73 melius
1814 2202 222 73 disponatur

297 2258 111 54 ad
353 2258 241 54 discendum
538 2258 204 54 quaedam
686 2258 167 54 alia.
797 2258 185 54 veluti
927 2258 204 54 logicam
1075 2258 93 54 &
1112 2258 241 54 naturalem
1297 2258 315 54 philosophiam:
1557 2258 111 54 vt
1612 2258 167 54 magis
1723 2258 241 54 proficiat
1908 2258 111 54 in
1945 2258 93 54 me-

305 2309 190 61 dicina.
443 2309 121 61 Qui
512 2309 138 61 enim
598 2309 293 61 philosophicas
839 2309 224 61 scientias
1012 2309 190 61 discunt
1150 2309 155 61 finem
1253 2309 224 61 statuendo
1426 2309 103 61 in
1477 2309 155 61 ipsis
1581 2309 190 61 propter
1719 2309 155 61 scire
1822 2309 190 61 naturas
1943 2309 86 61 re-

297 2357 138 65 rum:
383 2357 121 65 non
452 2357 104 65 in
504 2357 173 65 ordine
625 2357 104 65 ad
677 2357 138 65 vsum
764 2357 173 65 istius
885 2357 242 65 scientiae,
1075 2357 121 65 vel
1144 2357 121 65 per
1213 2357 121 65 se,
1282 2357 121 65 vel
1351 2357 121 65 per
1421 2357 173 65 alios,
1542 2357 138 65 quos
1628 2357 156 65 forte
1732 2357 156 65 docet
1818 2357 225 65 philosophia

298 2412 108 67 vt
352 2412 287 67 promoueantur
585 2412 108 67 ad
639 2412 269 67 theologiam:
855 2412 144 67 isti
945 2412 144 67 sunt
1034 2412 126 67 qui
1106 2412 216 67 ambulant
1268 2412 108 67 in
1322 2412 216 67 vanitate
1483 2412 180 67 sensus
1609 2412 144 67 sui:
1699 2412 126 67 qui
1771 2412 216 67 secundum
1932 2412 144 67 apo-

290 2471 195 58 stolum,
432 2471 231 58 Veritatem
610 2471 124 58 dei
681 2471 106 58 in
734 2471 248 58 iniustitia
929 2471 231 58 detinent.
1107 2471 142 58 Deus
1195 2471 142 58 enim
1284 2471 231 58 veritatem
1461 2471 195 58 illarum
1603 2471 266 58 scientiarum
1816 2471 195 58 propter
1941 2471 106 58 vsum

297 2518 153 69 huius
399 2518 221 69 scientiae
569 2518 102 69 ab
620 2518 153 69 illis
722 2518 153 69 vanis
824 2518 221 69 hominibus
994 2518 255 69 inuestigari
1199 2518 221 69 permisit.
1369 2518 102 69 vt
1420 2518 170 69 dictum
1539 2518 119 69 est
1607 2518 102 69 in
1658 2518 238 69 quaestione
1828 2518 204 69 praeceden-

291 2577 116 64 ti.
358 2577 83 64 ⁋
391 2577 116 64 Per
457 2577 133 64 haec
540 2577 166 64 patent
656 2577 199 64 obiecta.
805 2577 149 64 Aliae
905 2577 133 64 enim
987 2577 215 64 scientiae
1153 2577 133 64 quae
1236 2577 149 64 fines
1335 2577 199 64 proprios
1485 2577 116 64 non
1551 2577 182 64 habent,
1683 2577 99 64 re
1733 2577 133 64 vera
1816 2577 116 64 non
1882 2577 133 64 sunt
1965 2577 116 64 ho-

300 2629 134 60 mini
384 2629 217 60 concessae
551 2629 134 60 nisi
634 2629 184 60 propter
768 2629 167 60 istam:
885 2629 83 60 &
918 2629 134 60 ideo
1002 2629 150 60 vanum
1102 2629 117 60 est
1169 2629 117 60 eas
1235 2629 184 60 discere
1369 2629 134 60 nisi
1453 2629 100 60 in
1503 2629 134 60 vsum
1586 2629 184 60 istius,
1720 2629 117 60 nec
1787 2629 167 60 licet,
1903 2629 134 60 quia
1970 2629 67 60 vt

305 2682 190 69 dicitur
443 2682 104 69 in
495 2682 190 69 secundo
633 2682 242 69 argumento,
822 2682 121 69 qui
891 2682 293 69 philosophicis
1133 2682 190 69 diligit
1271 2682 224 69 insistere
1443 2682 190 69 propter
1581 2682 121 69 se:
1650 2682 121 69 non
1719 2682 190 69 potest,
1857 2682 121 69 vel
1926 2682 121 69 vix
1978 2682 69 69 po

302 2733 135 94 test
386 2733 185 94 errores
521 2733 185 94 euadere
655 2733 151 94 verae
756 2733 151 94 fidei
857 2733 252 94 contrarios.
1059 2733 219 94 Scientiae
1227 2733 135 94 vero
1312 2733 135 94 quae
1396 2733 168 94 habent
1513 2733 202 94 proprios
1665 2733 168 94 fines:
1783 2733 135 94 bene
1867 2733 135 94 sunt
1951 2733 118 94 ho-

287 2793 131 68 mini
368 2793 212 68 concessae
532 2793 163 68 aliter
646 2793 131 68 quam
727 2793 98 68 ad
776 2793 131 68 vsum
858 2793 180 68 istius:
989 2793 82 68 &
1021 2793 147 68 licet
1119 2793 114 68 eas
1184 2793 212 68 addiscere
1348 2793 131 68 sine
1429 2793 196 68 periculo
1560 2793 163 68 erroris.

289 2843 103 94 ⁋
331 2843 165 94 Quia
434 2843 247 94 arguitur
619 2843 124 94 in
681 2843 289 94 oppositum,
908 2843 165 94 quod
1011 2843 186 94 bonum
1135 2843 144 94 per
1217 2843 124 94 se
1279 2843 289 94 eligendum:
1506 2843 247 94 Dicendum
1691 2843 165 94 quod
1795 2843 144 94 per
1877 2843 124 94 se
1918 2843 124 94 dici

285 2932 119 67 tur
353 2932 188 67 aliquid
490 2932 222 67 eligendum
660 2932 239 67 finaliter,
848 2932 119 67 vel
916 2932 256 67 formaliter.
1121 2932 119 67 Per
1189 2932 102 67 se
1240 2932 239 67 formaliter
1428 2932 154 67 omnis
1530 2932 205 67 scientia
1684 2932 85 67 &
1718 2932 171 67 virtus
1837 2932 119 67 est
1889 2932 136 67 eligen

301 2984 113 67 da:
366 2984 113 67 non
430 2984 146 67 autem
527 2984 226 67 finaliter.
705 2984 97 67 de
754 2984 113 67 quo
818 2984 113 67 est
883 2984 113 67 hic
948 2984 162 67 sermo.
1061 2984 194 67 secundum
1206 2984 129 67 quod
1287 2984 97 67 de
1336 2984 113 67 hoc
1400 2984 178 67 habitum
1530 2984 113 67 est
1594 2984 146 67 supra
1691 2984 97 67 in
1740 2984 226 67 quaestione
1918 2984 97 67 An
1950 2984 81 67 stu

292 3033 169 65 dendum
410 3033 118 65 est
478 3033 220 65 scientiae
647 3033 186 65 propter
783 3033 118 65 se.
850 3033 135 65 Vnde
935 3033 101 65 in
985 3033 220 65 scientiis
1155 3033 254 65 liberalibus
1358 3033 152 65 stare
1459 3033 186 65 propter
1594 3033 288 65 delectationem
1831 3033 169 65 illius
1933 3033 101 65 sci-

293 3094 109 76 re
347 3094 146 76 quod
438 3094 109 76 in
493 3094 127 76 eis
566 3094 255 76 inuenitur:
766 3094 127 76 non
839 3094 237 76 ordinando
1021 3094 164 76 scire
1130 3094 255 76 acquisitum
1330 3094 109 76 ex
1385 3094 164 76 illis
1494 3094 109 76 ad
1549 3094 164 76 aliam
1658 3094 273 76 vtilitatem:
1876 3094 91 76 &
1894 3094 146 76 maxime

295 3133 106 87 in
348 3133 141 87 vsum
436 3133 159 87 huius
542 3133 247 87 scientiae,
736 3133 176 87 omnino
860 3133 229 87 illicitum
1018 3133 106 87 est.
