2387 3774
431 291 264 80 aspiciendum
643 291 159 80 illa:
748 291 264 80 impossibile
960 291 123 80 est
1030 291 247 80 cognoscere
1224 291 123 80 vel
1295 291 211 80 iudicare
1453 291 106 80 in
1506 291 123 80 eis
1576 291 141 80 quae
1665 291 141 80 sunt
1753 291 317 80 supernaturalia
2017 291 88 80 &
2034 291 159 80 propria

435 364 143 69 huic
524 364 250 69 scientiae,
721 364 143 69 quid
810 364 178 69 verum,
935 364 89 69 &
971 364 143 69 quid
1060 364 196 69 falsum,
1203 364 143 69 quae
1292 364 143 69 bene
1381 364 232 69 cognoscit
1559 364 89 69 &
1595 364 196 69 iudicat
1738 364 143 69 homo
1827 364 268 69 spiritualis
2041 364 125 69 per
2095 364 89 69 lu-

438 419 120 61 men
506 419 154 61 fidei
609 419 86 61 &
643 419 274 61 intellectus,
866 419 171 61 lumine
986 419 223 61 superiori
1157 419 274 61 illustratus:
1379 419 205 61 secundum
1533 419 137 61 quod
1619 419 137 61 post
1705 419 154 61 supra
1807 419 154 61 dicta
1910 419 205 61 sequitur
2064 419 103 61 in
2098 419 86 61 Apo

440 474 134 70 sto.
524 474 252 70 Spiritualis
725 474 151 70 autem
826 474 184 70 iudicat
960 474 168 70 omnia:
1077 474 84 70 &
1111 474 134 70 ipse
1195 474 84 70 a
1228 474 168 70 nemine
1346 474 235 70 iudicatur.
1530 474 117 70 vbi
1597 474 151 70 dicit
1698 474 151 70 Glos.
1798 474 235 70 Intelligit
1983 474 84 70 &
2000 474 184 70 discernit

426 526 162 67 omnia
534 526 144 67 quae
625 526 108 67 ad
679 526 235 67 iustitiam
859 526 90 67 &
895 526 162 67 vitam
1004 526 253 67 sufficiunt
1202 526 162 67 certa
1310 526 162 67 fide:
1419 526 90 67 &
1455 526 144 67 ipse
1545 526 90 67 a
1581 526 162 67 nullo
1690 526 181 67 homine
1816 526 199 67 animali
1942 526 253 67 intelligitur

437 578 147 70 vtrum
535 578 131 70 bene
616 578 98 70 an
665 578 131 70 male
747 578 245 70 intelligat.
943 578 131 70 Quia
1025 578 196 70 dicentes
1172 578 98 70 se
1221 578 131 70 esse
1302 578 212 70 sapientes
1465 578 163 70 stulti
1580 578 147 70 facti
1678 578 147 70 sunt:
1776 578 98 70 vt
1825 578 180 70 dicitur
1955 578 98 70 Ro
2004 578 98 70 id
2053 578 114 70 est
2102 578 82 70 vbi

444 631 147 67 dicit
542 631 164 67 Gloss.
656 631 213 67 Sapientes
820 631 98 67 in
869 631 180 67 naturis
1000 631 147 67 rerum
1098 631 164 67 stulti
1213 631 147 67 facti
1311 631 131 67 sunt
1393 631 98 67 in
1442 631 131 67 deo.
1524 631 180 67 Veritas
1655 631 164 67 igitur
1769 631 229 67 theologica
1949 631 82 67 &
1966 631 229 67 philosophica

433 690 114 61 in
490 690 208 61 omnibus
641 690 284 61 concordant:
869 690 95 61 &
906 690 133 61 est
982 690 208 61 veritas
1134 690 303 61 philosophica
1380 690 284 61 manuductiua
1607 690 114 61 ad
1664 690 246 61 veritatem
1853 690 284 61 theologicam
2080 690 95 61 &
2099 690 95 61 gra

442 738 122 65 dus
511 738 104 65 ad
563 738 174 65 illam.
685 738 139 65 Vnde
771 738 208 65 rationes
928 738 139 65 quae
1015 738 208 65 videntur
1171 738 104 65 ex
1223 738 243 65 principiis
1414 738 278 65 philosophiae
1639 738 260 65 constructae
1848 738 243 65 contrariae
2021 738 174 65 veritati

437 795 147 63 fidei
534 795 81 63 &
567 795 244 63 theologiae:
762 795 114 63 non
827 795 98 63 ex
876 795 147 63 veris
974 795 228 63 principiis
1153 795 277 63 philosophiae:
1381 795 114 63 sed
1446 795 147 63 solum
1544 795 114 63 per
1609 795 179 63 errorem
1739 795 179 63 humanae
1869 795 228 63 industriae
2048 795 130 63 sunt
2114 795 81 63 con

444 846 199 65 structae:
597 846 184 65 secundum
735 846 123 65 quod
811 846 138 65 etiam
903 846 138 65 multa
995 846 169 65 sibimet
1118 846 199 65 contraria
1271 846 230 65 philosophis
1455 846 92 65 in
1501 846 230 65 philosophia
1684 846 214 65 senserunt:
1853 846 123 65 quia
1930 846 169 65 humanis
2037 846 153 65 sensibus

432 905 80 58 &
464 905 175 58 humanis
591 905 334 58 ratiocinationibus
878 905 127 58 ista
958 905 255 58 quaesierunt:
1165 905 96 58 vt
1213 905 143 58 dicit
1308 905 223 58 Augustinus
1483 905 111 58 ix.
1547 905 96 58 de
1595 905 143 58 ciui.
1690 905 127 58 dei.
1770 905 111 58 ca.
1834 905 127 58 xli.
1913 905 96 58 Et
1961 905 127 58 ideo
2041 905 127 58 quia
2120 905 111 58 non

434 957 138 65 sunt
520 957 260 65 constructae
728 957 104 65 ex
780 957 242 65 principiis
970 957 277 65 philosophiae
1195 957 156 65 omnes
1299 957 138 65 vere
1386 957 277 65 dissolubiles
1611 957 156 65 sunt.
1715 957 104 65 Et
1767 957 156 65 sicut
1870 957 121 65 per
1940 957 190 65 errorem
2061 957 121 65 natu-

440 1020 155 56 ralis
543 1020 207 56 rationis
698 1020 138 56 sunt
785 1020 276 56 constructae:
1009 1020 121 56 vel
1078 1020 155 56 circa
1181 1020 138 56 vera
1268 1020 224 56 principia
1440 1020 293 56 philosophiae,
1682 1020 121 56 vel
1751 1020 138 56 male
1837 1020 241 56 extendendo
2009 1020 190 56 principia

429 1067 270 64 philosophiae
648 1067 152 64 vltra
749 1067 101 64 id
800 1067 135 64 quod
884 1067 185 64 extendi
1019 1067 219 64 deberent:
1188 1067 118 64 sic
1255 1067 118 64 per
1322 1067 253 64 directionem
1525 1067 219 64 naturalis
1693 1067 202 64 rationis
1845 1067 118 64 vel
1912 1067 101 64 ex
1963 1067 101 64 se
2013 1067 118 64 vel
2064 1067 118 64 adiu-

440 1123 160 65 torio
547 1123 319 65 supernaturalis
813 1123 319 65 illustrationis
1079 1123 124 65 qua
1150 1123 319 65 supernaturalia
1416 1123 302 65 cognoscuntur,
1665 1123 160 65 omnes
1771 1123 195 65 possunt
1913 1123 231 65 dissolui.
2091 1123 106 65 Vt
2126 1123 71 65 si

434 1177 169 63 arguat
552 1177 186 63 aliquis
687 1177 135 63 quod
772 1177 169 63 natura
890 1177 118 63 non
957 1177 169 63 potest
1075 1177 135 63 idem
1160 1177 270 63 corporaliter
1379 1177 219 63 reparare:
1548 1177 135 63 ergo
1632 1177 118 63 non
1700 1177 169 63 potest
1818 1177 152 63 fieri
1919 1177 253 63 resurrectio
2105 1177 84 63 mor

441 1226 198 65 tuorum:
585 1226 144 65 male
675 1226 216 65 extendit
838 1226 234 65 principia
1018 1226 144 65 vera
1108 1226 289 65 philosophiae
1343 1226 252 65 naturalis.
1541 1226 162 65 Multa
1649 1226 144 65 enim
1739 1226 108 65 in
1793 1226 198 65 materia
1938 1226 216 65 naturali
2082 1226 108 65 vir-

439 1278 137 69 tute
524 1278 223 69 superiori
696 1278 188 69 possunt
833 1278 171 69 fieri:
952 1278 137 69 quae
1038 1278 171 69 natura
1158 1278 120 69 non
1226 1278 171 69 potest
1346 1278 188 69 facere:
1483 1278 103 69 vt
1534 1278 171 69 dictum
1654 1278 120 69 est
1723 1278 171 69 supra:
1843 1278 137 69 vnde
1928 1278 154 69 debet
2014 1278 171 69 conclude

442 1336 118 58 re:
510 1336 135 58 ergo
594 1336 186 58 actione
729 1336 186 58 naturae
864 1336 118 58 non
932 1336 169 58 potest
1050 1336 152 58 fieri
1151 1336 253 58 resurrectio
1354 1336 236 58 mortuorum:
1539 1336 84 58 &
1573 1336 118 58 ibi
1641 1336 169 58 stare.
1759 1336 118 58 Sed
1826 1336 118 58 cum
1894 1336 219 58 concludit
2063 1336 135 58 quod
2130 1336 51 58 a

437 1387 152 62 nulla
538 1387 135 62 alia
623 1387 186 62 virtute
758 1387 118 62 hoc
825 1387 169 62 potest
943 1387 169 62 fieri,
1061 1387 270 62 philosophiam
1280 1387 202 62 excedit:
1432 1387 135 62 quia
1516 1387 118 62 hoc
1584 1387 101 62 ex
1634 1387 236 62 principiis
1820 1387 270 62 philosophiae
2039 1387 118 62 non
2107 1387 118 62 ha-

438 1440 142 55 bet:
527 1440 125 55 sed
598 1440 249 55 contrarium
794 1440 196 55 potius.
937 1440 107 55 Ex
990 1440 125 55 quo
1061 1440 142 55 enim
1150 1440 267 55 philosophia
1364 1440 160 55 docet
1471 1440 178 55 primum
1595 1440 249 55 principium
1791 1440 178 55 omnium
1916 1440 142 55 esse
1987 1440 196 55 potentiae

435 1492 244 71 infinitae:
626 1492 157 71 licet
730 1492 191 71 ignoret
870 1492 191 71 quomodo
1009 1492 174 71 possit
1131 1492 191 71 operari
1270 1492 157 71 supra
1374 1492 191 71 solitum
1513 1492 174 71 cursum
1635 1492 209 71 naturae:
1792 1492 122 71 non
1861 1492 157 71 debet
1966 1492 174 71 negare
2088 1492 139 71 quin

443 1548 100 59 ab
493 1548 167 59 aliqua
610 1548 184 59 virtute
744 1548 284 59 supernaturali
978 1548 117 59 hoc
1045 1548 117 59 sit
1112 1548 217 59 possibile
1279 1548 167 59 fieri:
1396 1548 117 59 cum
1463 1548 134 59 scit
1546 1548 134 59 esse
1630 1548 184 59 aliquod
1764 1548 150 59 agens
1864 1548 217 59 infinitae
2014 1548 184 59 virtutis.

435 1600 119 67 Nec
503 1600 154 67 etiam
606 1600 102 67 ex
657 1600 256 67 philosophia
861 1600 154 67 debet
964 1600 205 67 asserere
1117 1600 136 67 quod
1203 1600 154 67 illud
1305 1600 119 67 non
1373 1600 171 67 possit
1493 1600 171 67 fieri:
1612 1600 136 67 quia
1697 1600 188 67 ignorat
1834 1600 188 67 quomodo
1970 1600 154 67 fieri
2056 1600 136 67 possit

434 1656 166 63 supra
544 1656 240 63 consuetum
729 1656 185 63 cursum
859 1656 222 63 naturae:
1025 1656 111 63 vt
1081 1656 166 63 demus
1192 1656 148 63 deum
1284 1656 203 63 aliquid
1432 1656 185 63 posse:
1561 1656 148 63 quod
1654 1656 129 63 nos
1728 1656 203 63 fatemur
1876 1656 277 63 inuestigare
2098 1656 129 63 non

444 1713 161 58 posse:
557 1713 145 58 sicut
653 1713 145 58 dicit
750 1713 225 58 Augustinus
926 1713 97 58 in
975 1713 193 58 epistola
1119 1713 97 58 ad
1168 1713 241 58 Volusianum.
1361 1713 97 58 Et
1409 1713 145 58 forte
1505 1713 97 58 si
1554 1713 161 58 aliqui
1666 1713 225 58 praesumant
1843 1713 161 58 dicere
1956 1713 129 58 quod
2036 1713 145 58 extra
2117 1713 80 58 cur

429 1765 128 62 sum
502 1765 237 62 consuetum
684 1765 200 62 naturae
830 1765 182 62 primum
957 1765 255 62 principium
1158 1765 164 62 nihil
1267 1765 182 62 posset
1394 1765 182 62 agere:
1522 1765 128 62 hoc
1595 1765 109 62 re
1649 1765 146 62 vera
1741 1765 182 62 humana
1868 1765 237 62 temeritas
2032 1765 164 62 confin-

438 1817 141 66 git:
526 1817 123 66 nec
597 1817 158 66 recta
702 1817 158 66 ratio
808 1817 106 66 ex
860 1817 246 66 principiis
1054 1817 281 66 philosophiae
1283 1817 193 66 dictat.
1423 1817 141 66 Vnde
1511 1817 158 66 sicut
1617 1817 246 66 temerarius
1810 1817 229 66 theologus
1986 1817 211 66 ignorans
2127 1817 70 66 ea

437 1873 123 56 quae
514 1873 123 56 sunt
591 1873 262 56 philosophiae:
806 1873 139 56 multa
898 1873 154 56 potest
1006 1873 185 56 reputare
1145 1873 139 56 falsa
1237 1873 92 56 in
1283 1873 200 56 scientiis
1437 1873 262 56 philosophicis
1652 1873 123 56 quae
1729 1873 139 56 tamen
1822 1873 123 56 sunt
1899 1873 215 56 verissima:
2068 1873 77 56 &
2083 1873 108 56 crede

428 1926 96 60 re
476 1926 112 60 hoc
540 1926 96 60 se
588 1926 160 60 habere
699 1926 96 60 ex
747 1926 223 60 principiis
923 1926 255 60 theologicis:
1130 1926 96 60 in
1178 1926 160 60 quibus
1290 1926 192 60 deceptus
1434 1926 128 60 est:
1514 1926 112 60 sic
1577 1926 223 60 econtrario
1753 1926 223 60 temerarius
1929 1926 239 60 philosophus
2104 1926 80 60 mul

439 1978 94 63 ta
486 1978 156 63 potest
595 1978 187 63 reputare
736 1978 125 63 esse
814 1978 140 63 falsa
907 1978 94 63 in
954 1978 109 63 hac
1016 1978 203 63 scientia,
1172 1978 125 63 quae
1250 1978 140 63 tamen
1344 1978 125 63 sunt
1422 1978 218 63 verissima:
1593 1978 78 63 &
1625 1978 172 63 credere
1749 1978 109 63 hoc
1812 1978 94 63 se
1859 1978 156 63 habere
1968 1978 94 63 ex
1999 1978 187 63 principiis

444 2030 290 74 philosophicis,
685 2030 97 74 in
734 2030 161 74 quibus
846 2030 193 74 deceptus
991 2030 129 74 est,
1072 2030 113 74 vel
1136 2030 129 74 quae
1217 2030 129 74 male
1297 2030 97 74 ad
1346 2030 129 74 vera
1426 2030 225 74 theologica
1603 2030 225 74 destruenda
1780 2030 209 74 applicat.
1941 2030 145 74 sicut
2022 2030 161 74 Comment.

441 2085 141 68 ille
530 2085 247 68 haereticus
724 2085 159 68 Auer.
830 2085 176 68 super.
953 2085 141 68 xii.
1041 2085 194 68 Metaph.
1182 2085 265 68 impossibile
1394 2085 194 68 reputat
1535 2085 141 68 deum
1623 2085 141 68 esse
1712 2085 176 68 trinum
1835 2085 88 68 &
1870 2085 159 68 vnum:
1976 2085 141 68 quia
2065 2085 106 68 vt
2100 2085 88 68 di-

431 2151 130 60 cit,
512 2151 114 60 non
577 2151 179 60 possunt
708 2151 130 60 esse
789 2151 130 60 tres
871 2151 130 60 nisi
953 2151 98 60 in
1001 2151 114 60 eis
1067 2151 212 60 numeretur
1230 2151 245 60 substantia.
1426 2151 82 60 &
1458 2151 114 60 non
1523 2151 228 60 intellexit
1703 2151 130 60 quid
1784 2151 163 60 dixit.
1898 2151 179 60 Propter
2029 2151 130 60 quod
2110 2151 114 60 di-

436 2192 112 65 cit
500 2192 224 65 Augustinus
676 2192 96 65 in
724 2192 192 65 epistola
868 2192 160 65 quadam
980 2192 96 65 ad
1028 2192 224 65 Marcellum.
1204 2192 96 65 Si
1252 2192 144 65 ratio
1348 2192 160 65 contra
1460 2192 208 65 diuinarum
1620 2192 256 65 scripturarum
1828 2192 256 65 auctoritatem
2020 2192 176 65 redditur:

439 2249 207 60 quamlibet
598 2249 143 60 acuta
694 2249 127 60 sit,
774 2249 159 60 fallit
885 2249 127 60 veri
965 2249 271 60 similitudine:
1188 2249 111 60 nam
1251 2249 127 60 vera
1331 2249 127 60 esse
1411 2249 111 60 non
1474 2249 175 60 potest.
1602 2249 159 60 Rursum
1713 2249 96 60 si
1761 2249 223 60 manifestae
1936 2249 207 60 certaeque
2080 2249 111 60 ratio

437 2303 102 54 ni
488 2303 154 54 velut
591 2303 273 54 scripturarum
813 2303 205 54 sacrarum
966 2303 222 54 obiicitur
1137 2303 256 54 auctoritas,
1342 2303 120 54 non
1410 2303 239 54 intelligit
1598 2303 120 54 qui
1667 2303 120 54 hoc
1735 2303 171 54 facit,
1854 2303 85 54 &
1889 2303 120 54 non
1940 2303 239 54 scripturarum

433 2350 200 61 illarum
578 2350 200 61 sensum,
724 2350 109 61 ad
778 2350 146 61 quem
869 2350 236 61 penetrare
1051 2350 127 61 non
1124 2350 200 61 potuit:
1269 2350 127 61 sed
1342 2350 146 61 suum
1433 2350 182 61 potius
1560 2350 218 61 opponit.
1724 2350 236 61 veritati.
1942 2350 146 61 ltem
2015 2350 182 61 Paulinus

446 2405 105 68 in
499 2405 211 68 epistola
657 2405 105 68 ad
710 2405 158 68 Augu.
815 2405 228 68 Haeretici
991 2405 123 68 qui
1061 2405 228 68 doctrinas
1236 2405 263 68 daemoniorum
1447 2405 88 68 &
1482 2405 246 68 sequuntur,
1675 2405 88 68 &
1710 2405 193 68 promunt
1851 2405 228 68 conceptis
2026 2405 105 68 ab
2061 2405 123 68 eorum

437 2462 198 59 spiritu
581 2462 361 59 adinuentionibus,
888 2462 144 59 quae
978 2462 126 59 non
1050 2462 216 59 viderunt
1212 2462 270 59 phantasmata
1429 2462 162 59 quasi
1537 2462 144 59 visa
1627 2462 252 59 singentes:
1825 2462 90 59 &
1861 2462 252 59 pestiferis
2042 2462 144 59 dispu-

443 2517 236 70 tationibus
629 2517 152 70 corda
730 2517 135 70 male
815 2517 186 70 credula
950 2517 253 70 seminantes:
1152 2517 101 70 hi
1203 2517 135 70 sunt
1287 2517 118 70 qui
1355 2517 118 70 non
1422 2517 169 70 tenent
1540 2517 169 70 caput.
1659 2517 101 70 i.
1709 2517 203 70 Christum
1861 2517 169 70 fontem
1979 2517 236 70 veritatis:

439 2570 136 59 cuius
530 2570 196 59 doctrinae
681 2570 181 59 quicquod
817 2570 227 59 aduersatur,
998 2570 166 59 insanum
1119 2570 121 59 est.
1225 2570 121 59 ltem
1300 2570 212 59 Augustinus
1467 2570 91 59 in
1512 2570 181 59 epistola
1648 2570 91 59 ad
1693 2570 227 59 Consentium.
1875 2570 121 59 Illa
1950 2570 136 59 ratio
2041 2570 121 59 quae
2116 2570 106 59 per

432 2627 158 60 suasit
543 2627 95 60 in
590 2627 95 60 ea
638 2627 206 60 trinitate
796 2627 127 60 quae
875 2627 127 60 deus
954 2627 127 60 est,
1033 2627 158 60 filium
1144 2627 111 60 non
1207 2627 127 60 esse
1286 2627 142 60 patri
1381 2627 237 60 coaeternum:
1571 2627 79 60 &
1603 2627 190 60 alterius
1745 2627 127 60 esse
1824 2627 253 60 substantiae:
2030 2627 142 60 atque
2109 2627 79 60 ali

440 2686 126 60 qua
512 2686 162 60 parte
620 2686 270 60 dissimilem,
835 2686 90 60 &
871 2686 108 60 ex
925 2686 144 60 modo
1015 2686 270 60 inferiorem:
1231 2686 126 60 Non
1303 2686 144 60 ideo
1392 2686 144 60 quia
1482 2686 180 60 ratio:
1608 2686 126 60 sed
1680 2686 144 60 quia
1770 2686 162 60 falsa
1878 2686 180 60 ratio:
2003 2686 198 60 cauenda
2129 2686 54 60 &

440 2732 241 57 detestanda
629 2732 189 57 dicenda
767 2732 138 57 est.
853 2732 120 57 Nam
921 2732 103 57 si
973 2732 155 57 ratio
1076 2732 138 57 vera
1162 2732 172 57 esset,
1283 2732 120 57 non
1351 2732 172 57 vtique
1472 2732 224 57 errasset.
1644 2732 241 57 Quapropter
1833 2732 155 57 sicut
1936 2732 120 57 non
2005 2732 138 57 ideo
2074 2732 120 57 debes

443 2785 153 68 omnem
545 2785 170 68 vitare
664 2785 221 68 rationem:
834 2785 136 68 quia
919 2785 119 68 est
987 2785 85 68 &
1021 2785 153 68 falsa
1123 2785 170 68 ratio:
1242 2785 119 68 hoc
1310 2785 85 68 &
1345 2785 102 68 de
1396 2785 221 68 sapientia
1566 2785 204 68 dixerim:
1719 2785 153 68 neque
1821 2785 136 68 enim
1906 2785 221 68 propterea
2059 2785 136 68 sapiem

443 2839 97 63 tia
498 2839 152 63 vitanda
609 2839 110 63 est:
678 2839 110 63 quia
747 2839 97 63 est
802 2839 69 63 &
830 2839 124 63 falsa
913 2839 193 63 sapientia.
1065 2839 83 63 Et
1106 2839 124 63 dixit
1189 2839 193 63 Augustinus
1341 2839 110 63 haec
1410 2839 138 63 contra
1507 2839 207 63 Consentium:
1672 2839 110 63 quia
1741 2839 110 63 ille
1810 2839 124 63 dixit
1893 2839 110 63 quod
1962 2839 83 63 in
2004 2839 97 63 eis
2059 2839 110 63 quae
2114 2839 83 63 sunt

436 2891 141 74 fidei
530 2891 78 74 &
561 2891 156 74 sacrae
671 2891 234 74 scripturae:
858 2891 109 74 non
920 2891 172 74 rationi
1045 2891 109 74 sed
1108 2891 234 74 auctoritati
1295 2891 203 74 credendum
1451 2891 125 74 est:
1530 2891 125 74 quia
1608 2891 203 74 haeretici
1764 2891 109 74 non
1826 2891 203 74 errassent
1982 2891 94 74 si
2014 2891 187 74 scripturis

441 2943 243 71 sacrismagis
635 2943 130 71 quam
717 2943 130 71 suis
798 2943 227 71 rationibus
976 2943 243 71 accommodare
1171 2943 146 71 fidem
1268 2943 195 71 mallent.
1414 2943 114 71 Per
1479 2943 130 71 haec
1560 2943 162 71 patent
1674 2943 97 71 in
1722 2943 146 71 parte
1820 2943 178 71 obiecta
1950 2943 97 71 in
1982 2943 211 71 contrarium.

456 2996 171 72 Quia
563 2996 171 72 ergo
670 2996 257 72 arguitur
863 2996 193 72 primo
991 2996 171 72 quod
1098 2996 214 72 mundus
1248 2996 343 72 philosophica
1527 2996 300 72 traditione
1763 2996 236 72 armatus
1934 2996 171 72 erat
2020 2996 171 72 contra

440 3057 131 65 deum:
527 3057 174 65 Dicendum
657 3057 116 65 quod
730 3057 131 65 aliud
817 3057 102 65 est
875 3057 145 65 dicere
976 3057 247 65 philosophiam:
1179 3057 131 65 aliud
1266 3057 116 65 vero
1339 3057 247 65 philosophicam
1542 3057 232 65 traditionem.
1730 3057 218 65 Philosophia
1904 3057 116 65 enim
1977 3057 102 65 est
2035 3057 116 65 vera
2093 3057 102 65 rerum

435 3116 224 66 naturalium
611 3116 208 66 scientia:
771 3116 128 66 quae
851 3116 80 66 a
883 3116 144 66 veris
978 3116 240 66 philosophis
1170 3116 96 66 ex
1218 3116 144 66 rebus
1314 3116 112 66 est
1378 3116 256 66 animaduersa:
1586 3116 112 66 non
1650 3116 96 66 ab
1698 3116 112 66 eis
1761 3116 224 66 instituta.
1937 3116 80 66 &
1969 3116 160 66 semper
2081 3116 144 66 sonat

442 3172 182 83 quantum
575 3172 116 83 est
641 3172 99 83 de
691 3172 99 83 se
740 3172 149 83 nomen
840 3172 265 83 philosophiae
1055 3172 99 83 in
1105 3172 166 83 bonum.
1220 3172 132 83 Vnde
1303 3172 232 83 quaecunque
1485 3172 232 83 philosophi
1667 3172 314 83 conscripserunt:
1932 3172 132 83 quae
2015 3172 132 83 vere
2098 3172 99 83 ex
2131 3172 66 83 re
