2408 3758
177 286 123 83 bus
248 286 351 83 animaduerterunt:
546 286 140 83 illa
633 286 228 83 verissima
808 286 158 83 sunt:
914 286 88 83 &
949 286 228 83 contraria
1124 286 123 83 deo
1194 286 88 83 &
1229 286 175 83 dictis
1352 286 140 83 eius
1439 286 140 83 esse
1527 286 123 83 non
1597 286 210 83 possunt:
1755 286 140 83 quia
1825 286 105 83 crea

176 364 152 59 turae
277 364 135 59 sunt
362 364 152 59 verum
463 364 135 59 opus
547 364 135 59 dei:
631 364 101 59 in
682 364 118 59 quo
749 364 185 59 veritas
884 364 185 59 diuinae
1019 364 236 59 sapientiae
1204 364 202 59 relucet.
1356 364 185 59 Ecclsi.
1491 364 152 59 xlii.
1592 364 169 59 Gloria
1710 364 169 59 domini
1811 364 101 59 ple-

182 417 116 58 num
249 417 116 58 est
315 417 132 58 opus
397 417 149 58 eius.
497 417 83 58 &
530 417 165 58 Eccli.
646 417 99 58 i.
695 417 182 58 Effudit
827 417 149 58 illam
927 417 149 58 super
1026 417 149 58 omnia
1125 417 149 58 opera
1224 417 132 58 sua.
1307 417 265 58 Philosophica
1522 417 149 58 autem
1621 417 198 58 traditio
1770 417 116 58 est
1820 417 99 58 omne

180 465 155 70 illud
283 465 138 70 quod
369 465 103 70 in
420 465 206 70 publicis
575 465 206 70 scriptis
730 465 258 70 reduxerunt:
936 465 155 70 quasi
1039 465 103 70 ex
1091 465 155 70 rebus
1194 465 206 70 veridica
1349 465 309 70 animaduersione
1607 465 292 70 inuestigatum:
1847 465 103 70 in

170 525 162 60 quibus
283 525 130 60 quam
365 525 195 60 plurimum
511 525 146 60 multi
608 525 97 60 ex
657 525 146 60 ipsis
755 525 244 60 errauerunt.
950 525 97 60 Et
998 525 114 60 quo
1063 525 97 60 ad
1112 525 130 60 illa
1193 525 179 60 erronea
1323 525 97 60 in
1372 525 162 60 quibus
1486 525 162 60 mundus
1599 525 114 60 per
1664 525 146 60 ipsos
1762 525 130 60 erat
1843 525 97 60 in

175 580 221 68 structus:
345 580 136 68 quae
430 580 221 68 contraria
600 580 153 68 erant
702 580 187 68 diuinae
838 580 221 68 veritati:
1008 580 153 68 dicit
1109 580 153 68 Glos.
1211 580 153 68 illa:
1313 580 136 68 quia
1398 580 170 68 mundus
1517 580 136 68 erat
1602 580 272 68 philosophica
1806 580 102 68 tra-

170 630 201 60 ditione
316 630 201 60 armatus
462 630 183 60 contra
590 630 164 60 deum.
699 630 146 60 Vnde
791 630 146 60 illa
882 630 219 60 traditio
1046 630 146 60 erat
1138 630 237 60 sapientia
1320 630 183 60 mundi:
1448 630 110 60 de
1503 630 128 60 qua
1576 630 164 60 dicit
1686 630 256 60 Apostolus.
1868 630 55 60 i

175 683 210 59 Corinth.
333 683 140 59 iii.
421 683 228 59 Sapientia
596 683 158 59 huius
701 683 175 59 mundi,
824 683 228 59 stultitia
999 683 123 59 est
1069 683 140 59 apud
1157 683 158 59 deum.
1262 683 105 59 Et
1314 683 193 59 quomodo
1454 683 298 59 deprehenditur
1700 683 140 59 esse
1770 683 140 59 stulti

179 740 142 52 tia,
268 740 177 52 statim
392 740 177 52 subdit
516 740 230 52 Apostolus
693 740 248 52 prophetico
888 740 159 52 vtens
994 740 266 52 testimonio,
1207 740 195 52 dicens.
1349 740 213 52 Scriptum
1508 740 124 52 est
1579 740 159 52 enim:
1668 740 248 52 Comprehendam

171 789 204 63 sapientes
328 789 94 63 in
375 789 172 63 astutia
500 789 125 63 sua.
579 789 110 63 vbi
642 789 141 63 dicit
736 789 141 63 Glos.
830 789 282 63 Comprehendam.d
1065 789 94 63 i.
1112 789 157 63 falsos
1221 789 204 63 ostendam,
1378 789 188 63 faciendo
1519 789 157 63 aliter
1629 789 125 63 quam
1707 789 125 63 ipsi
1770 789 141 63 dicunt.

167 838 248 63 Sapientiam
362 838 142 63 enim
451 838 160 63 illam
558 838 142 63 deus
646 838 177 63 probat
770 838 142 63 esse
859 838 266 63 stultitiam,
1072 838 213 63 faciendo
1232 838 142 63 quod
1321 838 177 63 mundus
1445 838 160 63 posse
1551 838 160 63 fieri
1658 838 213 63 negauit.
1800 838 106 63 Vnde

174 898 221 62 sapientia
344 898 153 62 mundi
446 898 119 62 non
514 898 136 62 vero
599 898 187 62 nomine:
736 898 119 62 sed
804 898 187 62 abusiuo
940 898 221 62 sapientia
1110 898 204 62 dicitur.
1263 898 204 62 secundum
1416 898 136 62 quod
1502 898 153 62 super
1604 898 170 62 illud.
1723 898 102 62 i.
1757 898 153 62 Corint.

164 952 181 67 primo.
291 952 181 67 Perdam
418 952 254 67 sapientiam
618 952 254 67 sapientum.
817 952 163 67 dicit
926 952 181 67 Gloss.
1053 952 127 67 Non
1126 952 145 67 vera
1216 952 236 67 sapientia
1398 952 218 67 perditur
1561 952 91 67 a
1597 952 200 67 domino:
1743 952 127 67 sed
1797 952 109 67 fal-

167 1006 103 54 si
218 1006 190 54 nominis
356 1006 224 54 scientia,
529 1006 138 54 quam
615 1006 138 54 sibi
701 1006 276 54 thesaurizant
925 1006 172 54 lingua
1046 1006 224 54 mendacii,
1218 1006 86 54 &
1253 1006 224 54 deficiunt
1425 1006 241 54 scrutantes
1615 1006 241 54 scrutinia.
1787 1006 121 54 Secun

166 1059 118 67 dum
234 1059 135 67 enim
318 1059 135 67 quod
403 1059 186 67 dicitur
538 1059 102 67 in
589 1059 152 67 Psal.
691 1059 186 67 Dominus
826 1059 135 67 scit
911 1059 271 67 cogitationes
1131 1059 203 67 hominum:
1283 1059 186 67 quoniam
1418 1059 152 67 vanae
1520 1059 152 67 sunt.
1621 1059 102 67 i.
1672 1059 186 67 falsae.
1791 1059 118 67 dicit

167 1108 168 62 Glos.
280 1108 168 62 super
392 1108 187 62 illud:
523 1108 318 62 Comprehendam.
785 1108 150 62 Vnde
878 1108 168 62 talem
990 1108 243 62 doctrinam
1177 1108 224 62 hortatur
1346 1108 243 62 Apostolus
1533 1108 187 62 fugere
1664 1108 131 62 cum
1739 1108 168 62 dicit
1832 1108 75 62 Co

169 1164 183 72 lossen.
302 1164 116 72 ii.
369 1164 100 72 Ne
419 1164 266 72 tetigeritis:
635 1164 150 72 neque
735 1164 283 72 gustaueritis:
968 1164 150 72 neque
1068 1164 349 72 contrectaueritis,
1367 1164 133 72 quae
1450 1164 150 72 omnia
1550 1164 133 72 sunt
1633 1164 100 72 in
1683 1164 200 72 interitu
1816 1164 100 72 ipso

164 1221 153 67 vsu:
260 1221 230 67 secundum
432 1221 249 67 praecepta
624 1221 96 67 &
662 1221 249 67 doctrinas
854 1221 230 67 hominum:
1027 1221 153 67 quae
1123 1221 153 67 sunt
1219 1221 230 67 rationem
1391 1221 192 67 quidem
1525 1221 230 67 habentia
1679 1221 230 67 sapientiae

165 1276 111 62 in
221 1276 333 62 superstitione.
536 1276 130 62 Per
610 1276 148 62 idem
702 1276 167 62 patet
814 1276 241 62 secundum:
999 1276 204 62 quoniam
1147 1276 130 62 per
1221 1276 167 62 veram
1332 1276 259 62 sapientiam
1536 1276 204 62 verorum
1665 1276 241 62 philosopho-

176 1329 128 58 rum:
256 1329 144 58 nihil
352 1329 208 58 euacuatur
512 1329 144 58 eorum
608 1329 128 58 quae
688 1329 128 58 sunt
768 1329 160 58 fidei:
880 1329 96 58 vt
928 1329 160 58 dictum
1040 1329 128 58 est.
1119 1329 112 58 sed
1183 1329 96 58 si
1231 1329 128 58 quid
1311 1329 224 58 euacuatur,
1487 1329 112 58 hoc
1551 1329 112 58 est
1615 1329 112 58 per
1679 1329 160 58 falsam
1775 1329 128 58 falso-

165 1382 102 60 rum
224 1382 247 60 philosophorum
427 1382 218 60 sapientiam:
601 1382 116 60 quae
673 1382 160 60 dicitur
789 1382 189 60 sapientia
934 1382 145 60 verbi.
1036 1382 116 60 quia
1108 1382 160 60 dicitur
1224 1382 203 60 sapientia:
1384 1382 116 60 etsi
1456 1382 102 60 non
1514 1382 116 60 sit,
1587 1382 87 60 vt
1630 1382 131 60 dicit
1717 1382 145 60 Gloss.
1848 1382 87 60 Ad

171 1432 167 62 tertium
292 1432 121 62 quod
368 1432 136 62 aliae
459 1432 197 62 scientiae
610 1432 76 62 &
640 1432 121 62 ista
716 1432 121 62 dant
792 1432 197 62 contraria
943 1432 167 62 iudicia
1064 1432 136 62 circa
1155 1432 136 62 idem:
1246 1432 121 62 quae
1322 1432 121 62 ambo
1397 1432 121 62 sunt
1473 1432 136 62 vera:
1564 1432 182 62 Dicendum
1700 1432 121 62 quod
1776 1432 106 62 est
1821 1432 91 62 quod

167 1486 122 61 dam
236 1486 210 61 iudicium
394 1486 157 61 circa
499 1486 245 61 praesentia
691 1486 87 61 &
726 1486 262 61 praeterita:
935 1486 87 61 &
970 1486 157 61 illud
1075 1486 122 61 est
1145 1486 297 61 determinatum:
1390 1486 140 61 quia
1477 1486 157 61 circa
1582 1486 140 61 illa
1669 1486 105 61 ex
1722 1486 175 61 natura
1827 1486 87 61 rei

172 1547 124 65 est
243 1547 195 65 veritas
385 1547 284 65 determinata:
616 1547 124 65 nec
687 1547 142 65 vllo
776 1547 142 65 modo
865 1547 195 65 possunt
1007 1547 160 65 circa
1113 1547 142 65 idem
1202 1547 142 65 esse
1291 1547 231 65 contraria
1468 1547 195 65 iudicia
1610 1547 160 65 vera.
1717 1547 160 65 Aliud
1805 1547 107 65 vero

170 1593 120 78 est
239 1593 206 78 iudicium
393 1593 155 78 circa
496 1593 189 78 futura,
634 1593 103 78 in
685 1593 172 78 quibus
806 1593 120 78 est
875 1593 189 78 veritas
1012 1593 189 78 quantum
1150 1593 120 78 est
1218 1593 103 78 ex
1270 1593 172 78 natura
1390 1593 120 78 rei
1459 1593 309 78 indeterminata:
1717 1593 138 78 nisi
1785 1593 138 78 deter-

171 1649 192 66 minatio
310 1649 105 66 ei
363 1649 227 66 contingat
537 1649 105 66 ex
590 1649 122 66 sua
660 1649 175 66 causa:
782 1649 87 66 &
817 1649 140 66 ideo
904 1649 122 66 non
974 1649 175 66 potest
1097 1649 157 66 circa
1202 1649 140 66 illa
1289 1649 105 66 in
1341 1649 210 66 veritate
1499 1649 140 66 esse
1586 1649 210 66 iudicium
1726 1649 192 66 determina

178 1701 104 66 tum
237 1701 148 66 aliter
341 1701 118 66 quam
415 1701 89 66 ex
459 1701 104 66 sua
519 1701 133 66 causa
607 1701 74 66 a
637 1701 104 66 qua
696 1701 133 66 fieri
785 1701 163 66 habent.
903 1701 118 66 Nunc
977 1701 133 66 autem
1066 1701 104 66 ita
1126 1701 118 66 est:
1200 1701 118 66 quod
1274 1701 89 66 in
1318 1701 163 66 talibus
1436 1701 148 66 duplex
1540 1701 104 66 est
1599 1701 133 66 causa
1688 1701 133 66 fieri
1777 1701 118 66 rei.
1836 1701 74 66 vna

166 1758 255 69 particularis
373 1758 80 69 &
405 1758 191 69 proxima:
549 1758 128 69 alia
628 1758 239 69 vniuersalis
820 1758 80 69 &
852 1758 159 69 prima.
963 1758 128 69 quae
1043 1758 112 69 sic
1107 1758 96 69 se
1155 1758 159 69 habent
1266 1758 144 69 inter
1362 1758 112 69 se:
1426 1758 128 69 quod
1505 1758 112 69 non
1569 1758 112 69 fit
1633 1758 112 69 res
1697 1758 144 69 neque
1776 1758 128 69 potest

176 1813 158 58 fieri
282 1813 88 58 a
317 1813 193 58 proxima
457 1813 140 58 nisi
545 1813 123 58 per
615 1813 193 58 primam.
756 1813 193 58 econtra
896 1813 158 58 autem
1002 1813 88 58 a
1037 1813 158 58 prima
1142 1813 158 58 multa
1248 1813 158 58 fieri
1353 1813 193 58 possunt
1494 1813 123 58 non
1564 1813 123 58 per
1634 1813 228 58 proximam:
1810 1813 88 58 &
1827 1813 88 58 hoc

178 1863 148 69 maxime
282 1863 89 69 ab
326 1863 118 69 illa
400 1863 118 69 quae
474 1863 104 69 est
533 1863 222 69 simpliciter
711 1863 133 69 prima
799 1863 163 69 omnium:
918 1863 118 69 quae
991 1863 177 69 effectus
1125 1863 148 69 omnium
1228 1863 177 69 causarum
1361 1863 207 69 proximarum
1524 1863 104 69 per
1583 1863 89 69 se
1627 1863 148 69 potest
1731 1863 192 69 producere
1864 1863 59 69 si

177 1924 99 68 ne
227 1924 165 68 causis
343 1924 215 68 proximis:
508 1924 149 68 licet
607 1924 116 68 hoc
674 1924 198 68 negarent
822 1924 149 68 falsi
922 1924 248 68 philosophi:
1120 1924 99 68 vt
1170 1924 149 68 alias
1269 1924 232 68 videbitur.
1451 1924 182 68 Propter
1583 1924 132 68 quod
1666 1924 232 68 quaecunque
1831 1924 83 68 res

165 1971 171 57 futura
285 1971 137 57 quae
370 1971 137 57 nata
456 1971 120 57 est
524 1971 154 57 fieri
627 1971 103 57 ab
678 1971 222 57 vtrisque:
849 1971 154 57 magis
952 1971 205 57 sequitur
1106 1971 222 57 huiusmodi
1277 1971 171 57 causam
1397 1971 171 57 primam
1516 1971 137 57 quam
1602 1971 222 57 proximam:
1773 1971 86 57 &
1790 1971 120 57 magis

167 2025 233 71 iudicanda
346 2025 125 71 est
418 2025 143 71 esse
507 2025 179 71 futura
632 2025 125 71 vel
704 2025 125 71 non
775 2025 179 71 futura
900 2025 215 71 secundum
1061 2025 179 71 causam
1187 2025 179 71 primam
1312 2025 143 71 quam
1401 2025 215 71 secundum
1562 2025 233 71 proximam:
1741 2025 125 71 ita
1795 2025 107 71 quod

161 2078 99 62 si
210 2078 115 62 sit
276 2078 165 62 futura
391 2078 181 62 actione
523 2078 165 62 causae
638 2078 181 62 primae,
770 2078 82 62 &
803 2078 115 62 sit
869 2078 115 62 non
935 2078 165 62 futura
1050 2078 181 62 actione
1182 2078 165 62 causae
1297 2078 214 62 proximae,
1462 2078 247 62 simpliciter
1660 2078 148 62 debet
1742 2078 165 62 iudicari

170 2133 146 58 esse
261 2133 201 58 futura,
407 2133 91 58 &
444 2133 128 58 non
517 2133 183 58 futura
645 2133 219 58 secundum
809 2133 164 58 quid.
919 2133 146 58 Vnde
1010 2133 164 58 verus
1120 2133 164 58 iudex
1229 2133 110 58 ex
1284 2133 183 58 causis
1412 2133 274 58 naturalibus
1631 2133 219 58 proximis
1777 2133 128 58 nihil

163 2181 150 77 debet
263 2181 200 77 iudicare
414 2181 200 77 futurum:
564 2181 133 77 nisi
647 2181 117 77 sub
714 2181 234 77 conditione
897 2181 100 77 si
947 2181 150 77 causa
1048 2181 150 77 prima
1148 2181 200 77 congruat
1298 2181 167 77 causae
1415 2181 217 77 proximae:
1581 2181 167 77 aliter
1698 2181 133 77 enim
1765 2181 150 77 frequem

166 2250 122 64 ter
235 2250 192 64 poterit
375 2250 192 64 errare:
514 2250 157 64 sicut
618 2250 157 64 patet
723 2250 104 64 in
775 2250 192 64 exemplo
914 2250 244 64 proposito.
1106 2250 209 64 Exechias
1263 2250 139 64 enim
1350 2250 192 64 quantum
1489 2250 139 64 erat
1576 2250 104 64 ex
1628 2250 174 64 causis
1733 2250 174 64 proximis

157 2295 280 57 aegritudinis
385 2295 140 57 suae
473 2295 228 57 moriturus
648 2295 158 57 erat:
753 2295 123 57 nec
823 2295 158 57 tamen
928 2295 88 57 a
963 2295 175 57 medico
1086 2295 105 57 ex
1138 2295 123 57 hoc
1208 2295 175 57 debuit
1331 2295 385 57 iudicariimoriturus
1664 2295 280 57 simpliciter:

163 2347 117 73 sed
230 2347 151 73 solum
331 2347 117 73 sub
398 2347 251 73 conditione:
599 2347 101 73 si
649 2347 151 73 causa
750 2347 151 73 prima
850 2347 218 73 perageret
1018 2347 184 73 cursum:
1152 2347 134 73 quem
1236 2347 117 73 cum
1303 2347 168 73 causis
1420 2347 201 73 proximis
1571 2347 268 73 aegritudinis
1772 2347 134 73 illius

169 2401 118 67 iam
236 2401 151 67 agere
337 2401 219 67 coeperat.
505 2401 118 67 sed
573 2401 101 67 ab
623 2401 235 67 inspectore
808 2401 168 67 diuini
926 2401 219 67 consilii,
1094 2401 84 67 &
1128 2401 168 67 causae
1245 2401 168 67 primae
1363 2401 168 67 potius
1481 2401 168 67 debuit
1598 2401 202 67 iudicari
1733 2401 168 67 victurus

164 2457 270 69 simpliciter:
384 2457 135 69 quia
468 2457 152 69 vidit
570 2457 169 69 causam
688 2457 169 69 primam
806 2457 101 69 se
857 2457 237 69 subtrahere
1043 2457 169 69 debere
1161 2457 101 69 ab
1212 2457 186 69 actione
1347 2457 135 69 quam
1432 2457 203 69 coeperat
1584 2457 118 69 cum
1651 2457 169 69 causis
1753 2457 152 69 aegritu

174 2510 146 55 dinis
271 2510 211 55 proximis,
434 2510 81 55 &
466 2510 325 55 supernaturaliter
743 2510 146 55 agere
841 2510 114 55 cum
906 2510 228 55 principiis
1085 2510 179 55 &causis
1215 2510 211 55 sanitatis
1377 2510 163 55 contra
1491 2510 163 55 causas
1605 2510 276 55 aegritudinis.
1816 2510 98 55 Veri

165 2561 132 60 dica
247 2561 165 60 igitur
362 2561 181 60 iudicia
494 2561 148 60 huius
593 2561 214 60 scientiae
758 2561 82 60 &
791 2561 181 60 aliarum
923 2561 148 60 circa
1022 2561 132 60 idem
1105 2561 115 60 non
1171 2561 181 60 possunt
1303 2561 132 60 esse
1385 2561 231 60 contraria,
1567 2561 132 60 nisi
1649 2561 198 60 secundum
1798 2561 148 60 quid.

188 2614 142 62 Vnde
277 2614 196 62 iudicia
419 2614 213 62 absoluta
579 2614 142 62 quae
668 2614 213 62 sumuntur
828 2614 89 62 a
864 2614 178 62 causis
988 2614 213 62 proximis
1148 2614 160 62 etiam
1255 2614 107 62 in
1308 2614 267 62 voluntariis
1522 2614 178 62 omissa
1646 2614 160 62 causa
1753 2614 160 62 prima
1842 2614 71 62 re

170 2668 170 66 probat
289 2668 136 66 lac.
374 2668 102 66 in
424 2668 153 66 cano.
526 2668 136 66 sua.
611 2668 187 66 dicens.
747 2668 136 66 Ecce
832 2668 136 66 nunc
916 2668 204 66 dicitis,
1069 2668 153 66 hodie
1171 2668 119 66 aut
1239 2668 136 66 cras
1323 2668 170 66 ibimus
1442 2668 102 66 in
1493 2668 220 66 ciuitatem
1663 2668 170 66 illam:
1781 2668 85 66 &
1798 2668 119 66 facie

175 2728 124 58 mus
246 2728 124 58 ibi
317 2728 177 58 annum:
441 2728 89 58 &
477 2728 248 58 mercabimur
671 2728 89 58 &
707 2728 159 58 lucra
813 2728 230 58 faciemus:
990 2728 124 58 qui
1061 2728 230 58 ignoratis
1239 2728 142 58 quid
1327 2728 124 58 sit
1398 2728 159 58 vobis
1504 2728 195 58 futurum
1646 2728 106 58 in
1699 2728 248 58 crastinum:

174 2777 112 66 pro
238 2777 96 66 eo
286 2777 128 66 quod
367 2777 177 66 dicatis
495 2777 96 66 si
543 2777 160 66 domins
655 2777 209 66 voluerit:
816 2777 80 66 &
848 2777 96 66 si
896 2777 225 66 vixerimus,
1073 2777 193 66 faciemus
1217 2777 112 66 hoc
1281 2777 112 66 vel
1345 2777 160 66 illud.
1458 2777 160 66 vbiide
1570 2777 289 66 praesumptuosis
1795 2777 112 66 dixit

169 2829 161 66 Glos.
277 2829 108 66 In
330 2829 125 66 his
402 2829 197 66 omnibus
546 2829 197 66 superni
689 2829 197 66 iudicis
832 2829 179 66 examen
958 2829 108 66 ad
1012 2829 179 66 mentem
1137 2829 215 66 reuocare
1298 2829 269 66 contemnunt.
1514 2829 143 66 Quia
1603 2829 143 66 ergo
1693 2829 143 66 ista
1765 2829 143 66 scien-

168 2879 129 76 tia
241 2879 166 76 dicit
352 2879 221 76 secundum
518 2879 203 76 diuinum
666 2879 240 76 consilium
850 2879 221 76 Exechiam
1016 2879 240 76 victurum,
1201 2879 166 76 verum
1311 2879 166 76 dixit
1422 2879 295 76 simpliciter:
1662 2879 148 76 quod
1754 2879 148 76 vero
1828 2879 92 76 me-

169 2936 184 77 dicina
298 2936 166 77 dixit
408 2936 166 77 ipsum
519 2936 258 77 moriturum:
722 2936 184 77 falsum
851 2936 166 77 dixit
962 2936 295 77 simpliciter:
1202 2936 92 77 &
1238 2936 166 77 verum
1349 2936 221 77 secundum
1515 2936 166 77 quid.
1626 2936 92 77 &
1663 2936 111 77 ex
1718 2936 129 77 hoc
1773 2936 148 77 dictum

174 2992 118 74 est
242 2992 168 74 supra:
359 2992 135 74 quod
444 2992 135 74 ista
528 2992 202 74 scientia
680 2992 152 74 omnes
781 2992 253 74 subalternat
983 2992 101 74 in
1033 2992 185 74 dicendo
1168 2992 185 74 propter
1303 2992 152 74 quid.
