2367 3783
429 303 167 85 agens
541 303 223 85 superius
708 303 149 85 actu
801 303 241 85 perfectum
986 303 204 85 illorum
1135 303 278 85 cognitione,
1358 303 186 85 aliqua
1488 303 204 85 illorum
1636 303 260 85 cognitione
1840 303 260 85 imperfecta
2044 303 93 85 &
2063 303 130 85 obum-

417 376 166 62 brata
527 376 166 62 primo
638 376 239 62 imbuatur,
822 376 129 62 per
895 376 147 62 quam
987 376 110 62 ad
1043 376 239 62 perfectam
1227 376 239 62 proficere
1411 376 203 62 possit.
1558 376 166 62 Sicut
1669 376 147 62 ergo
1761 376 110 62 in
1816 376 276 62 disciplinis
2018 376 166 62 discen-

431 434 108 69 ti
485 434 162 69 primo
593 434 270 69 proponuntur
809 434 216 69 quaedam,
971 434 90 69 &
1007 434 162 69 tamen
1115 434 252 69 faciliora:
1314 434 180 69 quorum
1440 434 216 69 rationes
1602 434 180 69 statim
1728 434 180 69 capere
1854 434 126 69 non
1926 434 198 69 potest:
2052 434 126 69 pote-

420 487 129 74 rit
493 487 165 74 autem
603 487 202 74 postea:
750 487 92 74 &
787 487 165 74 tamen
897 487 147 74 sine
989 487 165 74 illis
1099 487 129 74 non
1173 487 184 74 posset
1301 487 239 74 ascendere
1485 487 110 74 ad
1540 487 220 74 altiora:
1705 487 147 74 ideo
1797 487 220 74 secundum
1944 487 239 74 philosophum

423 554 212 59 oportet
577 554 135 59 eum
654 554 212 59 credere
808 554 135 59 qui
885 554 212 59 discit:
1038 554 135 59 sic
1115 554 115 59 in
1173 554 192 59 claram
1308 554 231 59 notitiam
1481 554 135 59 dei
1558 554 96 59 &
1597 554 250 59 diuinorum
1789 554 154 59 homo
1885 554 231 59 deuenire
2058 554 135 59 non
2116 554 77 59 po

430 597 167 65 test:
542 597 148 65 nisi
635 597 111 65 ei
690 597 167 65 primo
802 597 278 65 proponantur
1024 597 204 65 quaedam
1173 597 241 65 credenda:
1358 597 186 65 quorum
1488 597 223 65 rationes
1655 597 186 65 statim
1785 597 186 65 capere
1915 597 130 65 non
1989 597 204 65 potest:
2119 597 74 65 ex

430 659 191 57 quorum
564 659 306 57 manuductione
813 659 115 57 ad
870 659 306 57 perfectiorem
1119 659 230 57 notitiam
1291 659 230 57 gradatim
1464 659 268 57 perueniat:
1674 659 96 57 &
1712 659 191 57 semper
1846 659 249 57 proficiat
2019 659 172 57 quandiu

431 708 127 60 sit
504 708 109 60 in
558 708 127 60 hac
631 708 164 60 vita,
740 708 164 60 donec
849 708 109 60 in
903 708 182 60 futuro
1031 708 109 60 ad
1085 708 236 60 perfectam
1267 708 236 60 perueniat
1449 708 236 60 visionem:
1631 708 145 60 quae
1721 708 164 60 fidei
1830 708 236 60 succedet.
2012 708 145 60 Haec
2085 708 109 60 sunt

429 756 143 73 illa
518 756 143 73 quae
608 756 214 73 docentur
768 756 125 73 per
840 756 143 73 hanc
929 756 250 73 scientiam.
1125 756 143 73 ldeo
1214 756 214 73 dicendum
1375 756 286 73 simpliciter,
1607 756 143 73 quod
1696 756 178 73 homini
1821 756 143 73 haec
1910 756 214 73 scientia
2053 756 125 73 summe

435 813 227 65 necessaria
613 813 129 65 est:
694 813 81 65 &
726 813 113 65 hoc
791 813 113 65 est
856 813 129 65 quod
937 813 178 65 dicitur
1066 813 97 65 in
1115 813 275 65 collationibus
1341 813 178 65 patrum:
1471 813 243 65 collatione.
1665 813 97 65 x.
1714 813 178 65 Quantum
1843 813 194 65 operatio
1989 813 162 65 nostra
2086 813 97 65 sese

434 865 138 70 habet
525 865 214 70 cuiuslibet
694 865 138 70 artis
785 865 122 70 siue
862 865 229 70 disciplinae
1045 865 214 70 perfectio:
1213 865 168 70 necesse
1336 865 107 70 est
1397 865 92 70 vt
1443 865 199 70 quibusdam
1596 865 199 70 mollibus.
1749 865 199 70 incipiens
1902 865 214 70 rudimentis
2054 865 138 70 facilio

423 920 164 63 ribus
532 920 183 63 primum
660 920 110 63 ac
715 920 256 63 tenerrimis
916 920 201 63 initiis
1062 920 237 63 imbuatur:
1244 920 110 63 vt
1299 920 183 63 quodam
1427 920 237 63 rationali
1610 920 164 63 lacte
1719 920 201 63 nutrita
1865 920 91 63 &
1902 920 219 63 paulatim
2048 920 146 63 educa-

429 978 109 61 ta
483 978 272 61 succrescat:
701 978 163 61 atque
810 978 127 61 ita
882 978 181 61 sensim
1009 978 109 61 ab
1063 978 145 61 imis
1154 978 109 61 ad
1208 978 163 61 summa
1317 978 218 61 gradatim
1480 978 272 61 conscendat.
1698 978 181 61 quibus
1825 978 127 61 cum
1897 978 181 61 fuerit
2006 978 181 61 planiora

426 1028 225 73 principia
599 1028 86 73 &
633 1028 242 73 quodammodo
824 1028 173 73 ianuas
945 1028 208 73 acceptae
1100 1028 277 73 professionis
1325 1028 225 73 aggressa:
1498 1028 104 73 ad
1550 1028 242 73 penetralia
1740 1028 173 73 quoque
1861 1028 86 73 &
1896 1028 190 73 excelsa
2017 1028 173 73 fastigia

435 1076 284 74 consequenter
666 1076 89 74 &
702 1076 178 74 absque
826 1076 178 74 labore
950 1076 249 74 perueniat.
1145 1076 142 74 Quod
1234 1076 213 74 continuo
1394 1076 249 74 declaratur
1589 1076 178 74 ibidem
1714 1076 124 74 per
1785 1076 213 74 exempla,
1944 1076 124 74 cum
1998 1076 195 74 subditur.

421 1134 138 70 Nam
500 1134 295 70 quemadmodum
736 1134 295 70 pronunciare
973 1134 236 70 puerorum
1150 1134 236 70 quispiam
1327 1134 256 70 simplices
1524 1134 217 70 poterit
1682 1134 177 70 simul
1800 1134 217 70 copulas
1938 1134 256 70 syllabarum:

437 1193 143 59 nisi
527 1193 161 59 prius
634 1193 269 59 elementorum
849 1193 269 59 characteres
1064 1193 251 59 diligenter
1261 1193 251 59 agnouerit:
1458 1193 125 59 vel
1530 1193 197 59 quomodo
1673 1193 197 59 citatam
1817 1193 197 59 legendi
1960 1193 215 59 peritiam
2103 1193 90 59 con

435 1245 225 65 sequetur
604 1245 131 65 qui
679 1245 188 65 breues
811 1245 94 65 &
848 1245 225 65 angustas
1018 1245 319 65 descriptiones
1281 1245 207 65 nominum
1431 1245 188 65 necdum
1562 1245 207 65 idoneus
1713 1245 131 65 est
1788 1245 263 65 coniugare:
1994 1245 113 65 Ex
2051 1245 131 65 quo
2107 1245 94 65 con

432 1299 211 65 sequenter
594 1299 163 65 ibidem
708 1299 260 65 concluditur.
920 1299 228 65 Quapropter
1098 1299 130 65 huic
1180 1299 163 65 quoque
1294 1299 276 65 subtilissimae
1521 1299 244 65 disciplinae
1716 1299 114 65 per
1781 1299 130 65 quam
1863 1299 228 65 instruimur
2042 1299 114 65 deo
2090 1299 98 65 iugi

428 1352 118 67 ter
495 1352 235 67 inhaerere,
680 1352 118 67 non
748 1352 168 67 dubito
865 1352 185 67 quaedam
1000 1352 286 67 institutionis
1235 1352 168 67 inesse
1353 1352 235 67 fundamina:
1538 1352 168 67 quibus
1656 1352 168 67 primum
1774 1352 235 67 firmissime
1959 1352 202 67 collatis
2093 1352 101 67 post

424 1404 114 68 hoc
489 1404 211 68 supposita
651 1404 243 68 extollantur
846 1404 260 68 perfectionis
1056 1404 178 68 excelsa
1186 1404 211 68 fastigia.
1348 1404 146 68 Huius
1446 1404 146 68 autem
1543 1404 276 68 institutionis
1770 1404 211 68 fundamina
1932 1404 130 68 sunt
2014 1404 130 68 illa
2095 1404 130 68 quae

433 1465 161 59 nobis
540 1465 107 59 in
594 1465 125 59 hac
665 1465 214 59 scientia
826 1465 232 59 traduntur
1005 1465 268 59 cognoscenda
1219 1465 107 59 in
1272 1465 232 59 praesenti
1451 1465 107 59 de
1504 1465 125 59 deo
1576 1465 125 59 per
1647 1465 179 59 fidem:
1772 1465 107 59 vt
1826 1465 107 59 in
1879 1465 179 59 futuro
1987 1465 196 59 cognosca-

426 1511 114 70 tur
491 1511 81 70 a
523 1511 147 70 nobis
621 1511 114 70 per
686 1511 195 70 speciem.
833 1511 130 70 Nisi
914 1511 130 70 enim
995 1511 130 70 illa
1077 1511 98 70 ex
1126 1511 114 70 hac
1191 1511 195 70 scientia
1337 1511 228 70 haberemus:
1516 1511 130 70 vnde
1598 1511 98 70 de
1647 1511 114 70 eis
1712 1511 130 70 quae
1793 1511 130 70 sunt
1874 1511 114 70 ibi
1940 1511 195 70 aliquoid
2070 1511 130 70 cogita

426 1568 160 64 remus
533 1568 124 64 non
604 1568 248 64 haberemus.
799 1568 213 64 secundum
958 1568 142 64 quod
1047 1568 248 64 Augustinus
1242 1568 195 64 loquens
1384 1568 106 64 de
1437 1568 284 64 scriptoribus
1668 1568 160 64 huius
1774 1568 231 64 scientiae
1952 1568 124 64 sub
2005 1568 195 64 metaphora

423 1621 236 72 modotium,
605 1621 164 72 dicit
714 1621 109 72 in
768 1621 236 72 principio
950 1621 164 72 super
1059 1621 164 72 loan.
1168 1621 182 72 Oculos
1295 1621 200 72 nostros
1440 1621 127 72 dum
1513 1621 200 72 leuamus
1658 1621 109 72 ad
1713 1621 273 72 scripturas:
1931 1621 145 72 quia
2021 1621 127 72 per
2076 1621 109 72 homi

431 1676 128 68 nes
504 1676 275 68 ministratae
724 1676 165 68 sunt:
834 1676 202 68 leuamus
981 1676 183 68 oculos
1109 1676 147 68 nfos
1201 1676 110 68 ad
1256 1676 202 68 montes:
1403 1676 147 68 vnde
1494 1676 183 68 veniat
1623 1676 165 68 nobis
1733 1676 238 68 auxilium.
1916 1676 147 68 nisi
2008 1676 147 68 enim
2081 1676 110 68 mon-

431 1730 119 69 tes
499 1730 136 69 ista
584 1730 222 69 dicerent,
755 1730 136 69 vnde
840 1730 170 69 omnino
959 1730 256 69 cogitaretis
1164 1730 119 69 non
1232 1730 273 69 inueniretis.
1453 1730 102 69 Et
1504 1730 153 69 licet
1607 1730 136 69 ista
1692 1730 204 69 scientia
1845 1730 136 69 quae
1930 1730 119 69 sic
1999 1730 170 69 homini
2101 1730 85 69 con

424 1788 190 59 ceditur
562 1788 155 59 primo
666 1788 104 59 de
717 1788 190 59 diuinis
856 1788 121 59 est
925 1788 259 59 imperfecta:
1132 1788 121 59 per
1201 1788 138 59 hanc
1288 1788 155 59 tamen
1391 1788 225 59 ordinatur
1564 1788 104 59 ad
1616 1788 294 59 perfectiorem:
1858 1788 190 59 propter
1996 1788 138 59 quam
2082 1788 138 59 adi-

434 1835 243 69 piscendam
621 1835 150 69 haec
715 1835 168 69 prima
827 1835 280 69 conceditur:
1051 1835 112 69 vt
1107 1835 131 69 per
1182 1835 150 69 hanc
1275 1835 150 69 homo
1369 1835 187 69 quoquo
1500 1835 150 69 modo
1593 1835 262 69 cognoscens
1799 1835 206 69 diuina,
1948 1835 93 69 &
1985 1835 112 69 ad
2023 1835 168 69 vlterio

422 1892 133 68 rem
498 1892 285 68 cognitionem
726 1892 285 68 inflammatus
953 1892 190 68 omnino
1086 1892 209 68 tendat,
1238 1892 95 68 &
1276 1892 209 68 anhelet
1427 1892 114 68 ad
1484 1892 190 68 illam:
1617 1892 95 68 &
1655 1892 171 68 totum
1769 1892 209 68 studium
1920 1892 152 68 suum
2015 1892 114 68 ad
2053 1892 133 68 illam

427 1945 199 68 dirigat:
577 1945 133 68 quod
659 1945 116 68 non
726 1945 166 68 posset
842 1945 166 68 facere
958 1945 133 68 nisi
1040 1945 133 68 hanc
1123 1945 149 68 primo
1223 1945 248 68 perciperet:
1421 1945 133 68 quia
1504 1945 133 68 nemo
1587 1945 99 68 in
1637 1945 182 68 aliquid
1769 1945 166 68 tendit
1885 1945 166 68 amore:
2001 1945 133 68 quod
2084 1945 116 68 non
2134 1945 66 68 fu

430 1998 112 69 it
486 1998 187 69 aliquo
617 1998 150 69 modo
711 1998 112 69 ab
767 1998 112 69 eo
823 1998 318 69 praecognitum.
1085 1998 150 69 Vnde
1178 1998 262 69 attendendo
1384 1998 224 69 notitiam
1552 1998 243 69 diuinorum
1739 1998 150 69 quam
1832 1998 150 69 modo
1926 1998 206 69 habemus
2075 1998 131 69 per
2131 1998 75 69 fi

437 2052 130 69 dem,
518 2052 146 69 dixit
615 2052 194 69 Christus
761 2052 243 69 discipulis.
955 2052 146 69 loan,
1053 2052 113 69 xv.
1117 2052 146 69 Omnia
1215 2052 227 69 quaecumque
1393 2052 162 69 audiui
1506 2052 81 69 a
1539 2052 146 69 patre
1636 2052 97 69 m.
1685 2052 97 69 no
1733 2052 194 69 scilicet
1879 2052 97 69 v.
1928 2052 227 69 Attendendo
2090 2052 97 69 vero

432 2103 154 73 illam
535 2103 137 73 quam
620 2103 240 73 expectamus
808 2103 120 73 per
877 2103 205 73 speciem,
1031 2103 154 73 dixit
1133 2103 188 73 eisdem.
1270 2103 154 73 loan.
1373 2103 137 73 xvi.
1458 2103 154 73 Adhuc
1561 2103 154 73 multa
1664 2103 154 73 habeo
1766 2103 154 73 vobis
1869 2103 171 73 dicere
1989 2103 137 73 quae
2074 2103 120 73 non
2126 2103 68 73 po

431 2163 166 72 testis
547 2163 182 72 portare
680 2163 149 72 modo.
779 2163 133 72 Nota
862 2163 149 72 autem
962 2163 149 72 fecit
1061 2163 133 72 illa
1144 2163 99 72 vt
1194 2163 99 72 ex
1243 2163 116 72 eis
1310 2163 265 72 aliquantulum
1525 2163 249 72 cognoscamus
1724 2163 149 72 ista:
1823 2163 83 72 &
1857 2163 182 72 cognita
1989 2163 232 72 diligamus:

442 2215 85 68 &
476 2215 239 68 dilectione
664 2215 256 68 proficiendo
869 2215 102 68 ad
920 2215 102 68 ea
971 2215 222 68 quandoque
1142 2215 205 68 capienda
1296 2215 120 68 nos
1364 2215 273 68 praeparemus.
1586 2215 137 68 Vnde
1672 2215 239 68 Augustinus
1859 2215 205 68 exponens
2013 2215 205 68 vtrumque

435 2269 194 65 dictorum
580 2269 194 65 verborum
726 2269 145 65 super
822 2269 194 65 loannem.
968 2269 129 65 ser.
1048 2269 145 65 xlii.
1145 2269 161 65 partis
1258 2269 194 65 secundae
1404 2269 145 65 dicit
1501 2269 129 65 sic.
1581 2269 226 65 Charissimi
1759 2269 113 65 non
1824 2269 81 65 a
1856 2269 145 65 nobis
1953 2269 226 65 expectetis
2130 2269 97 65 au

443 2323 153 67 dire,
545 2323 136 67 quae
630 2323 136 67 tunc
716 2323 170 67 noluit
835 2323 187 67 dominus
971 2323 170 67 dicere
1090 2323 256 67 discipulis:
1295 2323 136 67 quia
1380 2323 170 67 nondum
1499 2323 204 67 poterant
1653 2323 136 67 illa
1738 2323 204 67 portare:
1891 2323 119 67 sed
1959 2323 170 67 potius
2079 2323 102 67 in
2113 2323 85 67 cha

435 2388 160 59 ritate
547 2388 223 59 proficite:
722 2388 96 59 vt
770 2388 239 59 spiritualia
962 2388 223 59 diligentes
1137 2388 239 59 spiritualem
1329 2388 144 59 vocem
1425 2388 208 59 interiori
1584 2388 160 59 auditu
1696 2388 144 59 nosse
1792 2388 208 59 possitis.
1952 2388 112 59 Non
2015 2388 128 59 enim
2079 2388 112 59 dilia

436 2431 154 65 gitur
538 2431 137 65 quod
624 2431 188 65 penitus
761 2431 239 65 ignoratur.
949 2431 120 65 Sed
1017 2431 120 65 cum
1085 2431 222 65 diligitur
1256 2431 137 65 quod
1342 2431 103 65 ex
1393 2431 222 65 quacunque
1564 2431 154 65 parte
1666 2431 273 65 cognoscitur:
1888 2431 137 65 ipsa
1974 2431 222 65 efficitur
2128 2431 68 65 di

443 2487 206 60 lectione
597 2487 103 60 vt
649 2487 172 60 melius
769 2487 86 60 &
803 2487 189 60 plenius
941 2487 275 60 cognoscatur.
1164 2487 103 60 Si
1215 2487 137 60 ergo
1301 2487 103 60 in
1353 2487 223 60 charitate
1524 2487 275 60 proficiatis,
1748 2487 137 60 deus
1833 2487 189 60 deducet
1971 2487 120 60 vos
2039 2487 103 60 in
2074 2487 120 60 omnem

449 2551 229 58 veritatem:
629 2551 114 58 sic
694 2551 131 58 fiet
776 2551 98 58 vt
825 2551 131 58 illa
907 2551 196 58 discatis
1054 2551 131 58 quae
1135 2551 164 58 noluit
1250 2551 131 58 tunc
1332 2551 180 58 dicere,
1462 2551 82 58 &
1495 2551 98 58 ea
1544 2551 131 58 ipsa
1626 2551 131 58 quae
1708 2551 114 58 per
1773 2551 213 58 lectiones
1937 2551 147 58 atque
2018 2551 164 58 sermones

443 2595 270 68 extrinsecus
659 2595 234 68 adhibitos
840 2595 270 68 didicistis:
1056 2595 90 68 &
1092 2595 126 68 cum
1164 2595 252 68 didicistis
1363 2595 108 68 de
1417 2595 180 68 natura
1543 2595 126 68 dei
1615 2595 126 68 non
1687 2595 216 68 corporea
1849 2595 144 68 ipsa
1940 2595 162 68 mente
2030 2595 162 68 conspi-

430 2641 136 73 cere
515 2641 153 73 atque
617 2641 220 73 percipere
786 2641 220 73 valeatis.
956 2641 119 73 sed
1024 2641 102 73 si
1075 2641 136 73 ille
1159 2641 204 73 magister
1312 2641 204 73 interior
1465 2641 170 73 vellet
1583 2641 153 73 nobis
1685 2641 102 73 id
1736 2641 136 73 quod
1821 2641 102 73 de
1872 2641 237 73 incorporea
2058 2641 136 73 luce
2126 2641 68 73 di

437 2702 132 55 xit:
519 2702 115 55 ita
585 2702 164 55 dicere
700 2702 148 55 sicut
798 2702 181 55 sanctis
930 2702 181 55 angelis
1061 2702 164 55 dicit,
1177 2702 164 55 nondum
1292 2702 99 55 ea
1341 2702 181 55 portare
1472 2702 214 55 possemus.
1637 2702 181 55 Proinde
1768 2702 132 55 quod
1851 2702 132 55 ait,
1933 2702 181 55 Inducet
2064 2702 115 55 vos
2130 2702 99 55 in

430 2758 163 57 omnem
539 2758 254 57 veritatem:
738 2758 127 57 non
811 2758 218 57 arbitror
974 2758 109 57 in
1028 2758 127 57 hac
1101 2758 145 57 vita
1191 2758 109 57 in
1246 2758 236 57 cuiusquam
1427 2758 163 57 mente
1536 2758 163 57 posse
1644 2758 218 57 impleri.
1807 2758 145 57 Quis
1898 2758 145 57 enim
1989 2758 181 57 viuens
2116 2758 109 57 in

432 2811 142 59 hoc
513 2811 223 59 corpore
675 2811 162 59 quod
776 2811 304 59 corrumpitur
1019 2811 101 59 &
1059 2811 243 59 aggrauat
1242 2811 223 59 animam,
1403 2811 202 59 posset
1545 2811 283 59 cognoscere
1768 2811 182 59 omnem
1889 2811 283 59 veritatem:
2092 2811 101 59 cum

431 2869 158 63 dicat
537 2869 246 63 Apostolus:
730 2869 106 63 Ex
783 2869 158 63 parte
889 2869 193 63 scimus:
1029 2869 123 63 Sed
1100 2869 123 63 per
1170 2869 193 63 spantum
1311 2869 193 63 sanctum
1451 2869 123 63 sit
1522 2869 176 63 nobis:
1645 2869 141 63 vnde
1733 2869 141 63 nunc
1821 2869 176 63 pignus
1944 2869 246 63 accepimus:
2120 2869 70 63 vt

428 2917 113 56 ad
485 2917 170 56 ipsam
598 2917 189 56 quoque
731 2917 303 56 plenitudinem
977 2917 246 56 veniamus:
1166 2917 113 56 de
1222 2917 132 56 qua
1298 2917 189 56 dicit.
1430 2917 151 56 Tunc
1525 2917 170 56 autem
1639 2917 246 56 videbimus
1828 2917 170 56 facie
1941 2917 113 56 ad
1998 2917 208 56 faciem:
2130 2917 57 56 &

437 2971 147 60 nunc
529 2971 147 60 scio
621 2971 110 60 ex
676 2971 184 60 parte:
805 2971 147 60 tunc
897 2971 239 60 cognoscam
1081 2971 166 60 sicut
1192 2971 92 60 &
1228 2971 221 60 cognitus
1394 2971 147 60 sum.
1486 2971 147 60 Vnde
1578 2971 92 60 &
1615 2971 166 60 debet
1726 2971 166 60 illud
1836 2971 203 60 modicum
1983 2971 147 60 quod
2076 2971 147 60 nunc

433 3029 128 61 est
506 3029 110 61 ex
561 3029 165 61 parte
671 3029 91 61 &
707 3029 293 61 imperfectum,
945 3029 183 61 multum
1073 3029 110 61 ab
1128 3029 183 61 homine
1256 3029 238 61 reputari.
1439 3029 256 61 Philosophi
1640 3029 146 61 enim
1732 3029 128 61 qui
1805 3029 201 61 aliquid
1951 3029 110 61 ex
2006 3029 165 61 rebus
2098 3029 91 61 na-

430 3083 236 65 turalibus
611 3083 109 65 de
666 3083 127 65 deo
738 3083 91 65 &
774 3083 109 65 de
829 3083 199 65 diuinis
974 3083 236 65 sciebant,
1155 3083 145 65 illo
1246 3083 218 65 excitati
1409 3083 163 65 omnem
1517 3083 145 65 suam
1608 3083 218 65 notitiam
1771 3083 109 65 in
1826 3083 181 65 diuina
1952 3083 236 65 extendere
2116 3083 73 65 ni

417 3132 247 64 tebantur.
607 3132 209 64 Propter
759 3132 152 64 quod
854 3132 190 64 contra
987 3132 247 64 Simonidem
1177 3132 133 64 qui
1253 3132 228 64 suadebat
1425 3132 247 64 hominibus
1615 3132 361 64 praetermittenda
1919 3132 209 64 diuina:
2052 3132 133 64 quasi

420 3187 209 87 humanam
572 3187 285 87 cognitionem
801 3187 285 87 excedentia,
1029 3187 266 87 inquientem
1238 3187 305 87 humanadebere
1486 3187 190 87 sapere
1619 3187 228 87 hominem,
1790 3187 95 87 &
1828 3187 228 87 mortalia
1981 3187 209 87 mortalem,
