2379 3778
451 331 232 106 diuersorum
633 331 248 106 ordinatorum
832 331 99 106 ad
881 331 132 106 idem
964 331 165 106 semper
1080 331 149 106 debet
1179 331 132 106 esse
1262 331 132 106 vnus
1344 331 83 106 &
1378 331 149 106 idem.
1477 331 116 106 vel
1543 331 99 106 si
1593 331 165 106 plures
1708 331 149 106 sint,
1808 331 182 106 oportet
1940 331 132 106 quod
2023 331 165 106 semper
2122 331 99 106 vnus

462 417 218 63 ordinetur
630 417 100 63 ad
680 417 201 63 alterum,
831 417 100 63 vt
881 417 117 63 sic
948 417 117 63 sit
1015 417 167 63 vnicus
1132 417 268 63 principalis.
1350 417 167 63 Vnicus
1467 417 134 63 ergo
1550 417 151 63 finis
1651 417 251 63 principalis
1852 417 234 63 necessario
2036 417 151 63 debet
2120 417 100 63 poni

459 474 158 61 huius
564 474 245 61 scientiae,
756 474 123 61 non
826 474 123 61 duo
896 474 158 61 aeque
1001 474 280 61 principales.
1229 474 123 61 Non
1299 474 175 61 igitur
1421 474 158 61 debet
1526 474 158 61 simul
1631 474 140 61 haec
1719 474 210 61 scientia
1876 474 140 61 dici
1964 474 210 61 theorica
2121 474 88 61 &
2139 474 88 61 pra

461 531 169 56 ctica:
579 531 118 56 sed
647 531 186 56 alterum
782 531 169 56 solum,
900 531 118 56 vel
967 531 304 56 principaliter.
1220 531 135 56 Quod
1304 531 169 56 aliqui
1422 531 236 56 concedunt,
1608 531 202 56 dicentes
1760 531 135 56 quod
1844 531 287 56 principaliter
2080 531 118 56 est
2131 531 84 56 pra

461 583 167 55 ctica:
578 583 133 55 quia
662 583 117 55 non
728 583 117 55 est
795 583 100 55 in
845 583 100 55 ea
895 583 250 55 speculatio:
1095 583 133 55 nisi
1179 583 184 55 propter
1312 583 217 55 actionem:
1479 583 150 55 sicut
1579 583 217 55 ostendunt
1746 583 184 55 obiecta
1879 583 100 55 ad
1929 583 167 55 partem
2046 583 150 55 illam
2146 583 100 55 in

460 634 164 57 ducta.
574 634 131 57 Quod
656 634 114 57 non
721 634 164 57 potest
836 634 164 57 stare.
950 634 114 57 Est
1016 634 131 57 enim
1097 634 147 57 finis
1196 634 82 57 &
1228 634 147 57 bonum
1326 634 147 57 idem:
1425 634 98 57 vt
1474 634 196 57 dicitur.
1621 634 131 57 iii.
1703 634 278 57 metaphysicae.
1932 634 82 57 &
1964 634 98 57 vt
2013 634 196 57 dicitur.
2144 634 82 57 ii.

455 688 209 61 physicae.
616 688 113 61 non
680 688 129 61 omne
761 688 177 61 vltimum
890 688 145 61 finis
986 688 129 61 est:
1067 688 113 61 sed
1131 688 193 61 optimum.
1276 688 145 61 Licet
1373 688 129 61 ergo
1453 688 145 61 plura
1550 688 129 61 sint
1630 688 129 61 bona
1711 688 97 61 ad
1759 688 129 61 quae
1840 688 177 61 aliquid
1968 688 225 61 ordinatur,
2129 688 81 61 non

455 741 228 61 quodlibet
631 741 158 61 eorum
736 741 158 61 debet
841 741 140 61 dici
929 741 158 61 finis
1034 741 158 61 eius:
1139 741 123 61 sed
1209 741 158 61 solum
1314 741 105 61 id
1367 741 140 61 quod
1454 741 123 61 est
1524 741 193 61 optimum
1664 741 210 61 illorum:
1822 741 88 61 &
1857 741 175 61 maxime
1980 741 105 61 ad
2032 741 140 61 quod
2102 741 123 61 omnia

458 796 138 57 illa
544 796 138 57 quae
630 796 138 57 sunt
717 796 173 57 illius
838 796 259 57 ordinantur.
1045 796 138 57 Nunc
1132 796 155 57 autem
1235 796 276 57 indubitanter
1460 796 190 57 constat
1598 796 138 57 quod
1684 796 173 57 melior
1805 796 121 57 est
1874 796 104 57 ex
1926 796 104 57 se
1978 796 138 57 veri
2047 796 173 57 cognitio

462 848 146 61 quam
553 848 146 61 boni
644 848 237 61 operatio:
827 848 146 61 quia
918 848 128 61 non
991 848 255 61 attenditur
1191 848 109 61 in
1246 848 201 61 moribus
1392 848 219 61 operatio
1556 848 164 61 boni:
1666 848 146 61 nisi
1757 848 109 61 vt
1812 848 237 61 serenetur
1994 848 182 61 oculus
2104 848 109 61 men-

452 905 125 65 tis
524 905 197 65 sedatis
667 905 286 65 passionibus,
899 905 89 65 &
935 905 143 65 fiat
1024 905 197 65 clarior
1167 905 107 65 in
1221 905 286 65 speculatione
1453 905 161 65 veri.
1561 905 161 65 Beati
1668 905 143 65 enim
1757 905 161 65 mundo
1864 905 179 65 corde:
1990 905 197 65 quoniam
2115 905 107 65 ipsi

469 953 129 58 deum
549 953 209 58 videbunt:
710 953 97 58 vt
759 953 177 58 dicitur
888 953 129 58 Mat.
968 953 97 58 v.
1016 953 193 58 secundum
1161 953 129 58 quod
1242 953 97 58 de
1290 953 113 58 hoc
1355 953 161 58 dictum
1467 953 113 58 est
1532 953 161 58 supra.
1644 953 193 58 Operatio
1789 953 161 58 igitur
1902 953 129 58 boni
1982 953 97 58 ad
2031 953 113 58 hoc
2095 953 129 58 est:
2160 953 64 58 vt

457 1005 188 67 oculus
589 1005 188 67 mentis
720 1005 169 67 sanus
833 1005 169 67 fiat,
945 1005 94 67 &
983 1005 113 67 in
1039 1005 263 67 speculando
1246 1005 150 67 opus
1340 1005 244 67 sanitatis
1527 1005 169 67 agat:
1640 1005 113 67 vt
1696 1005 169 67 primo
1809 1005 263 67 speculando
2015 1005 131 67 per
2072 1005 150 67 fidem-

463 1057 197 68 intantum
610 1057 230 68 proficiat:
791 1057 98 68 vt
840 1057 180 68 credita
971 1057 230 68 intelligat
1152 1057 180 68 quantum
1283 1057 213 68 possibile
1447 1057 115 68 est
1513 1057 98 68 in
1562 1057 230 68 praesenti:
1742 1057 82 68 &
1775 1057 131 68 tunc
1857 1057 164 68 deinde
1972 1057 98 68 in
2021 1057 164 68 futuro
2120 1057 98 68 cre-

451 1112 142 77 dita
540 1112 89 77 &
576 1112 249 77 intellecta
771 1112 160 77 facie
878 1112 107 77 ad
931 1112 178 77 faciem
1055 1112 195 77 videat.
1197 1112 142 77 Vnde
1286 1112 249 77 Augustinus
1482 1112 107 77 in
1535 1112 142 77 ser.
1624 1112 107 77 de
1677 1112 160 77 lacob
1784 1112 89 77 &
1819 1112 160 77 Esau.
1926 1112 142 77 Tota
2015 1112 213 77 operatio
2157 1112 71 77 no

452 1164 149 66 stra
545 1164 112 66 in
601 1164 130 66 hac
676 1164 149 66 vita
769 1164 130 66 est
843 1164 186 66 sanare
974 1164 186 66 oculum
1104 1164 205 66 cordis,
1253 1164 149 66 vnde
1346 1164 223 66 videatur
1514 1164 168 66 deus:
1625 1164 112 66 ad
1681 1164 130 66 hoc
1756 1164 279 66 sacrosancta
1979 1164 223 66 mysteria
2128 1164 93 66 ce-

451 1221 247 59 lebrantur:
645 1221 106 59 ad
698 1221 123 59 hoc
769 1221 159 59 sermo
874 1221 123 59 dei
945 1221 282 59 praedicatur:
1174 1221 106 59 ad
1227 1221 123 59 hoc
1298 1221 300 59 exhortationes
1544 1221 229 59 ecclesiae
1721 1221 194 59 morales
1862 1221 106 59 ad
1915 1221 264 59 corrigendos
2109 1221 123 59 mores

458 1275 102 62 ad
509 1275 238 62 emundandas
696 1275 204 62 carnales
849 1275 340 62 concupiscentias:
1138 1275 102 62 ad
1189 1275 119 62 hoc
1257 1275 153 62 agunt
1358 1275 204 62 quicquid
1511 1275 153 62 agunt
1613 1275 187 62 diuinae
1749 1275 238 62 sanctaeque
1936 1275 204 62 literae,
2089 1275 102 62 vt
2123 1275 102 62 pur-

453 1331 161 70 getur
561 1331 161 70 illud
668 1331 215 70 interius
829 1331 107 70 ab
883 1331 107 70 ea
937 1331 107 70 re
990 1331 143 70 quae
1080 1331 125 70 nos
1152 1331 197 70 impedit
1295 1331 107 70 ab
1349 1331 197 70 aspectu
1492 1331 143 70 dei.
1617 1331 125 70 Nec
1689 1331 125 70 est
1760 1331 179 70 igitur
1886 1331 161 70 huius
1993 1331 233 70 scientiae
2154 1331 72 70 du

464 1387 138 57 plex
550 1387 173 57 finis:
671 1387 121 57 sed
740 1387 190 57 vnicus:
878 1387 121 57 nec
947 1387 242 57 practicus:
1137 1387 121 57 sed
1206 1387 293 57 speculatiuus:
1447 1387 104 57 ad
1499 1387 138 57 quem
1585 1387 224 57 ordinatur
1758 1387 155 57 omnis
1862 1387 155 57 finis
1965 1387 242 57 practicus.
2138 1387 86 57 Sim

465 1442 207 53 pliciter
620 1442 138 53 ergo
707 1442 156 53 debet
810 1442 138 53 dici
897 1442 138 53 haec
983 1442 207 53 scientia
1139 1442 259 53 speculatiua
1346 1442 86 53 &
1381 1442 121 53 non
1450 1442 225 53 practica.
1622 1442 156 53 Sicut
1726 1442 138 53 ergo
1813 1442 190 53 moralis
1951 1442 207 53 scientia
2089 1442 121 53 specu

456 1493 169 59 latur
569 1493 187 59 verum:
700 1493 131 59 sed
775 1493 131 59 non
850 1493 150 59 nisi
944 1493 112 59 ad
1000 1493 244 59 operandum
1187 1493 187 59 bonum:
1318 1493 131 59 non
1393 1493 169 59 tamen
1506 1493 206 59 dicitur
1656 1493 281 59 speculatiua
1881 1493 131 59 sed
1956 1493 244 59 practica:
2124 1493 94 59 Sic

457 1545 141 62 ista
546 1545 212 62 scientia
705 1545 159 62 licet
810 1545 177 62 aliquo
934 1545 141 62 modo
1022 1545 230 62 respiciat
1199 1545 159 62 opus,
1305 1545 141 62 quia
1393 1545 159 62 tamen
1499 1545 194 62 propter
1640 1545 318 62 speculationem,
1905 1545 265 62 simpliciter
2099 1545 124 62 debet

457 1599 137 59 dici
542 1599 273 59 speculatiua.
765 1599 120 59 est
833 1599 137 59 enim
918 1599 103 59 in
970 1599 103 59 ea
1021 1599 154 59 labor
1123 1599 171 59 operis
1243 1599 188 59 propter
1380 1599 188 59 quietem
1516 1599 308 59 speculationis.
1773 1599 137 59 Vnde
1858 1599 154 59 sicut
1961 1599 222 59 scientiae
2114 1599 103 59 pure

448 1658 241 56 practicae
634 1658 260 56 ordinantur
838 1658 111 56 ad
893 1658 315 56 speculatiuas,
1153 1658 93 56 &
1190 1658 315 56 vniuersaliter
1449 1658 148 56 vita
1542 1658 185 56 actiua
1672 1658 241 56 ordinatur
1857 1658 111 56 ad
1913 1658 352 56 contemplatiuam:

450 1709 112 66 Sic
514 1709 128 66 quod
594 1709 96 66 in
643 1709 128 66 ista
723 1709 193 66 scientia
867 1709 112 66 est
932 1709 209 66 actionis,
1092 1709 209 66 ordinatur
1253 1709 96 66 ad
1301 1709 144 66 illud
1397 1709 128 66 quod
1477 1709 96 66 in
1526 1709 96 66 ea
1574 1709 112 66 est
1638 1709 289 66 speculationis.
1879 1709 96 66 Et
1927 1709 144 66 debet
2023 1709 96 66 in
2072 1709 144 66 nobis
2152 1709 64 66 si

462 1762 119 65 nis
530 1762 271 65 speculatiuae
750 1762 169 65 semper
869 1762 136 65 esse
953 1762 119 65 per
1021 1762 254 65 intentionem
1224 1762 254 65 voluntatis:
1428 1762 152 65 licet
1529 1762 220 65 aliquando
1699 1762 152 65 finis
1800 1762 237 65 prracticae
1987 1762 220 65 quaeritur
2156 1762 102 65 in

461 1813 221 70 exercitio
631 1813 187 70 operis.
767 1813 136 70 Hinc
852 1813 153 70 dicit
954 1813 170 70 beatus
1073 1813 170 70 Grego.
1192 1813 119 70 vi.
1260 1813 170 70 Moral.
1378 1813 102 70 In
1429 1813 306 70 contemplatione
1684 1813 238 70 principium
1871 1813 136 70 quod
1956 1813 136 70 deus
2041 1813 136 70 est:
2126 1813 136 70 quae

463 1862 164 67 ritur:
577 1862 98 67 in
626 1862 229 67 operatione
807 1862 131 67 vero
888 1862 262 67 necessitatis
1101 1862 147 67 fasce
1200 1862 229 67 laboratur.
1380 1862 98 67 Et
1429 1862 131 67 ideo
1511 1862 147 67 licet
1609 1862 197 67 secundum
1756 1862 147 67 Augu.
1855 1862 131 67 ista
1937 1862 197 67 scientia
2084 1862 131 67 dici
2149 1862 66 67 po

454 1921 161 73 test,
562 1921 107 73 vt
615 1921 107 73 in
669 1921 233 73 pluribus,
848 1921 233 73 practica:
1027 1921 90 73 &
1063 1921 215 73 scientia
1224 1921 125 73 non
1296 1921 251 73 sapientia,
1493 1921 197 73 propter
1636 1921 340 73 considerationem
1923 1921 90 73 &
1958 1921 215 73 actionem
2102 1921 125 73 tempo

459 1971 192 75 ralium:
598 1971 262 75 simpliciter
808 1971 157 75 tamen
913 1971 140 75 dici
1000 1971 157 75 debet
1105 1971 227 75 sapientia
1280 1971 262 75 speculatiua
1490 1971 192 75 propter
1630 1971 332 75 considerationem
1909 1971 262 75 aeternorum,
2119 1971 140 75 quo-

461 2024 116 74 rum
528 2024 182 74 regulis
660 2024 231 74 temporalia
841 2024 248 74 diriguntur.
1039 2024 116 74 hoc
1105 2024 132 74 enim
1188 2024 116 74 est
1254 2024 99 74 de
1303 2024 248 74 perfectione
1502 2024 149 74 huius
1601 2024 248 74 sapientiae,
1799 2024 132 74 quod
1881 2024 99 74 in
1931 2024 99 74 ea
1980 2024 116 74 per
2046 2024 132 74 illa
2129 2024 132 74 quae

457 2084 141 57 sunt
545 2084 158 57 purae
651 2084 317 57 speculationis,
915 2084 246 57 diriguntur
1108 2084 141 57 illa
1196 2084 141 57 quae
1284 2084 141 57 sunt
1372 2084 229 57 actionis.
1548 2084 176 57 Quanto
1671 2084 141 57 enim
1759 2084 176 57 virtus
1882 2084 176 57 aliqua
2005 2084 176 57 altior
2110 2084 106 57 est:

468 2137 147 56 tanto
566 2137 98 56 ad
615 2137 147 56 plura
713 2137 147 56 vnico
812 2137 197 56 simplici
959 2137 98 56 se
1008 2137 213 56 extendit:
1172 2137 98 56 vt
1221 2137 180 56 habetur
1353 2137 98 56 in
1402 2137 147 56 libro
1500 2137 98 56 de
1549 2137 180 56 causis.
1680 2137 98 56 in
1729 2137 115 56 quo
1795 2137 131 56 ista
1877 2137 197 56 scientia
2008 2137 213 56 assimilatur

466 2182 253 68 sapientiae
665 2182 199 68 diuinae
809 2182 126 68 qua
881 2182 145 68 deus
972 2182 145 68 ipse
1062 2182 199 68 notitia
1207 2182 163 68 purae
1315 2182 307 68 speculationis
1568 2182 163 68 omnia
1676 2182 217 68 operanda
1839 2182 235 68 cognoscit
2019 2182 90 68 &
2037 2182 181 68 dirigit.

503 2238 113 66 Ad
559 2238 188 66 primum
691 2238 113 66 in
747 2238 263 66 oppositum,
954 2238 150 66 quod
1047 2238 150 66 haec
1141 2238 225 66 scientia
1310 2238 319 66 principaliter
1573 2238 113 66 ad
1630 2238 225 66 actionem
1799 2238 94 66 &
1836 2238 169 66 mores
1949 2238 263 66 ordinatur:
2137 2238 75 66 Di

475 2297 179 67 cendum
600 2297 143 67 quod
690 2297 179 67 falsum
815 2297 143 67 est:
904 2297 214 67 quoniam,
1065 2297 107 67 vt
1118 2297 179 67 dictum
1243 2297 143 67 est,
1333 2297 125 67 non
1404 2297 214 67 respicit
1565 2297 143 67 opus
1654 2297 143 67 nisi
1744 2297 197 67 propter
1887 2297 322 67 speculationem.
2137 2297 89 67 Vn-

473 2346 101 64 de
524 2346 134 64 quod
608 2346 151 64 dicit
708 2346 134 64 lac.
792 2346 168 64 Estote
910 2346 218 64 factores.
1078 2346 84 64 &
1111 2346 185 64 iterum.
1246 2346 185 64 Scienti
1380 2346 151 64 bonum
1481 2346 84 64 &
1515 2346 118 64 non
1582 2346 202 64 facienti
1733 2346 202 64 peccatum
1884 2346 118 64 est
1951 2346 151 64 illi.
2052 2346 101 64 Et
2086 2346 134 64 apsus.

472 2398 132 61 Sit
548 2398 151 61 homo
642 2398 132 61 dei
717 2398 113 61 ad
774 2398 151 61 omne
868 2398 151 61 opus
962 2398 170 61 bonum
1075 2398 283 61 instructus.
1301 2398 132 61 hoc
1377 2398 132 61 non
1452 2398 151 61 est,
1546 2398 151 61 nisi
1641 2398 113 61 vt
1697 2398 132 61 hic
1773 2398 132 61 cor
1848 2398 245 61 mundetur:
2037 2398 94 61 &
2074 2398 132 61 hic
2131 2398 94 61 con

462 2453 225 64 templari
631 2453 281 64 incipiamus,
856 2453 187 64 saltem
987 2453 112 64 in
1043 2453 206 64 speculo
1193 2453 94 64 &
1231 2453 112 64 in
1287 2453 262 64 aenigmate,
1493 2453 94 64 &
1531 2453 112 64 in
1587 2453 131 64 hoc
1662 2453 300 64 proficiamus:
1905 2453 112 64 vt
1962 2453 244 64 aliquando
2130 2453 94 64 con

465 2511 241 57 templemur
651 2511 186 57 aperta
781 2511 204 57 specie,
929 2511 93 57 &
966 2511 278 57 perueniamus
1189 2511 130 57 vbi
1263 2511 167 57 omnis
1375 2511 223 57 cessabit
1542 2511 186 57 actio,
1671 2511 93 57 &
1709 2511 297 57 perseuerabit
1950 2511 315 57 contemplatio:

468 2564 204 62 quoniam
616 2564 167 62 Maria
727 2564 204 62 optimam
875 2564 185 62 partem
1004 2564 185 62 elegit
1134 2564 148 62 quae
1226 2564 130 62 non
1300 2564 241 62 auferetur
1485 2564 111 62 ab
1541 2564 130 62 ea.
1652 2564 111 62 Ad
1707 2564 222 62 secundum
1874 2564 148 62 quod
1966 2564 167 62 sacra
2059 2564 167 62 scriptu

471 2619 105 61 ra
524 2619 123 61 est
594 2619 123 61 lex
664 2619 193 61 diuina:
804 2619 210 61 dicendum
962 2619 140 61 quod
1050 2619 158 61 verum
1155 2619 140 61 est,
1243 2619 123 61 non
1313 2619 158 61 tamen
1418 2619 158 61 talis
1523 2619 123 61 lex
1593 2619 175 61 qualis
1716 2619 123 61 est
1786 2619 193 61 humana,
1926 2619 140 61 quia
2014 2619 140 61 illa
2101 2619 105 61 ex
2136 2619 88 61 re-

472 2670 160 64 gulis
579 2670 143 64 pure
668 2670 232 64 practicis
846 2670 160 64 docet
953 2670 232 64 operanda:
1131 2670 89 64 &
1167 2670 143 64 ideo
1256 2670 125 64 est
1327 2670 143 64 pure
1416 2670 232 64 practica.
1594 2670 143 64 haec
1684 2670 160 64 autem
1790 2670 107 64 ex
1844 2670 196 64 regulis
1969 2670 249 64 speculatiuis

472 2725 101 68 vt
523 2725 168 68 dictum
640 2725 134 68 est,
724 2725 84 68 &
758 2725 134 68 ideo
842 2725 118 68 est
909 2725 134 68 pure
993 2725 269 68 speculatiua.
1245 2725 101 68 Ad
1296 2725 185 68 tertium
1430 2725 134 68 quod
1514 2725 151 68 finis
1615 2725 151 68 huius
1716 2725 218 68 scientiae
1884 2725 118 68 est
1951 2725 202 68 dilectio
2102 2725 134 68 dei,
2170 2725 50 68 &

467 2776 193 71 fruitio
608 2776 158 71 boni:
713 2776 211 71 Dicendum
871 2776 141 71 quod
959 2776 158 71 verum
1065 2776 141 71 est,
1152 2776 123 71 non
1223 2776 158 71 tamen
1328 2776 105 71 ex
1381 2776 123 71 hoc
1451 2776 158 71 debet
1557 2776 141 71 ista
1644 2776 211 71 scientia
1802 2776 141 71 dici
1890 2776 228 71 practica.
2066 2776 123 71 Est
2119 2776 105 71 enim

470 2829 170 66 duplex
589 2829 153 66 bonum
691 2829 255 66 voluntatis.
895 2829 136 66 Vnum
979 2829 136 66 quod
1064 2829 102 66 ab
1115 2829 136 66 ipsa
1200 2829 221 66 voluntate
1370 2829 255 66 perficitur:
1574 2829 102 66 vt
1625 2829 119 66 est
1693 2829 153 66 actio
1794 2829 136 66 bona
1879 2829 136 66 quam
1964 2829 102 66 in
2015 2829 153 66 aliud
2100 2829 119 66 extra

467 2886 105 57 se
520 2886 228 57 extendit.
695 2886 158 57 Sicut
800 2886 123 57 est
870 2886 228 57 quaelibet
1045 2886 158 57 actio
1151 2886 193 57 directa
1291 2886 105 57 in
1343 2886 175 57 finem.
1466 2886 158 57 Aliud
1571 2886 140 57 vero
1659 2886 140 57 quod
1746 2886 158 57 ipsam
1851 2886 245 57 voluntatem
2026 2886 193 57 perficit.

474 2941 96 57 vt
522 2941 112 57 est
586 2941 192 57 operatio
730 2941 192 57 perfecta
874 2941 128 57 quam
953 2941 144 57 intra
1049 2941 96 57 se
1097 2941 176 57 elicit,
1225 2941 80 57 &
1257 2941 112 57 per
1321 2941 128 57 quam
1401 2941 128 57 fini
1481 2941 160 57 vltimo
1593 2941 96 57 se
1641 2941 144 57 vnit.
1737 2941 160 57 Primum
1848 2941 144 57 bonum
1944 2941 224 57 voluntatis
2104 2941 112 57 perti

463 2995 125 51 net
534 2995 107 51 ad
588 2995 232 51 scientiam
766 2995 249 51 practicam:
962 2995 143 51 quia
1051 2995 107 51 in
1105 2995 143 51 ipsa
1194 2995 125 51 est
1265 2995 249 51 speculatio
1461 2995 107 51 vt
1514 2995 214 51 actionem
1675 2995 214 51 dirigat:
1835 2995 143 51 quod
1924 2995 214 51 proprium
2067 2995 160 51 practi-

467 3044 126 65 cae
539 3044 144 65 est.
629 3044 216 65 Secundum
791 3044 144 65 vero
881 3044 162 65 bonum
989 3044 252 65 voluntatis
1187 3044 216 65 pertinet
1349 3044 108 65 ad
1403 3044 234 65 scientiam
1583 3044 270 65 specialiter
1799 3044 306 65 speculatiuam,
2051 3044 144 65 quia
2141 3044 108 65 in

479 3096 140 71 ipsa
566 3096 123 71 est
636 3096 245 71 speculatio
829 3096 245 71 solummodo,
1021 3096 105 71 vt
1074 3096 228 71 voluntati
1249 3096 210 71 obiectum
1406 3096 140 71 suae
1494 3096 263 71 operationis
1704 3096 210 71 perfecte
1861 3096 228 71 ostendat:
2036 3096 105 71 vt
2089 3096 105 71 in
2124 3096 88 71 ip-

479 3153 121 59 sum
548 3153 172 59 statim
668 3153 224 59 opeatione
841 3153 207 59 perfecta
996 3153 190 59 tendat,
1134 3153 138 59 quod
1220 3153 138 59 est,
1306 3153 207 59 proprium
1461 3153 276 59 speculatiuae
1686 3153 224 59 supremae:
1858 3153 138 59 quae
1944 3153 259 59 cognitionem
2134 3153 86 59 ex-

475 3205 171 58 tendit
594 3205 102 58 in
646 3205 188 58 amorem.
782 3205 102 58 Et
833 3205 119 58 est
902 3205 137 58 ista
987 3205 205 58 operatio
1141 3205 205 58 perfecta
1294 3205 256 58 voluntatis:
1499 3205 205 58 dilectio
1653 3205 119 58 dei
1721 3205 85 58 &
1755 3205 154 58 finis
1858 3205 188 58 vltimus
1994 3205 102 58 ad
2045 3205 137 58 quem
2114 3205 102 58 temn

478 3262 126 88 dit
550 3262 144 88 ista
640 3262 234 88 scientia.
820 3262 126 88 Qua
892 3262 180 88 quidem
1017 3262 198 88 actione
1161 3262 252 88 voluntatis
1359 3262 108 88 in
1413 3262 234 88 praesenti
1593 3262 180 88 tendit
1719 3262 108 88 in
1773 3262 162 88 deum:
1880 3262 108 88 vt
1934 3262 108 88 in
1988 3262 180 88 quodam
2114 3262 144 88 modo
