2367 3759
434 274 173 83 cordis
555 274 260 83 praeparare:
763 274 139 83 quod
850 274 139 83 homo
937 274 173 83 nondum
1058 274 173 83 litera
1180 274 156 83 legis
1284 274 191 83 naturae
1422 274 156 83 animo
1526 274 191 83 deleta,
1665 274 139 83 sine
1752 274 173 83 litera
1873 274 243 83 exterioris
2047 274 156 83 scripti

443 341 167 69 facere
560 341 184 69 potuit:
694 341 83 69 &
727 341 184 69 exempla
860 341 167 69 operis
977 341 200 69 posteris
1127 341 184 69 tanquam
1261 341 184 69 tabulas
1394 341 150 69 legis
1494 341 117 69 pro
1561 341 150 69 statu
1661 341 133 69 illo
1745 341 167 69 semper
1861 341 200 69 posteris
2011 341 217 69 reliquit:

433 403 106 68 vt
486 403 195 68 tabulas
628 403 195 68 literae
770 403 124 68 non
841 403 213 68 scribere
1001 403 266 68 oportuerit.
1214 403 142 68 Vnde
1303 403 160 68 super
1409 403 160 68 illud
1516 403 160 68 Exod.
1622 403 195 68 xxiiii.
1764 403 142 68 Dabo
1853 403 142 68 tibi
1942 403 213 68 tabulas:
2084 403 124 68 dicit

447 452 167 70 Glos.
559 452 111 70 in
614 452 222 70 fortibus
781 452 148 70 fixa
873 452 259 70 intentione
1077 452 296 70 custodienda:
1317 452 185 70 qucrum
1447 452 204 70 exempla
1595 452 130 70 cum
1669 452 167 70 nobis
1780 452 222 70 imitanda
1947 452 296 70 proponuntur:

435 503 146 70 quasi
532 503 179 70 scripta
662 503 98 70 in
711 503 163 70 lapide
825 503 114 70 lex
890 503 244 70 ostenditur.
1085 503 114 70 Hic
1151 503 98 70 vt
1199 503 146 70 dicit
1297 503 228 70 Cassianus,
1476 503 179 70 Mandata
1606 503 146 70 legis
1704 503 163 70 absque
1818 503 179 70 literae
1948 503 228 70 cognitione
2110 503 98 70 ante

437 555 194 73 legem,
573 555 156 73 immo
670 555 156 73 ante
767 555 233 73 diluuium
942 555 175 73 omnes
1059 555 214 73 sanctos
1214 555 272 73 obseruasse
1428 555 311 73 cognoscimus.
1681 555 233 73 secundum
1856 555 156 73 quod
1953 555 214 73 exempla
2089 555 117 73 indu

447 609 128 68 cit
520 609 110 68 de
575 609 164 68 Abel.
684 609 183 68 Enoch,
812 609 146 68 Sem,
903 609 91 68 &
940 609 201 68 laphet,
1086 609 219 68 Abraham,
1250 609 164 68 Loth,
1360 609 91 68 &
1396 609 128 68 lob
1469 609 146 68 quae
1561 609 201 68 propter
1707 609 256 68 dispendium
1908 609 256 68 praetereo.
2109 609 128 68 Sed

450 663 285 72 generaliter
678 663 171 72 addit
792 663 133 72 pro
868 663 209 72 omnibus
1021 663 209 72 dicens.
1173 663 152 72 Quem
1268 663 247 72 sanctorum
1458 663 209 72 legimus
1610 663 152 72 ante
1705 663 171 72 legem
1820 663 171 72 vllum
1934 663 171 72 legis
2048 663 133 72 non
2105 663 95 72 ob-

436 716 235 72 seruasse
613 716 255 72 mandatum:
809 716 157 72 Quis
907 716 216 72 illorum
1063 716 137 72 non
1142 716 294 72 custodiuit:
1377 716 157 72 Audi
1475 716 196 72 lfrael
1612 716 157 72 deus
1710 716 157 72 tuus
1808 716 157 72 vnus
1906 716 157 72 est:
2004 716 157 72 Quis
2102 716 137 72 non

434 784 221 49 impleuit
600 784 184 49 illud,
729 784 129 49 Non
802 784 184 49 facies
931 784 148 49 tibi
1024 784 258 49 sculptile:
1227 784 166 49 neque
1337 784 166 49 vllam
1448 784 332 49 similitudinem:
1725 784 148 49 Quis
1817 784 203 49 illorum
1964 784 129 49 non
2020 784 184 49 obserua-

444 824 138 60 uit,
530 824 172 60 honora
651 824 172 60 patrem
771 824 86 60 &
806 824 190 60 matrem,
943 824 121 60 vel
1012 824 138 60 illa
1098 824 138 60 quae
1185 824 103 60 in
1236 824 207 60 Decalogo
1391 824 241 60 sequuntur,
1581 824 121 60 Non
1650 824 207 60 occides,
1805 824 121 60 Non
1874 824 310 60 adulteraberis,
2115 824 86 60 Non

435 879 196 65 facies
573 879 216 65 furtum,
730 879 137 65 Non
808 879 196 65 falsum
945 879 294 65 testimonium
1181 879 196 65 dices,
1318 879 137 65 Non
1397 879 294 65 concupisces
1632 879 196 65 vxorem
1769 879 216 65 proximi
1926 879 157 65 tui,
2024 879 216 65 aliaque

448 932 136 68 his
525 932 174 68 multo
641 932 213 68 maiora,
796 932 194 68 quibus
932 932 136 68 non
1010 932 174 68 solum
1126 932 194 68 legis:
1261 932 136 68 sed
1339 932 174 68 etiam
1455 932 252 68 euangelii
1649 932 252 68 impleuere
1843 932 233 68 mandata.
2017 932 116 68 Ex
2056 932 155 68 quibus

443 988 205 63 vlterius
597 988 256 63 procedendo:
802 988 205 63 intentum
956 988 222 63 concludit
1127 988 188 63 dicens.
1264 988 137 63 Illi
1349 988 171 63 igitur
1469 988 205 63 habentes
1623 988 222 63 naturalis
1794 988 154 63 atque
1896 988 188 63 insitae
2033 988 154 63 legis
2119 988 85 63 sa-

442 1039 121 72 nam
511 1039 156 72 atque
615 1039 208 72 integram
771 1039 277 72 disciplinam,
996 1039 225 72 nequaquam
1169 1039 139 72 lege
1256 1039 121 72 hac
1325 1039 260 72 extrinsecus
1533 1039 191 72 addita,
1672 1039 243 72 literisque
1862 1039 243 72 descripta:
2053 1039 139 72 quae
2140 1039 104 72 in

455 1097 237 63 adiutorium
642 1097 136 63 illi
726 1097 204 63 naturali
879 1097 136 63 data
964 1097 136 63 est,
1049 1097 254 63 indigebant.
1252 1097 102 63 Ex
1303 1097 170 63 quibus
1422 1097 254 63 apertissima
1625 1097 187 63 ratione
1761 1097 254 63 colligitur:
1965 1097 102 63 vt
2015 1097 170 63 dicit:
2117 1097 85 63 nec

459 1146 155 64 istam
562 1146 155 64 legem
665 1146 258 64 conscriptam
872 1146 189 64 literis
1010 1146 138 64 dari
1096 1146 103 64 ab
1147 1146 172 64 initio
1268 1146 224 64 debuisse.
1440 1146 138 64 Erat
1526 1146 138 64 enim
1612 1146 121 64 hoc
1681 1146 241 64 superfsuum
1871 1146 172 64 fieri,
1991 1146 172 64 stante
2094 1146 121 64 adhuc

466 1208 217 59 naturali
628 1208 162 59 lege:
737 1208 126 59 nec
809 1208 108 59 ad
863 1208 217 59 integrum
1026 1208 217 59 violata.
1188 1208 144 59 Hanc
1278 1208 144 59 enim
1369 1208 162 59 legem
1477 1208 271 59 Sethpaterna
1693 1208 253 59 traditione
1892 1208 271 59 suscipiens,
2109 1208 90 59 &
2127 1208 90 59 per

454 1253 295 70 successiones
693 1253 221 70 posteris
859 1253 221 70 tradens,
1025 1253 166 70 donec
1136 1253 203 70 diuisus
1283 1253 92 70 a
1320 1253 240 70 sacrilega
1504 1253 295 70 propagatione
1744 1253 147 70 Cham
1836 1253 277 70 perdurauit,
2039 1253 166 70 quoniam

456 1320 128 52 eam
529 1320 183 52 sancte
657 1320 238 52 suscepit:
840 1320 128 52 ita
913 1320 165 52 etiam
1023 1320 128 52 vel
1096 1320 110 52 ad
1151 1320 128 52 dei
1225 1320 183 52 cultum
1353 1320 128 52 vel
1426 1320 110 52 ad
1481 1320 256 52 vtilitatem
1682 1320 165 52 vitae
1792 1320 220 52 communis
1957 1320 238 52 exercuit.
2121 1320 92 52 Cum

465 1360 141 68 vero
553 1360 176 68 impiae
676 1360 264 68 generationi
887 1360 193 68 fuisset
1028 1360 246 68 permixtus,
1221 1360 88 68 &
1256 1360 176 68 filiis
1379 1360 141 68 Seth
1467 1360 228 68 libidinis
1643 1360 281 68 instigatione
1871 1360 281 68 transgressis
2100 1360 141 68 man-

451 1406 186 61 datum:
581 1406 148 61 quod
674 1406 111 61 ab
730 1406 204 61 exordio
878 1406 167 61 mundi
989 1406 223 61 naturali
1156 1406 297 61 institutione
1398 1406 186 61 fuerat
1528 1406 278 61 custoditum:
1750 1406 204 61 necesse
1899 1406 148 61 fuit
1991 1406 130 61 per
2047 1406 167 61 literam

457 1469 164 59 legis
566 1469 182 59 postea
694 1469 237 59 reparari,
876 1469 146 59 lege
968 1469 219 59 naturali
1132 1469 128 59 iam
1205 1469 219 59 corrupta
1369 1469 128 59 vsu
1442 1469 292 59 libertateque
1679 1469 237 59 peccandi.
1861 1469 109 59 Et
1916 1469 146 59 tunc
2007 1469 182 59 primum
2117 1469 91 59 ad-

454 1527 170 59 iutrix
573 1527 119 59 lex
641 1527 187 59 scripta
777 1527 204 59 apposita
930 1527 136 59 est,
1015 1527 204 59 erudiens
1168 1527 119 59 eos
1236 1527 102 59 ne
1287 1527 102 59 ab
1339 1527 136 59 illa
1424 1527 238 59 disciplina
1611 1527 102 59 in
1662 1527 119 59 qua
1730 1527 255 59 naturaliter
1934 1527 187 59 fuerant
2053 1527 153 59 institu

457 1577 121 61 ti,
526 1577 242 61 discedant:
716 1577 104 61 ne
767 1577 190 61 penitus
905 1577 173 61 litera
1026 1577 155 61 legis
1130 1577 224 61 naturalis
1302 1577 311 61 extingueretur.
1561 1577 104 61 Et
1613 1577 138 61 ideo
1699 1577 155 61 dicit
1803 1577 242 61 apostolus:
1993 1577 138 61 quia
2062 1577 138 61 iustis

457 1632 121 59 non
526 1632 121 59 est
595 1632 121 59 lex
665 1632 191 59 posita:
803 1632 139 59 quia
890 1632 260 59 naturaliter
1098 1632 104 59 ea
1150 1632 139 59 quae
1237 1632 156 59 legis
1341 1632 156 59 sunt,
1444 1632 208 59 faciunt:
1600 1632 121 59 sed
1670 1632 208 59 iniustis
1826 1632 87 59 &
1860 1632 243 59 sceleratis
2051 1632 87 59 &
2068 1632 139 59 pecca-

457 1683 215 61 toribus.
619 1683 215 61 secundum
780 1683 144 61 quod
870 1683 162 61 dicit
978 1683 287 61 Chrysostomus
1211 1683 162 61 super
1319 1683 162 61 illud
1426 1683 144 61 Mat.
1516 1683 144 61 vii.
1606 1683 144 61 Ecce
1695 1683 233 61 centurio.
1875 1683 251 61 Scripturae
2072 1683 108 61 ad
2108 1683 108 61 prae

452 1742 217 57 iudicium
615 1742 253 57 peccatorum
813 1742 181 57 factae
940 1742 163 57 sunt,
1048 1742 127 57 non
1121 1742 108 57 ad
1175 1742 289 57 necessitatem
1410 1742 253 57 sanctorum:
1609 1742 145 57 quia
1699 1742 181 57 rectis
1825 1742 90 57 &
1862 1742 235 57 fidelibus
2024 1742 181 57 scriptu-

456 1797 124 54 rae
527 1797 267 54 necessariae
741 1797 124 54 non
812 1797 160 54 sunt:
918 1797 124 54 sed
989 1797 231 54 iniustis.
1167 1797 213 54 Magistra
1327 1797 142 54 enim
1416 1797 160 54 omnis
1523 1797 231 54 iustitiae
1701 1797 142 54 ipsa
1789 1797 178 54 natura
1914 1797 124 54 est
1985 1797 213 54 hominum.
2145 1797 107 54 Vn

446 1844 119 61 de
506 1844 178 61 dicit
624 1844 277 61 Augustinus
841 1844 119 61 in
901 1844 217 61 sermone
1059 1844 217 61 quodam.
1217 1844 316 61 Praesumebant
1474 1844 217 61 homines
1632 1844 119 61 de
1691 1844 158 61 suis
1790 1844 237 61 viribus:
1968 1844 99 61 &
2007 1844 237 61 faciendo

452 1894 217 71 quicquid
615 1894 145 71 sibi
705 1894 181 71 licere
832 1894 326 71 arbitrabantur:
1104 1894 235 71 peccabant
1285 1894 109 71 in
1339 1894 145 71 lege
1430 1894 127 71 dei
1503 1894 217 71 occulta.
1666 1894 145 71 Vnde
1756 1894 91 71 &
1792 1894 127 71 lex
1865 1894 145 71 ista
1955 1894 235 71 manifesta
2118 1894 91 71 pro

453 1954 198 60 mulgata
597 1954 126 60 est
669 1954 144 60 eis:
759 1954 126 60 qui
831 1954 180 60 omnino
957 1954 144 60 sibi
1047 1954 126 60 rei
1119 1954 126 60 non
1191 1954 144 60 esse
1281 1954 270 60 videbantur.
1496 1954 126 60 Sic
1568 1954 144 60 ergo
1658 1954 126 60 nec
1730 1954 108 60 in
1784 1954 162 60 statu
1892 1954 288 60 innocentiae:
2108 1954 90 60 nec

456 2001 183 66 statim
584 2001 146 66 post
675 2001 219 66 peccatum
839 2001 183 66 debuit
967 2001 146 66 ista
1058 2001 219 66 scientia
1223 2001 219 66 scriptis
1387 2001 274 66 commendari:
1606 2001 128 66 sed
1679 2001 164 66 solum
1789 2001 146 66 tunc
1880 2001 128 66 cum
1953 2001 146 66 lege
2026 2001 183 66 naturali

462 2055 167 67 quasi
574 2055 186 67 deleta
704 2055 130 67 per
778 2055 130 67 eam
853 2055 130 67 non
927 2055 297 67 sufficiebant
1168 2055 111 67 se
1224 2055 204 67 homines
1373 2055 204 67 iuuare.
1522 2055 93 67 &
1559 2055 111 67 si
1614 2055 334 67 transgressores
1893 2055 149 67 illi
1986 2055 167 67 primi
2079 2055 130 67 natu-

465 2116 165 56 ralis
575 2116 165 56 legis
685 2116 128 56 non
758 2116 257 56 meruissent
960 2116 147 56 sine
1052 2116 147 56 vlla
1143 2116 293 56 excusatione,
1382 2116 202 56 aquarum
1528 2116 202 56 diluuii
1675 2116 275 56 inundatione
1895 2116 202 56 puniri:
2042 2116 92 56 &
2060 2116 147 56 tempus

470 2160 273 65 poenitentiae
692 2160 119 65 eis
760 2160 188 65 fuisset
896 2160 222 65 indultum,
1067 2160 170 65 statim
1186 2160 188 65 fuisset
1322 2160 170 65 tempus
1442 2160 273 65 conscribendi
1663 2160 153 65 legem
1766 2160 102 65 in
1817 2160 205 65 literis:
1970 2160 119 65 sed
2039 2160 136 65 quia
2107 2160 102 65 tunc

459 2216 127 63 non
532 2216 145 63 nisi
622 2216 127 63 Noe
695 2216 182 63 iustus
822 2216 236 63 superstes
1004 2216 182 63 mansit
1131 2216 127 63 cum
1204 2216 164 63 suis:
1313 2216 164 63 quasi
1422 2216 109 63 in
1476 2216 127 63 quo
1549 2216 182 63 viguit
1676 2216 218 63 iudicium
1840 2216 236 63 naturalis
2021 2216 164 63 legis
2112 2216 91 63 suf

456 2266 240 57 ficienter
640 2266 129 57 pro
714 2266 111 57 se
769 2266 92 57 &
806 2266 129 57 pro
880 2266 166 57 suis,
991 2266 129 57 non
1065 2266 148 57 fuit
1157 2266 148 57 opus
1249 2266 166 57 adhuc
1360 2266 258 57 scripturam
1563 2266 221 57 condere:
1729 2266 129 57 sed
1803 2266 148 57 tunc
1895 2266 148 57 noua
1988 2266 185 57 populi
2117 2266 129 57 in-

461 2319 254 57 stitutione
660 2319 163 57 facta
769 2319 127 57 per
842 2319 145 57 Noe,
932 2319 91 57 &
968 2319 181 57 filios
1095 2319 145 57 eius
1186 2319 254 57 expectatum
1385 2319 145 57 est:
1476 2319 218 57 quousque
1639 2319 218 57 secundum
1802 2319 163 57 genus
1911 2319 199 57 humanum
2056 2319 109 57 in
2092 2319 109 57 pro-

460 2373 179 60 fundo
579 2373 278 60 peccatorum
798 2373 199 60 pelago
937 2373 119 60 se
996 2373 298 60 demergeret:
1234 2373 99 60 &
1274 2373 159 60 tunc
1373 2373 199 60 educto
1512 2373 119 60 de
1572 2373 199 60 populo
1711 2373 238 60 barbaro,
1889 2373 199 60 populo
2028 2373 119 60 ad
2068 2373 139 60 legis

462 2425 312 63 susceptionem
716 2425 215 63 idoneo:
872 2425 156 63 tunc
970 2425 176 63 primo
1087 2425 195 63 tempus
1224 2425 156 63 fuit
1321 2425 137 63 per
1400 2425 195 63 Moysen
1536 2425 117 63 in
1595 2425 215 63 scripto
1751 2425 176 63 tradi
1868 2425 273 63 mandatorum
2063 2425 137 63 legis

466 2485 199 63 edicta.
611 2485 289 63 Intelligimus
845 2485 145 63 ergo
936 2485 145 63 quod
1026 2485 145 63 deus
1117 2485 108 63 ab
1171 2485 181 63 initio
1297 2485 199 63 hominem
1442 2485 90 63 &
1478 2485 108 63 in
1532 2485 271 63 naturalibus
1749 2485 90 63 &
1785 2485 108 63 in
1840 2485 235 63 gratuitis
2002 2485 199 63 perfectum

462 2544 219 63 creauit:
626 2544 91 63 &
662 2544 109 63 in
717 2544 201 63 corpore
863 2544 91 63 &
900 2544 109 63 in
954 2544 182 63 anima.
1082 2544 109 63 In
1137 2544 219 63 corpore,
1301 2544 146 63 quia
1392 2544 182 63 factus
1520 2544 146 63 erat
1611 2544 237 63 perfectus
1793 2544 164 63 homo:
1903 2544 109 63 vt
1958 2544 182 63 statim
2067 2544 146 63 posset

459 2603 252 52 generare.
653 2603 116 52 Et
711 2603 116 52 in
769 2603 194 52 anima,
905 2603 136 52 tam
983 2603 136 52 quo
1060 2603 116 52 ad
1119 2603 291 52 cognitionem
1352 2603 272 52 naturalem,
1565 2603 155 52 quam
1662 2603 136 52 quo
1740 2603 116 52 ad
1798 2603 291 52 cognitionem
2012 2603 194 52 superna-

465 2640 229 70 turalem.
637 2640 134 70 Quo
713 2640 114 70 ad
770 2640 286 70 cognitionem
999 2640 267 70 naturalem,
1209 2640 153 70 quia
1304 2640 191 70 sciuit
1438 2640 114 70 ex
1495 2640 229 70 naturali
1667 2640 248 70 industria
1858 2640 172 70 omnia
1972 2640 267 70 quaecunque

471 2693 101 65 ex
522 2693 168 65 primis
639 2693 235 65 principiis
824 2693 252 65 naturaliter
1025 2693 151 65 notis
1126 2693 118 65 tam
1193 2693 101 65 in
1244 2693 185 65 actiuis
1378 2693 134 65 quam
1462 2693 101 65 in
1512 2693 269 65 speculatiuis
1731 2693 151 65 sciri
1832 2693 202 65 possunt.
1983 2693 118 65 Quo
2050 2693 101 65 ad
2083 2693 118 65 cogni

468 2747 198 65 tionem
607 2747 376 65 supernaturalem:
923 2747 99 65 &
963 2747 178 65 eorum
1082 2747 158 65 quae
1181 2747 257 65 naturalem
1379 2747 297 65 cognitionem
1616 2747 257 65 excedunt:
1814 2747 158 65 quia
1913 2747 119 65 in
1972 2747 139 65 iis
2052 2747 158 65 quae
2131 2747 79 65 de

472 2797 121 65 deo
541 2797 86 65 &
575 2797 103 65 de
627 2797 155 65 rebus
730 2797 190 65 diuinis
868 2797 259 65 cognoscenda
1075 2797 155 65 erant
1179 2797 121 65 per
1248 2797 172 65 fidem,
1368 2797 121 65 pro
1437 2797 155 65 statu
1541 2797 138 65 illo
1627 2797 241 65 perfectius
1816 2797 155 65 nouit
1920 2797 138 65 quam
2006 2797 121 65 nos
2075 2797 121 65 pro
2127 2797 86 65 sta

472 2854 102 61 tu
523 2854 136 61 post
608 2854 204 61 peccatum
761 2854 153 61 nosse
864 2854 238 61 poterimus.
1051 2854 272 61 Intelligimus
1272 2854 153 61 etiam
1375 2854 102 61 de
1426 2854 204 61 posteris
1579 2854 136 61 eius
1664 2854 102 61 si
1715 2854 102 61 in
1766 2854 153 61 statu
1868 2854 255 61 innocentiae
2056 2854 136 61 permam

474 2906 167 65 sisset,
595 2906 121 65 quod
671 2906 182 65 secundum
807 2906 227 65 incrementum
989 2906 151 65 virium
1095 2906 91 65 ad
1140 2906 197 65 perfectum
1292 2906 91 65 in
1337 2906 121 65 omni
1413 2906 182 65 scientia
1549 2906 182 65 naturali
1685 2906 76 65 &
1715 2906 182 65 gratuita
1852 2906 257 65 profecissent,
2064 2906 121 65 quam
2124 2906 76 65 si-

468 2963 102 68 ne
519 2963 222 68 obliuione
690 2963 239 68 conseruare
878 2963 222 68 facillime
1048 2963 256 68 potuissent.
1253 2963 188 68 Propter
1390 2963 137 68 quod
1475 2963 102 68 in
1526 2963 154 68 statu
1629 2963 137 68 illo
1714 2963 119 68 non
1782 2963 137 68 erat
1868 2963 171 68 omnino
1987 2963 188 68 literis
2107 2963 102 68 con-

456 3009 239 68 scribendum:
647 3009 127 68 quod
727 3009 143 68 legis
822 3009 143 68 erat.
918 3009 127 68 Post
997 3009 191 68 peccatum
1141 3009 159 68 etiam,
1252 3009 191 68 quousque
1395 3009 111 68 per
1459 3009 223 68 peccatorum
1634 3009 255 68 exuberantiam
1841 3009 143 68 legis
1936 3009 175 68 littera
2064 3009 143 68 quasi
2143 3009 64 68 de

464 3068 129 61 corde
549 3068 157 61 hominis
664 3068 114 61 erat
735 3068 157 61 deleta:
850 3068 214 61 sufficiebat
1021 3068 143 61 omnino
1121 3068 157 61 littera
1235 3068 129 61 legis
1321 3068 186 61 naturalis
1464 3068 100 61 per
1521 3068 157 61 naturam
1636 3068 157 61 scripta
1750 3068 86 61 in
1793 3068 129 61 corde
1879 3068 172 61 hominis,
2007 3068 71 61 &
2036 3068 157 61 littera
2136 3068 57 61 le

460 3123 116 74 gis
527 3123 298 74 supernaturalis
775 3123 182 74 scripta
908 3123 116 74 per
974 3123 199 74 gratiam.
1124 3123 116 74 Nec
1190 3123 199 74 oportuit
1339 3123 133 74 vnam
1422 3123 116 74 vel
1488 3123 182 74 alteram
1621 3123 199 74 scribere
1770 3123 166 74 lrters
1886 3123 282 74 exterioribus:
2118 3123 116 74 sed
