2482 3772
248 306 191 79 sensus:
387 306 104 79 vt
439 306 226 79 expositum
613 306 122 79 est
682 306 104 79 in
734 306 243 79 quaestione
926 306 278 79 praecedenti.
1152 306 209 79 Negabant
1308 306 156 79 autem
1412 306 139 79 illi
1499 306 156 79 primi
1604 306 226 79 Academici
1777 306 156 79 omnem
1864 306 122 79 scien

250 383 145 58 tiam
341 383 91 58 &
377 383 218 58 notitiam
540 383 236 58 veritatis
721 383 272 58 simpliciter
939 383 200 58 quantum
1084 383 109 58 ad
1139 383 163 58 verba
1247 383 145 58 sua:
1338 383 109 58 vt
1392 383 163 58 veram
1501 383 254 58 sententiam
1701 383 218 58 Plaronis
1864 383 109 58 de
1900 383 91 58 syn

252 437 161 60 cerae
359 437 232 60 veritatis
538 437 197 60 notitia
681 437 107 60 ad
735 437 179 60 tempus
860 437 232 60 opportune
1039 437 286 60 occultarent:
1271 437 143 60 quam
1360 437 179 60 deinde
1486 437 197 60 tempore
1629 437 197 60 congruo
1772 437 107 60 ad
1825 437 143 60 hoc.
1897 437 89 60 Ter

245 492 129 67 tium
325 492 145 67 genus
422 492 273 67 Academicorum,
647 492 241 67 propalaret.
840 492 193 67 secundum
985 492 129 67 quod
1065 492 145 67 dicit
1162 492 241 67 Augustinus.
1355 492 113 67 ii.
1419 492 97 67 de
1467 492 129 67 Aca.
1548 492 113 67 Hoc
1612 492 129 67 mihi
1692 492 193 67 videntur
1837 492 161 67 egisse
1934 492 48 67 &

252 538 114 60 ad
309 538 286 60 occultandum
538 538 286 60 tardioribus
767 538 95 60 &
805 538 114 60 ad
862 538 324 60 significandum
1129 538 362 60 vigilantioribus
1434 538 267 60 sententiam
1644 538 172 60 suam.
1758 538 191 60 certam
1873 538 114 60 enim

246 592 235 66 habuerunt
426 592 235 66 Academici
607 592 108 66 de
661 592 217 66 veritate
824 592 253 66 scientiam:
1022 592 90 66 &
1058 592 126 66 eam
1131 592 181 66 temere
1257 592 199 66 ignotis
1401 592 126 66 vel
1474 592 126 66 non
1546 592 217 66 purgatis
1708 592 181 66 animis
1817 592 162 66 prodere

253 645 223 65 noluerunt.
428 645 127 65 Quid
508 645 159 65 igitur
620 645 112 65 (vt
683 645 143 65 dicit
779 645 127 65 lib.
859 645 127 65 iii.
938 645 175 65 placuit
1066 645 159 65 tantis
1177 645 143 65 viris
1273 645 143 65 agere
1369 645 96 65 ne
1416 645 96 65 in
1464 645 191 65 quemquam
1608 645 159 65 cadere
1719 645 127 65 veri
1799 645 191 65 scientia
1926 645 64 65 vi

247 702 202 61 deretur:
399 702 185 61 audite,
533 702 185 61 inquit,
668 702 118 61 iam
735 702 202 61 paululum
886 702 235 61 attentius:
1071 702 118 61 non
1138 702 135 61 quid
1222 702 219 61 scientiam
1391 702 118 61 sed
1458 702 135 61 quid
1542 702 219 61 aestimem.
1710 702 151 61 Plato
1811 702 118 61 vir
1861 702 135 61 sapien

250 751 220 62 tissimus
415 751 92 62 &
452 751 312 62 eruditissimus
708 751 220 62 temporum
874 751 184 62 suorum
1002 751 165 62 fuit:
1112 751 147 62 quem
1204 751 184 62 certum
1332 751 128 62 est
1406 751 147 62 duos
1498 751 220 62 sensisse
1663 751 184 62 mundos
1791 751 165 62 esse.
1883 751 110 62 Vnum

250 803 323 66 intelligibilem
520 803 108 66 in
573 803 126 66 quo
645 803 198 66 veritas
789 803 144 66 ipsa
879 803 216 66 habitat.
1041 803 198 66 Alterum
1184 803 162 66 autem
1292 803 162 66 istum
1400 803 180 66 mundum
1526 803 252 66 sensibilem
1723 803 108 66 ad
1777 803 180 66 illius
1885 803 108 66 ima-

247 863 162 63 ginem
355 863 198 63 factum:
499 863 90 63 &
535 863 108 63 de
589 863 144 63 illo
679 863 108 63 in
733 863 126 63 eam
805 863 126 63 qua
877 863 108 63 se
931 863 270 63 cognosceret
1148 863 180 63 animam
1274 863 162 63 velut
1382 863 216 63 expoliri
1544 863 90 63 &
1580 863 162 63 quasi
1688 863 216 63 serenari
1832 863 162 63 verita-

256 910 130 63 tem.
337 910 97 63 De
385 910 130 63 isto
466 910 146 63 autem
563 910 97 63 in
612 910 210 63 stultorum
774 910 162 63 animis
887 910 113 63 non
952 910 210 63 scientiam
1114 910 113 63 sed
1179 910 210 63 opinionem
1340 910 146 63 posse
1438 910 210 63 generari.
1599 910 130 63 Haec
1680 910 81 63 &
1713 910 130 63 alms
1794 910 81 63 a
1810 910 178 63 huiusmodi

247 961 218 64 videntur
410 961 163 64 inter
519 961 145 64 eius
610 961 272 64 successores
828 961 200 64 quantum
973 961 236 64 potuerunt
1155 961 145 64 esse
1246 961 218 64 seruata:
1409 961 91 64 &
1445 961 127 64 pro
1518 961 236 64 mysteriis
1699 961 254 64 custodita.
1899 961 127 64 Non

250 1015 132 68 enim
332 1015 165 68 facile
447 1015 132 68 ista
529 1015 263 68 percipiuntur
743 1015 132 68 nisi
826 1015 99 68 ab
875 1015 115 68 eis
941 1015 115 68 qui
1007 1015 99 68 se
1056 1015 99 68 ab
1106 1015 181 68 omnibus
1237 1015 165 68 vitiis
1352 1015 214 68 mundantes
1517 1015 82 68 &
1550 1015 99 68 in
1599 1015 148 68 aliam
1698 1015 181 68 quandam
1813 1015 165 68 plusquam

250 1070 215 58 humanam
407 1070 333 58 consuetudinem
681 1070 274 58 vendicant:
897 1070 294 58 grauiterque
1132 1070 196 58 peccat
1269 1070 235 58 quisquis
1445 1070 117 58 ea
1504 1070 196 58 sciens
1641 1070 255 58 quoslibet
1817 1070 176 58 homines

253 1125 171 59 docere
373 1125 222 59 voluerit.
544 1125 222 59 Quamobrem
715 1125 120 59 cum
783 1125 137 59 Aeno
869 1125 205 59 princeps
1023 1125 222 59 stoicorum
1194 1125 120 59 nec
1262 1125 205 59 quicquam
1416 1125 137 59 esse
1502 1125 188 59 praeter
1639 1125 137 59 hunc
1724 1125 240 59 sensibilem
1895 1125 86 59 mun

249 1178 123 70 dum
319 1178 210 70 nihilque
476 1178 105 70 in
529 1178 105 70 eo
581 1178 123 70 agi
651 1178 140 70 nisi
739 1178 210 70 corpore.
896 1178 123 70 Nam
966 1178 140 70 deum
1054 1178 88 70 &
1089 1178 140 70 ipse
1176 1178 158 70 ignem
1281 1178 210 70 putabat:
1439 1178 298 70 prudentissime
1684 1178 158 70 atque
1771 1178 210 70 vtilissime

246 1232 138 62 mihi
332 1232 190 62 videtur
470 1232 241 62 Archesilas
659 1232 121 62 cum
728 1232 155 62 illud
832 1232 138 62 late
918 1232 207 62 serperet
1073 1232 172 62 malum,
1193 1232 241 62 occultasse
1383 1232 190 62 penitus
1521 1232 224 62 Academiae
1693 1232 224 62 scientiam
1865 1232 86 62 &
1883 1232 103 62 quae

248 1282 102 61 si
299 1282 153 61 aurum
401 1282 255 61 inueniendum
605 1282 204 61 posteris
759 1282 221 61 obruisse.
929 1282 153 61 Quare
1031 1282 119 61 cum
1099 1282 102 61 in
1150 1282 170 61 falsas
1269 1282 221 61 opiniones
1439 1282 153 61 ruere
1541 1282 119 61 sit
1610 1282 153 61 turba
1712 1282 221 61 paratior:
1882 1282 85 61 &
1899 1282 85 61 con

253 1337 215 63 suetudine
419 1337 198 63 corporum
568 1337 149 63 omnia
667 1337 132 63 esse
749 1337 198 63 corporea
898 1337 215 63 facillime
1063 1337 116 63 sed
1130 1337 149 63 noxie
1229 1337 231 63 credantur:
1410 1337 215 63 instituit
1576 1337 116 63 vir
1642 1337 248 63 acutissimus
1824 1337 165 63 dedocere

258 1388 152 65 potius
364 1388 121 65 quos
440 1388 212 65 patiebatur
607 1388 121 65 male
683 1388 167 65 doctos:
804 1388 121 65 quam
880 1388 152 65 docere
986 1388 121 65 quos
1062 1388 167 65 dociles
1184 1388 106 65 non
1244 1388 258 65 arbitrabatur.
1457 1388 106 65 Cum
1518 1388 121 65 enim
1593 1388 106 65 (vt
1654 1388 137 65 dicit
1745 1388 91 65 in
1791 1388 182 65 epistola
1927 1388 91 65 ad

253 1443 179 63 Dioscorm)
391 1443 165 63 Epicurei
515 1443 152 63 numquam
625 1443 124 63 falli
708 1443 165 63 corporis
832 1443 262 63 sensusdicerent:
1053 1443 138 63 stoici
1149 1443 124 63 autem
1232 1443 124 63 falli
1315 1443 179 63 aliquando
1452 1443 221 63 concederent:
1632 1443 152 63 vtrique
1742 1443 124 63 tamen
1825 1443 152 63 regulam
1921 1443 69 63 con

260 1497 263 66 prehendendae
473 1497 214 66 veritatis
637 1497 99 66 in
687 1497 197 66 sensibus
834 1497 214 66 ponerent:
999 1497 131 66 quis
1081 1497 148 66 istis
1179 1497 328 66 contradicentibus
1458 1497 181 66 audiret
1590 1497 164 66 Platon
1705 1497 115 66 cos
1771 1497 99 66 si
1820 1497 99 66 ab
1869 1497 115 66 eis
1918 1497 66 66 di

244 1562 185 52 ceretur
379 1562 118 52 non
446 1562 151 52 solum
547 1562 134 52 esse
631 1562 185 52 aliquid
765 1562 134 52 quod
849 1562 151 52 neque
950 1562 151 52 tactu
1051 1562 202 52 corporis
1202 1562 151 52 neque
1303 1562 185 52 olfactu
1437 1562 151 52 neque
1538 1562 151 52 gustu
1639 1562 118 52 vel
1706 1562 185 52 auribus
1841 1562 118 52 aut
1891 1562 101 52 ocu-

256 1598 113 74 lis
321 1598 178 74 percipi
450 1598 178 74 possit:
579 1598 146 74 neque
676 1598 162 74 aliqua
790 1598 259 74 imaginatione
1000 1598 210 74 cogitari:
1162 1598 113 74 sed
1227 1598 97 74 id
1275 1598 146 74 solum
1372 1598 129 74 vere
1453 1598 129 74 esse
1534 1598 146 74 atque
1631 1598 97 74 id
1680 1598 146 74 solum
1777 1598 129 74 vere
1841 1598 146 74 percipi

259 1655 129 69 posse
345 1655 114 69 quod
416 1655 243 69 incommutabile
616 1655 129 69 atque
702 1655 215 69 sempiternum
874 1655 114 69 est:
945 1655 157 69 percipi
1060 1655 129 69 autem
1146 1655 114 69 sola
1217 1655 243 69 intelligentia
1418 1655 114 69 quae
1489 1655 157 69 veritas
1604 1655 114 69 quom
1675 1655 157 69 attingi
1790 1655 143 69 potest
1890 1655 129 69 attin

247 1708 153 70 gatur:
354 1708 107 70 Cum
415 1708 122 70 ergo
491 1708 137 70 talia
583 1708 198 70 sentirent
735 1708 198 70 Platonici
888 1708 122 70 quae
964 1708 137 70 neque
1056 1708 183 70 docerent
1193 1708 137 70 carni
1285 1708 168 70 deditos
1407 1708 183 70 homines,
1544 1708 137 70 neque
1636 1708 137 70 tanta
1727 1708 153 70 essent
1819 1708 168 70 auctorita

247 1774 105 52 te
300 1774 140 52 apud
388 1774 193 52 populos
528 1774 105 52 vt
581 1774 210 52 credenda
739 1774 281 52 persuaderent
967 1774 158 52 donec
1072 1774 105 52 ad
1125 1774 123 52 eum
1195 1774 193 52 habitum
1335 1774 281 52 perduceretur
1563 1774 175 52 animus
1686 1774 123 52 quo
1756 1774 140 52 ista
1826 1774 158 52 capiun-

250 1815 135 60 tur:
335 1815 220 60 elegerunt
503 1815 220 60 occultare
672 1815 236 60 sententiam
858 1815 152 60 suam:
960 1815 84 60 &
993 1815 169 60 contra
1112 1815 118 60 eos
1179 1815 220 60 dissercre
1348 1815 118 60 qui
1416 1815 152 60 verum
1517 1815 101 60 se
1568 1815 220 60 inuenisse
1737 1815 236 60 iactarent:
1906 1815 84 60 cum

253 1872 258 54 inuentionem
459 1872 155 54 ipsam
562 1872 138 54 veri
648 1872 103 54 in
700 1872 172 54 carnis
820 1872 206 54 sensibus
975 1872 223 54 ponerent.
1147 1872 138 54 Inde
1233 1872 103 54 vt
1284 1872 138 54 ait.
1370 1872 138 54 iii.
1456 1872 103 54 de
1508 1872 172 54 Acade.
1628 1872 155 54 omnia
1731 1872 138 54 illa
1817 1872 138 54 nata
1886 1872 103 54 sunt

250 1917 150 73 quae
344 1917 169 73 nouae
457 1917 244 73 Academiae
645 1917 319 73 attribuuntur.
908 1917 150 73 Noui
1002 1917 150 73 enim
1095 1917 244 73 Academici
1283 1917 169 73 illud
1396 1917 244 73 mysterium
1584 1917 131 73 non
1659 1917 225 73 scientes
1809 1917 188 73 dixerunt

249 1978 154 57 Acad.
352 1978 189 57 veteres
489 1978 189 57 penitus
626 1978 189 57 negasse
763 1978 240 57 scientiam:
952 1978 86 57 &
986 1978 120 57 sic
1055 1978 120 57 eos
1123 1978 240 57 crudeliter
1312 1978 257 57 infamarunt:
1518 1978 171 57 quibus
1638 1978 257 57 posteriores
1827 1978 171 57 fertiter

247 2030 309 63 restiterunt.
498 2030 135 63 Nam
575 2030 251 63 Carneades
769 2030 174 63 primo
885 2030 174 63 illam
1001 2030 290 63 calumniandi
1233 2030 290 63 impudentiam
1465 2030 135 63 qua
1542 2030 213 63 videbat
1697 2030 271 63 Archesilam
1890 2030 97 63 non

251 2076 278 71 mediocriter
474 2076 260 71 diffamatum
678 2076 241 71 deposuit:
863 2076 93 71 &
900 2076 111 71 ob
956 2076 130 71 hoc
1030 2076 204 71 dicitur
1178 2076 241 71 Carneades
1364 2076 204 71 tertiae
1512 2076 241 71 Academiae
1697 2076 222 71 princeps
1864 2076 167 71 atque

241 2140 185 61 auctor
371 2140 204 61 fuisse.
519 2140 185 61 Deinde
649 2140 185 61 vltimo
779 2140 241 61 Antiochus
964 2140 222 61 Philonis
1131 2140 204 61 auditor
1279 2140 130 61 iam
1353 2140 185 61 veluti
1482 2140 204 61 aperire
1631 2140 259 61 cedentibus
1816 2140 185 61 hostibus

251 2181 176 85 portas
375 2181 229 85 coeperat:
551 2181 88 85 &
586 2181 106 85 ad
639 2181 212 85 Platonis
798 2181 282 85 auctoritatem
1027 2181 212 85 legesque
1186 2181 229 85 Academiam
1362 2181 229 85 reuocare:
1539 2181 212 85 quamquam
1697 2181 88 85 &
1733 2181 247 85 Metrodorus
1926 2181 106 85 id

253 2237 155 69 antea
356 2237 172 69 facere
477 2237 241 69 tentauerat
666 2237 121 69 qui
735 2237 172 69 primus
856 2237 190 69 dicitur
994 2237 138 69 esse
1080 2237 224 69 confessus
1252 2237 121 69 non
1321 2237 172 69 drecte
1442 2237 224 69 placuisse
1614 2237 241 69 Academicis
1803 2237 155 69 nihil
1890 2237 103 69 pos-

267 2290 87 73 se
310 2290 231 73 comprehendi:
497 2290 101 73 sed
555 2290 202 73 necessario
714 2290 144 73 contra
815 2290 159 73 Stoicos
930 2290 188 73 huiusmodi
1075 2290 115 73 arma
1147 2290 202 73 sumpsisse.
1305 2290 115 73 Post
1378 2290 115 73 illa
1450 2290 130 73 autem
1536 2290 144 73 tmpora
1637 2290 115 73 omni
1709 2290 202 73 paruicacia
1854 2290 144 73 pertira-

258 2357 175 53 ciaque
381 2357 210 53 demortua
539 2357 105 53 os
591 2357 158 53 illud
696 2357 210 53 Platonis
854 2357 140 53 quod
942 2357 105 53 in
994 2357 263 53 philosophia
1205 2357 298 53 purgatissimum
1450 2357 123 53 est
1520 2357 88 53 &
1555 2357 280 53 lucidissimum
1783 2357 193 53 dimotis
1905 2357 88 53 nu-

259 2397 160 65 bibus
366 2397 195 65 erroris
508 2397 195 65 emicuit
650 2397 178 65 maxime
774 2397 107 65 in
827 2397 213 65 Plotino:
987 2397 107 65 vt
1040 2397 107 65 in
1094 2397 124 65 hoc
1165 2397 231 65 reuixisse
1342 2397 213 65 putandus
1502 2397 142 65 sit.
1591 2397 195 65 Syncera
1733 2397 178 65 igitur
1839 2397 160 65 veritas

255 2449 93 79 vt
302 2449 155 79 dictum
411 2449 109 79 est
473 2449 109 79 non
535 2449 124 79 nisi
613 2449 93 79 ad
660 2449 186 79 exemplar
799 2449 186 79 aeternum
939 2449 186 79 conspici
1079 2449 171 79 potest.
1203 2449 109 79 Sed
1266 2449 109 79 est
1328 2449 233 79 aduertendum
1514 2449 124 79 quod
1592 2449 171 79 syncera
1716 2449 171 79 veritas
1841 2449 140 79 sciri
1918 2449 78 79 po-

258 2498 141 73 test
346 2498 247 73 aspiciendo
540 2498 106 73 ad
593 2498 123 73 hoc
663 2498 211 73 exemplar
822 2498 264 73 dupliciter.
1033 2498 123 73 vno
1104 2498 141 73 modo
1192 2498 247 73 aspiciendo
1386 2498 106 73 ad
1438 2498 159 73 ipsum
1544 2498 194 73 tanquam
1685 2498 211 73 obiectum
1826 2498 176 73 cognitum

252 2565 110 65 in
307 2565 147 65 ipso
399 2565 221 65 scilicet
564 2565 202 65 videndo
711 2565 276 65 exemplatum:
932 2565 147 65 quia
1024 2565 147 65 bene
1116 2565 184 65 probat
1244 2565 221 65 imaginem
1410 2565 129 65 qui
1483 2565 221 65 intuetur
1649 2565 239 65 exemplar,
1833 2565 110 65 vt
1869 2565 129 65 dicit

261 2608 260 69 Augustinus.
468 2608 138 69 iii.
555 2608 104 69 de
607 2608 242 69 Academicis
797 2608 138 69 cap.
884 2608 138 69 xxx.
970 2608 138 69 Alio
1057 2608 138 69 modo
1143 2608 242 69 aspiciendo
1333 2608 104 69 ad
1385 2608 208 69 exemplar
1541 2608 156 69 illud
1645 2608 190 69 tanquam
1783 2608 104 69 ad
1818 2608 173 69 rationem

253 2659 262 70 cognoscendi
462 2659 192 70 tantum.
602 2659 157 70 Primo
706 2659 140 70 modo
794 2659 262 70 cognoscimus
1003 2659 105 70 de
1055 2659 192 70 imagine
1195 2659 209 70 Herculis
1352 2659 140 70 quod
1439 2659 122 70 sit
1509 2659 140 70 vera
1597 2659 157 70 imago
1701 2659 140 70 eius
1789 2659 192 70 videndo
1911 2659 87 70 Her

268 2716 175 66 cuiem:
391 2716 88 66 &
426 2716 105 66 in
479 2716 123 66 hoc
549 2716 245 66 aduertendo
742 2716 350 66 correspondentiam
1039 2716 210 66 imaginis
1197 2716 105 66 ad
1250 2716 228 66 exemplar,
1425 2716 175 66 scimus
1547 2716 140 66 quod
1635 2716 123 66 sit
1705 2716 140 66 vera
1793 2716 158 66 imago
1880 2716 123 66 eius.

257 2768 123 70 hoc
328 2768 140 70 modo
415 2768 193 70 veritas
556 2768 246 70 cuiuslibet
749 2768 123 70 rei
819 2768 175 70 factae
942 2768 105 70 ad
994 2768 210 70 exemplar
1152 2768 298 70 perfectissime
1398 2768 263 70 cognoscitur
1608 2768 140 70 viso
1696 2768 123 70 suo
1766 2768 246 70 exemplari.
1941 2768 53 70 &

258 2829 148 63 ideo
351 2829 130 63 cum
425 2829 167 63 omnis
537 2829 223 63 creatura
704 2829 130 63 sit
778 2829 167 63 imago
889 2829 204 63 quaedam
1037 2829 185 63 diuini
1167 2829 260 63 exemplaris
1371 2829 241 63 verissime
1557 2829 93 63 &
1594 2829 315 63 perfectissime
1854 2829 185 63 cogno-

265 2875 160 67 scitur
377 2875 176 67 veritas
505 2875 224 67 cuiuslibet
682 2875 208 67 creaturae
842 2875 96 67 in
890 2875 96 67 eo
938 2875 128 67 quod
1018 2875 128 67 quod
1098 2875 112 67 est
1163 2875 176 67 videndo
1291 2875 128 67 nude
1371 2875 176 67 diuinam
1499 2875 224 67 essentiam.
1675 2875 192 67 secundum
1820 2875 128 67 quod
1884 2875 112 67 dicit

263 2926 257 72 Augustinus.
468 2926 120 72 xi.
537 2926 103 72 de
588 2926 154 72 ciui.
691 2926 137 72 dei.
776 2926 137 72 Ipsi
862 2926 171 72 sancti
981 2926 171 72 angeli
1101 2926 120 72 per
1170 2926 154 72 ipsam
1272 2926 257 72 praesentiam
1478 2926 308 72 incommutabilis
1734 2926 222 72 veritatis
1888 2926 120 72 ipsam

256 2991 218 69 creaturam
424 2991 167 69 melius
541 2991 117 69 ibi
608 2991 184 69 tanquam
742 2991 100 69 in
792 2991 134 69 arte
876 2991 117 69 qua
943 2991 151 69 facta
1043 2991 117 69 est
1110 2991 134 69 quam
1194 2991 100 69 in
1244 2991 100 69 ea
1295 2991 134 69 ipsa
1378 2991 184 69 sciunt.
1512 2991 134 69 Vnde
1596 2991 134 69 quia
1680 2991 117 69 non
1747 2991 151 69 solum
1847 2991 151 69 imago
1931 2991 67 69 na

256 3033 102 77 ta
307 3033 119 77 est
375 3033 205 77 cognosci
529 3033 119 77 per
597 3033 205 77 exemplar
750 3033 85 77 a
784 3033 188 77 priori:
921 3033 119 77 sed
989 3033 153 77 etiam
1091 3033 222 77 econverso
1262 3033 205 77 exemplar
1415 3033 119 77 per
1483 3033 205 77 imaginem
1637 3033 85 77 a
1671 3033 256 77 posteriori:
1876 3033 136 77 ldeo
1944 3033 68 77 Au

256 3093 155 75 gust,
359 3093 120 75 per
428 3093 224 75 creaturas
600 3093 155 75 docet
703 3093 241 75 cognoscere
893 3093 172 75 qualis
1013 3093 120 75 sit
1082 3093 120 75 ars
1151 3093 172 75 diuini
1271 3093 258 75 exemplaris:
1478 3093 120 75 cum
1547 3093 155 75 dicit
1650 3093 103 75 in
1701 3093 189 75 secundo
1839 3093 155 75 libro
1925 3093 69 75 su

263 3145 127 83 per
335 3145 145 83 lob.
426 3145 236 83 Attendunt
608 3145 200 83 homines
753 3145 236 83 mirabilem
935 3145 236 83 fabricam:
1116 3145 91 83 &
1153 3145 218 83 mirantur
1316 3145 236 83 consilium
1497 3145 291 83 fabricantis.
1734 3145 200 83 Stupent
1879 3145 145 83 quod
1951 3145 73 83 vi
