2339 3780
417 292 163 99 eorum
526 292 145 99 quae
616 292 127 99 per
688 292 199 99 gratiam
833 292 181 99 fiunt:
960 292 145 99 siue
1051 292 163 99 eorum
1159 292 145 99 quae
1250 292 109 99 ad
1304 292 145 99 haec
1394 292 217 99 signanda
1557 292 272 99 mirabiliter
1775 292 127 99 non
1847 292 272 99 naturaliter
2046 292 145 99 fiunt.

421 377 100 69 vt
471 377 133 69 quod
554 377 100 69 de
604 377 133 69 osse
687 377 133 69 viri
770 377 232 69 dormientis
953 377 149 69 facta
1052 377 116 69 est
1119 377 183 69 mulier.
1252 377 83 69 &
1285 377 100 69 in
1335 377 149 69 locum
1434 377 166 69 costae
1550 377 116 69 non
1617 377 166 69 costa:
1733 377 116 69 sed
1800 377 133 69 caro
1883 377 199 69 suppleta
2032 377 133 69 est:
2115 377 116 69 non

423 430 168 68 habuit
541 430 117 68 hoc
608 430 151 68 prima
708 430 201 68 conditio
860 430 151 68 rerum
960 430 101 68 vt
1011 430 185 68 fcemina
1145 430 101 68 ex
1195 430 101 68 eo
1245 430 117 68 sic
1313 430 185 68 fieret:
1447 430 117 68 sed
1514 430 117 68 hoc
1581 430 168 68 habuit
1699 430 134 68 quod
1782 430 117 68 sic
1850 430 151 68 fieri
1950 430 185 68 posset:
2085 430 101 68 ne
2118 430 84 68 con

424 495 128 56 tra
497 495 183 56 causas
625 495 146 56 quas
716 495 238 56 voluntate
899 495 256 56 instituit:
1100 495 219 56 mutabili
1264 495 238 56 voluntate
1447 495 201 56 aliquid
1593 495 219 56 faceret.
1758 495 183 56 Reuera
1885 495 128 56 non
1958 495 183 56 habuit
2068 495 128 56 prima

420 534 196 69 conditio
567 534 147 69 rerum
665 534 98 69 vt
714 534 180 69 fcemina
844 534 114 69 sic
909 534 98 69 de
958 534 147 69 costa
1056 534 163 69 fieret
1171 534 196 69 scilicet
1318 534 180 69 actiue,
1448 534 180 69 virtute
1579 534 114 69 qua
1644 534 163 69 natura
1758 534 98 69 id
1807 534 163 69 facere
1921 534 180 69 posset:
2052 534 114 69 sed
2117 534 114 69 ha-

420 591 127 69 buit
500 591 96 69 vt
548 591 112 69 sic
611 591 96 69 de
659 591 143 69 costa
755 591 143 69 fieri
850 591 159 69 posset
962 591 191 69 scilicet
1105 591 191 69 passiue.
1249 591 159 69 habuit
1360 591 127 69 enim
1440 591 96 69 in
1488 591 96 69 se
1536 591 207 69 potentiam
1695 591 112 69 qua
1759 591 207 69 reciperet
1918 591 127 69 quod
1998 591 159 69 natura
2109 591 96 69 in
2141 591 64 69 ea

417 644 153 73 agere
519 644 119 73 non
587 644 186 73 posset:
722 644 119 73 sed
790 644 170 73 virtus
909 644 170 73 diuina
1027 644 322 73 supernaturalis.
1299 644 136 73 vnde
1383 644 102 73 ad
1434 644 153 73 plura
1536 644 119 73 est
1604 644 170 73 natura
1722 644 102 73 in
1773 644 203 73 potentia
1926 644 186 73 passiua
2061 644 136 73 quam
2129 644 68 73 in

427 711 189 63 actiua.
564 711 120 63 Est
633 711 155 63 etiam
736 711 137 63 deus
822 711 103 63 ad
873 711 155 63 plura
976 711 103 63 in
1028 711 206 63 potentia
1182 711 172 63 actiua
1302 711 137 63 quam
1388 711 120 63 sit
1457 711 172 63 natura
1577 711 103 63 in
1629 711 206 63 potentia
1783 711 206 63 passiua.
1938 711 155 63 Plura
2041 711 137 63 enim
2109 711 86 63 po-

419 748 125 76 test
498 748 110 76 per
560 748 94 76 se
607 748 157 76 facere
717 748 125 76 quam
795 748 157 76 natura
905 748 141 76 habet
999 748 204 76 recipere:
1156 748 110 76 vel
1219 748 125 76 quam
1297 748 125 76 sint
1375 748 125 76 illa
1454 748 125 76 quae
1532 748 94 76 ex
1579 748 94 76 ea
1626 748 141 76 fieri
1720 748 188 76 possunt.
1861 748 157 76 contra
1971 748 94 76 id
2018 748 125 76 quod
2081 748 125 76 imponi

432 814 111 62 tur
495 814 237 62 Philosopho.
685 814 111 62 xi.
748 814 268 62 metaphysicae,
969 814 142 62 licet
1064 814 174 62 nunquam
1190 814 142 62 illud
1285 814 142 62 dixit
1380 814 190 62 scilicet
1522 814 126 62 quod
1601 814 142 62 omnes
1696 814 158 62 formae
1806 814 126 62 quae
1885 814 126 62 sunt
1964 814 95 62 in
2011 814 158 62 motore
2106 814 95 62 pri-

427 869 105 62 mo
479 869 105 62 in
531 869 157 62 actu,
636 869 140 62 sunt
724 869 105 62 in
776 869 192 62 materia
916 869 157 62 prima
1021 869 105 62 in
1074 869 227 62 potentia.
1249 869 122 62 hoc
1319 869 140 62 enim
1406 869 122 62 est
1476 869 280 62 falsissimum.
1704 869 157 62 nulla
1809 869 140 62 enim
1896 869 227 62 fortassis
2054 869 157 62 species

428 922 215 66 animalis
589 922 215 66 perfecti
750 922 125 66 est
822 922 107 66 in
875 922 197 66 materia
1018 922 107 66 in
1072 922 233 66 potentia,
1251 922 161 66 cuius
1358 922 125 66 non
1430 922 143 66 sunt
1519 922 179 66 aliqua
1644 922 233 66 indiuidua
1823 922 107 66 in
1877 922 161 66 actu:
1984 922 143 66 quia
2056 922 143 66 secun-

423 983 125 58 dum
494 983 267 58 Philosophum
708 983 107 58 in
762 983 160 58 libro
869 983 107 58 de
922 983 160 58 Plan.
1029 983 178 58 natura
1154 983 125 58 non
1225 983 178 58 cessat
1350 983 125 58 nec
1421 983 214 58 cessauit
1581 983 214 58 generare
1742 983 214 58 animalia
1902 983 89 58 &
1938 983 196 58 plantas
2080 983 89 58 &
2098 983 107 58 cun-

431 1029 129 66 ctas
511 1029 129 66 suas
592 1029 193 66 species.
737 1029 97 66 Et
785 1029 161 66 dicit.
898 1029 113 66 xi.
963 1029 274 66 metaphysicae,
1188 1029 129 66 quod
1269 1029 193 66 perfecta
1414 1029 97 66 in
1462 1029 129 66 omni
1542 1029 161 66 genere
1655 1029 145 66 entis
1752 1029 161 66 priora
1865 1029 129 66 sunt
1945 1029 258 66 imperfectis:
2139 1029 64 66 vt

428 1081 187 62 animal
559 1081 187 62 semine
690 1081 112 62 ex
746 1081 131 62 quo
821 1081 262 62 generatur.
1026 1081 205 62 Constat
1176 1081 168 62 autem
1288 1081 149 62 quod
1381 1081 243 62 possibile
1568 1081 131 62 est
1643 1081 131 62 deo
1717 1081 168 62 nouas
1829 1081 205 62 species
1979 1081 243 62 animalium
2147 1081 56 62 &

427 1141 233 67 plantarum
607 1141 180 67 quales
732 1141 180 67 mundus
858 1141 126 67 non
930 1141 162 67 habet
1038 1141 108 67 in
1092 1141 126 67 se,
1163 1141 108 67 de
1217 1141 144 67 nouo
1307 1141 198 67 creare:
1451 1141 162 67 licet
1558 1141 216 67 inaniter
1720 1141 323 67 philosophantes
1989 1141 126 67 hic
2043 1141 162 67 contra-

434 1181 222 72 dicerent:
604 1181 187 72 dicendo
741 1181 136 72 deum
826 1181 153 72 nihil
928 1181 136 72 noui
1013 1181 153 72 posse
1116 1181 170 72 facere
1235 1181 222 72 immediate
1405 1181 153 72 neque
1507 1181 187 72 aliquid
1644 1181 153 72 aliud
1746 1181 170 72 facere
1865 1181 102 72 in
1916 1181 153 72 mundo
2019 1181 136 72 quam
2104 1181 136 72 quid

439 1237 126 65 iam
511 1237 180 65 fecit.
637 1237 108 65 De
691 1237 180 65 quibus
818 1237 216 65 possumus
980 1237 180 65 dicere
1106 1237 162 65 illud
1214 1237 162 65 Psal.
1322 1237 270 65 Narrauerunt
1539 1237 144 65 mihi
1629 1237 180 65 iniqui
1755 1237 307 65 fabulationes:
2008 1237 126 65 sed
2080 1237 126 65 non
2134 1237 72 65 vt

440 1290 126 75 lex
512 1290 144 75 tua.
639 1290 108 75 Ad
693 1290 235 75 secundum:
873 1290 217 75 dicendum
1036 1290 144 75 quod
1126 1290 162 75 ratio
1234 1290 162 75 ducit
1343 1290 253 75 haereticos
1541 1290 108 75 in
1595 1290 199 75 errorem
1740 1290 181 75 contra
1866 1290 289 75 auctoritatem
2083 1290 126 75 huius

435 1346 254 63 scientiae:
635 1346 218 63 Dicendum
798 1346 145 63 quod
889 1346 182 63 dictum
1016 1346 164 63 illud
1126 1346 145 63 suam
1216 1346 291 63 expositionem
1453 1346 164 63 secum
1562 1346 182 63 portat
1689 1346 91 63 &
1725 1346 254 63 solutionem
1925 1346 236 63 rationis,
2107 1346 127 63 non

437 1393 129 71 enim
518 1393 146 71 dicit
615 1393 129 71 quod
696 1393 113 71 non
760 1393 194 71 errarent
906 1393 97 71 si
954 1393 226 71 scripturis
1132 1393 146 71 magis
1229 1393 129 71 quam
1310 1393 226 71 rationibus
1488 1393 178 71 mallent
1618 1393 243 71 accommodare
1812 1393 162 71 fidem:
1925 1393 113 71 sed
1990 1393 210 71 signanter
2135 1393 65 71 ad

438 1450 110 66 dit
501 1450 142 66 suis:
596 1450 95 66 vt
643 1450 110 66 per
706 1450 110 66 hoc
769 1450 252 66 intelligamus
974 1450 189 66 rationes
1116 1450 142 66 illas
1210 1450 126 66 quae
1289 1450 126 66 sunt
1368 1450 252 66 deficientes.
1573 1450 189 66 Rationes
1715 1450 126 66 enim
1793 1450 142 66 verae
1888 1450 110 66 non
1951 1450 126 66 sunt
2014 1450 189 66 haeretico-

430 1503 133 72 rum,
513 1503 199 72 propriae
662 1503 149 72 neque
762 1503 199 72 nostrae:
911 1503 116 72 sed
977 1503 166 72 ipsius
1093 1503 215 72 veritatis
1259 1503 83 72 &
1292 1503 133 72 dei:
1375 1503 133 72 quia
1458 1503 133 72 deus
1540 1503 182 72 veritas
1673 1503 133 72 est.
1756 1503 199 72 secundum
1905 1503 133 72 quod
1988 1503 149 72 dicit
2070 1503 133 72 Augus.

430 1569 155 59 super
533 1569 155 59 loan.
637 1569 138 59 ser.
723 1569 104 59 v.
775 1569 207 59 exponens
931 1569 155 59 illud
1034 1569 173 59 Euang.
1155 1569 121 59 Qui
1224 1569 207 59 loquitur
1380 1569 225 59 mendacium
1553 1569 104 59 de
1604 1569 121 59 suo
1673 1569 225 59 loquitur.
1846 1569 121 59 Non
1915 1569 138 59 enim
2002 1569 207 59 (inquit)
2140 1569 69 59 ha

430 1610 137 65 bet
509 1610 156 65 homo
606 1610 117 65 de
665 1610 137 65 suo
743 1610 156 65 nisi
840 1610 254 65 mendacium
1035 1610 98 65 &
1074 1610 254 65 peccatum.
1269 1610 117 65 Si
1328 1610 156 65 quid
1426 1610 176 65 autem
1543 1610 176 65 habet
1660 1610 156 65 homo
1757 1610 254 65 veritatis
1952 1610 117 65 ac
1991 1610 215 65 iustitiae

444 1664 94 68 de
491 1664 110 68 deo
554 1664 204 68 loquitur.
711 1664 94 68 &.
758 1664 126 68 xii.
837 1664 173 68 confes.
962 1664 173 68 Veritas
1088 1664 126 68 tua:
1167 1664 110 68 non
1229 1664 110 68 mea
1292 1664 110 68 est
1355 1664 110 68 nec
1418 1664 157 68 illius
1528 1664 110 68 aut
1591 1664 173 68 vllius:
1716 1664 110 68 sed
1779 1664 157 68 omnium
1889 1664 188 68 nostrum.
2030 1664 94 68 Si
2077 1664 126 68 ambo
2140 1664 63 68 vi

447 1720 161 67 demus
555 1720 161 67 verum
662 1720 125 67 vbi
734 1720 179 67 quaeso
859 1720 108 67 id
913 1720 215 67 videmus:
1074 1720 125 67 Nec
1146 1720 125 67 ego
1218 1720 179 67 vtique
1343 1720 108 67 in
1397 1720 108 67 me
1450 1720 125 67 nec
1522 1720 108 67 tu
1576 1720 108 67 in
1630 1720 125 67 me:
1701 1720 125 67 sed
1773 1720 143 67 ambo
1863 1720 108 67 in
1916 1720 143 67 ipsa
2006 1720 143 67 quae
2078 1720 125 67 supra

447 1773 164 68 mentes
561 1773 181 68 nostras
693 1773 115 68 est
758 1773 279 68 incommutabili
988 1773 213 68 veritate.
1152 1773 197 68 secundum
1300 1773 131 68 quod
1382 1773 115 68 hoc
1448 1773 213 68 expositum
1612 1773 115 68 est
1678 1773 164 68 supra.
1793 1773 115 68 Vel
1858 1773 164 68 potest
1973 1773 131 68 dici
2055 1773 131 68 quod
2137 1773 98 68 ad

448 1830 187 64 literam
584 1830 238 64 Consentius
771 1830 238 64 aestimauit
958 1830 136 64 quod
1043 1830 102 64 in
1094 1830 153 64 sacra
1196 1830 221 64 scriptura
1366 1830 204 64 rationes
1519 1830 119 64 non
1587 1830 153 64 erant
1689 1830 255 64 adducendae:
1893 1830 119 64 sed
1961 1830 204 64 cauendae
2097 1830 119 64 quasi

455 1882 170 69 essent
574 1882 170 69 omnino
693 1882 153 69 causa
795 1882 204 69 erroris:
948 1882 85 69 &
982 1882 238 69 contrariae
1169 1882 272 69 auctoritati:
1389 1882 85 69 &
1423 1882 170 69 dictis
1542 1882 170 69 sacrae
1661 1882 255 69 scripturae:
1865 1882 119 69 non
1933 1882 255 69 discutiendo
2120 1882 85 69 ra-

455 1936 169 63 tionem
574 1936 152 63 veram
675 1936 85 63 a
709 1936 119 63 non
777 1936 152 63 vera.
878 1936 135 63 Vnde
963 1936 152 63 etiam
1065 1936 237 63 Augustinus
1251 1936 102 63 in
1302 1936 169 63 quadam
1420 1936 203 63 epistola
1573 1936 102 63 ad
1623 1936 152 63 ipsum
1725 1936 152 63 super
1827 1936 119 63 hoc
1894 1936 119 63 eum
1962 1936 237 63 reprhendit
2131 1936 68 63 di

457 1989 155 66 cens.
560 1989 120 66 Non
629 1989 172 66 ratio:
749 1989 120 66 sed
818 1989 155 66 falsa
921 1989 155 66 ratio
1025 1989 189 66 cauenda
1162 1989 86 66 &
1197 1989 241 66 detestanda
1386 1989 138 66 est.
1472 1989 120 66 Nam
1541 1989 103 66 si
1593 1989 155 66 ratio
1696 1989 138 66 vera
1782 1989 172 66 esset,
1902 1989 120 66 non
1971 1989 172 66 vtique
2074 1989 138 66 erras-

448 2037 148 87 sent
540 2037 240 87 haeretici
725 2037 203 87 propter
873 2037 148 87 eam.
965 2037 92 87 &
1002 2037 185 87 addit.
1132 2037 259 87 Quapropter
1335 2037 166 87 sicut
1446 2037 129 87 non
1520 2037 166 87 debes
1631 2037 166 87 omnem
1742 2037 185 87 vitare
1871 2037 222 87 sermonem
2038 2037 148 87 quia
2112 2037 92 87 est

459 2097 87 66 &
493 2097 157 66 sermo
598 2097 192 66 falsus:
738 2097 122 66 ita
808 2097 122 66 non
878 2097 157 66 debes
983 2097 175 66 vitare
1106 2097 157 66 omnem
1210 2097 210 66 rationem
1368 2097 140 66 quia
1455 2097 122 66 est
1525 2097 87 66 &
1560 2097 157 66 falsa
1665 2097 175 66 ratio.

1124 2144 175 98 Art.
1234 2144 153 98 &l.
1321 2144 131 98 de
1387 2144 241 98 Doctore
1562 2144 328 98 Theologiae.

929 2207 244 108 Equitur
1106 2207 133 108 de
1172 2207 244 108 doctore
1350 2207 199 108 huius
1482 2207 288 108 scientiae
1704 2207 199 108 circa
1837 2207 177 108 quem
1925 2207 288 108 inquirendam

945 2300 153 69 sunt
1022 2300 173 69 septem.

939 2351 202 66 Primum:
1086 2351 165 66 vtrum
1196 2351 165 66 solus
1306 2351 147 66 deus
1398 2351 129 66 sit
1472 2351 184 66 doctor
1600 2351 165 66 huius
1692 2351 221 66 scientiae.

944 2404 242 67 Secundum:
1131 2404 168 67 vtrum
1243 2404 186 67 mulier
1373 2404 186 67 possit
1504 2404 149 67 esse
1597 2404 186 67 doctor
1727 2404 131 67 seu
1802 2404 205 67 doctrix
1932 2404 131 67 eius.

951 2465 217 68 Tertium:
1114 2465 163 68 vtrum
1222 2465 199 68 iuuenis
1367 2465 181 68 possit
1494 2465 145 68 esse
1585 2465 181 68 doctor
1693 2465 127 68 eius.

966 2518 219 63 uartum:
1125 2518 179 63 vtrum
1245 2518 139 63 vir
1304 2518 259 63 religiosus.

960 2577 246 61 Quintum:
1145 2577 185 61 vtrum
1268 2577 164 61 homo
1350 2577 226 61 peccator.

952 2581 200 108 Sextum:
1097 2581 164 108 vtrum
1207 2581 164 108 primi
1316 2581 218 108 doctores
1480 2581 146 108 eius
1571 2581 237 108 simplices
1753 2581 91 108 &
1789 2581 200 108 idiotae
1935 2581 146 108 esse
2008 2581 200 108 debebant.

946 2679 238 81 Septimum:
1129 2679 165 81 vtrum
1239 2679 220 81 doctores
1404 2679 238 81 sequentes
1588 2679 238 81 instructi
1771 2679 220 81 debebant
1936 2679 147 81 esse
2028 2679 110 81 in
2064 2679 147 81 scien-

933 2728 144 76 tiis
1005 2728 251 76 secularibus.

783 2757 128 94 Irca
863 2757 159 94 primum
974 2757 191 94 arguitur
1118 2757 128 94 quod
1198 2757 143 94 solus
1293 2757 128 94 deus
1373 2757 112 94 sit
1437 2757 159 94 doctor
1548 2757 159 94 sacrae
1660 2757 239 94 scripturae.
1851 2757 143 94 Primo
1947 2757 128 94 sic.
2011 2757 191 94 Augustinus

767 2849 162 57 dicit.
880 2849 146 57 iiii.
977 2849 97 57 de
1026 2849 146 57 doct.
1123 2849 210 57 Christana
1284 2849 97 57 In
1333 2849 146 57 ipsis
1430 2849 210 57 hominibus
1592 2849 81 57 &
1624 2849 178 57 angelis
1753 2849 129 57 nemo
1834 2849 146 57 recte
1931 2849 162 57 discit
2044 2849 129 57 quae
2109 2849 97 57 per-

784 2881 177 79 tinent
908 2881 106 79 ad
961 2881 212 79 viuendum
1121 2881 124 79 cum
1191 2881 142 79 deo,
1280 2881 142 79 nisi
1368 2881 142 79 fiat
1457 2881 89 79 a
1492 2881 124 79 deo
1563 2881 212 79 docilis.
1722 2881 195 79 docilis
1864 2881 89 79 a
1899 2881 124 79 deo
1970 2881 142 79 nemo
2059 2881 124 79 fit
2112 2881 106 79 nisi

778 2945 113 70 deo
842 2945 178 70 docente
972 2945 129 70 quae
1053 2945 210 70 pertinent
1214 2945 97 70 ad
1263 2945 194 70 viuendum
1408 2945 113 70 cum
1473 2945 129 70 deo.
1554 2945 129 70 quae
1634 2945 210 70 pertinent
1796 2945 97 70 ad
1844 2945 194 70 viuendum
1990 2945 113 70 cum
2055 2945 113 70 deo
2103 2945 97 70 sunt

770 2994 96 63 ea
818 2994 128 63 quae
898 2994 128 63 sunt
978 2994 160 63 sacrae
1090 2994 240 63 scripturae.
1282 2994 128 63 ergo
1362 2994 128 63 quae
1442 2994 128 63 sunt
1522 2994 160 63 sacrae
1634 2994 224 63 scripturae
1810 2994 128 63 nemo
1890 2994 160 63 discit
2002 2994 128 63 nisi
2082 2994 112 63 deo
2146 2994 96 63 do

781 3049 172 76 cente.
935 3049 189 76 Secundo
1073 3049 137 76 sic.
1159 3049 120 76 qui
1228 3049 120 76 non
1296 3049 172 76 potest
1417 3049 103 76 in
1468 3049 155 76 minus
1571 3049 120 76 non
1640 3049 172 76 potest
1760 3049 103 76 in
1812 3049 103 76 id
1863 3049 137 76 quod
1949 3049 120 76 est
2018 3049 172 76 magis.
2121 3049 86 76 Mi-

767 3103 114 73 nus
832 3103 114 73 est
897 3103 163 73 docere
1011 3103 130 73 quam
1092 3103 195 73 discere:
1239 3103 130 73 quia
1320 3103 163 73 docens
1434 3103 146 73 debet
1532 3103 130 73 esse
1613 3103 98 73 in
1662 3103 130 73 actu
1743 3103 130 73 eius
1824 3103 98 73 ad
1873 3103 130 73 quod
1955 3103 114 73 est
2020 3103 179 73 discens
2150 3103 98 73 in

467 3157 215 75 potentia.
633 3157 116 75 sed
699 3157 133 75 homo
782 3157 99 75 ex
832 3157 99 75 se
882 3157 116 75 non
948 3157 166 75 potest
1064 3157 133 75 hanc
1147 3157 215 75 scientiam
1312 3157 199 75 discere:
1461 3157 116 75 sed
1528 3157 133 75 quod
1611 3157 116 75 eam
1677 3157 166 75 discat
1793 3157 116 75 hoc
1859 3157 149 75 habet
1958 3157 99 75 ex
2008 3157 133 75 deo,
2091 3157 99 75 vt
2124 3157 83 75 vi-

455 3211 184 85 debitur
589 3211 168 85 infra.
707 3211 134 85 ergo
790 3211 134 85 quod
874 3211 117 85 eam
941 3211 168 85 doceat
1059 3211 117 85 non
1126 3211 168 85 potest
1243 3211 134 85 homo
1327 3211 101 85 ex
1377 3211 117 85 se:
1444 3211 117 85 sed
1511 3211 117 85 hoc
1578 3211 151 85 solum
1679 3211 117 85 est
1746 3211 117 85 dei
1813 3211 184 85 docere.
1947 3211 134 85 ergo
2031 3211 117 85 &c.
2114 3211 101 85 Con
