2396 3776
126 309 181 97 dicit.
253 309 181 97 Docere
379 309 145 97 sine
470 309 163 97 opere
578 309 235 97 condemnat
759 309 235 97 docentem.
940 309 127 97 sed
1013 309 163 97 nulli
1121 309 163 97 licet
1230 309 181 97 facere
1356 309 145 97 quod
1447 309 127 97 eum
1519 309 253 97 condemnat.
1718 309 145 97 ergo
1791 309 90 97 &c.

140 414 102 88 â‹
180 414 122 88 Ad
241 414 305 88 quaestionem
485 414 183 88 istam
607 414 122 88 an
668 414 244 88 iniustus
850 414 102 88 &
891 414 244 88 peccator
1074 414 203 88 possit
1216 414 162 88 esse
1317 414 203 88 doctor
1460 414 183 88 huius
1581 414 284 88 scientiae:
1805 414 122 88 an

133 484 123 69 non
204 484 175 69 debeat
326 484 140 69 esse
414 484 140 69 nisi
502 484 193 69 iustus:
642 484 210 69 Dicendum
800 484 140 69 quod
888 484 175 69 doctor
1010 484 193 69 dicitur
1151 484 193 69 aliquis
1291 484 140 69 quia
1379 484 175 69 potens
1502 484 193 69 docere:
1642 484 123 69 aut
1712 484 140 69 quia
1782 484 123 69 docen

128 542 103 60 di
179 542 206 60 officium
334 542 189 60 habens.
471 542 154 60 Primo
574 542 137 60 modo
660 542 189 60 dicitur
797 542 189 60 aliquis
934 542 172 60 doctor
1054 542 103 60 ex
1106 542 172 60 habitu
1226 542 240 60 scientiae,
1415 542 120 60 quo
1483 542 120 60 est
1552 542 154 60 talis
1655 542 103 60 in
1706 542 137 60 actu
1792 542 137 60 qua-

129 598 123 63 lem
200 598 175 63 potest
322 598 175 63 facere
445 598 263 63 discipulum,
655 598 123 63 qui
725 598 123 63 est
795 598 158 63 talis
900 598 105 63 in
953 598 210 63 potentia
1111 598 175 63 solum.
1233 598 123 63 Cum
1303 598 140 63 ergo
1391 598 158 63 talem
1496 598 193 63 habitum
1636 598 123 63 non
1706 598 193 63 amittit
1829 598 70 63 ex

131 650 145 59 actu
221 650 235 59 peccandi:
402 650 163 59 sicut
510 650 127 59 nec
583 650 127 59 eum
655 650 108 59 ex
709 650 145 59 actu
800 650 217 59 virtutis
962 650 235 59 acquirit,
1143 650 145 59 nisi
1233 650 271 59 dispositiue
1450 650 235 59 inquantum
1631 650 199 59 habitus
1757 650 127 59 virtu

131 700 126 64 tum
203 700 233 64 disponunt
382 700 108 64 ad
436 700 233 64 scientiae
615 700 323 64 acquisitionem,
884 700 108 64 vt
938 700 143 64 vult
1028 700 197 64 Commen.
1171 700 179 64 super.
1296 700 143 64 vii.
1386 700 233 64 Physicae.
1565 700 126 64 hoc
1637 700 143 64 modo
1727 700 179 64 doctor
1834 700 72 64 hu

133 756 120 59 ius
201 756 223 59 scientiae
373 756 171 59 potest
493 756 137 59 dici
578 756 154 59 malus
681 756 86 59 &
716 756 223 59 peccator:
887 756 137 59 quia
973 756 171 59 potest
1093 756 120 59 ita
1161 756 154 59 sanam
1264 756 223 59 doctrinam
1435 756 171 59 habere
1555 756 103 59 vt
1607 756 189 59 iustus,
1744 756 86 59 &
1761 756 137 59 perfe-

133 808 180 64 ctiori
259 808 180 64 habitu
385 808 162 64 huius
492 808 234 64 scientiae
672 808 252 64 informatus
870 808 162 64 esse.
978 808 108 64 Se
1031 808 162 64 habet
1139 808 144 64 enim
1229 808 126 64 hoc
1301 808 144 64 modo
1391 808 180 64 doctor
1517 808 108 64 ad
1571 808 270 64 instruendum
1768 808 126 64 alium

130 868 230 57 secundum
302 868 211 57 habitum
456 868 173 57 huius
571 868 269 57 scientiae:
782 868 173 57 sicut
897 868 211 57 artifex
1051 868 192 57 quidam
1185 868 115 57 ad
1243 868 249 57 operandum
1435 868 269 57 artificium
1646 868 230 57 secundum
1799 868 96 57 ha-

131 916 150 62 bitum
231 916 166 62 artis.
348 916 100 62 De
398 916 200 62 artifice
547 916 150 62 autem
647 916 150 62 dicit
747 916 250 62 Philosophus
947 916 100 62 in
997 916 133 62 fine
1080 916 150 62 primi
1180 916 233 62 politicae:
1363 916 133 62 quod
1446 916 117 62 non
1513 916 183 62 oportet
1646 916 117 62 eum
1713 916 166 62 habere
1812 916 67 62 vi

136 966 168 64 tutem.
254 966 101 64 ad
304 966 118 64 hoc
371 966 134 64 enim
456 966 134 64 quod
540 966 118 64 sit
607 966 151 64 bonus
708 966 151 64 faber
809 966 168 64 potens
926 966 168 64 facere
1044 966 151 64 bonos
1145 966 219 64 cultellos
1313 966 151 64 nulla
1414 966 168 64 virtus
1531 966 185 64 moralis
1666 966 101 64 in
1716 966 101 64 eo
1750 966 151 64 requiri

136 1023 135 63 tur,
220 1023 118 63 sed
288 1023 152 63 solum
389 1023 219 63 persectio
558 1023 152 63 artis
659 1023 219 63 fabrilis.
828 1023 186 63 Secundo
962 1023 135 63 modo
1047 1023 186 63 dicitur
1182 1023 186 63 aliquis
1317 1023 186 63 doctor:
1452 1023 135 63 quia
1536 1023 101 63 ei
1586 1023 253 63 committitur
1789 1023 84 63 &
1806 1023 84 63 per

134 1077 218 61 mittitur
297 1077 218 61 officium
460 1077 199 61 publice
605 1077 218 61 docendi.
768 1077 127 61 Cum
841 1077 181 61 igitur
968 1077 218 61 officium
1131 1077 145 61 tale
1221 1077 218 61 committi
1385 1077 127 61 non
1457 1077 163 61 debet
1566 1077 145 61 nisi
1656 1077 145 61 illi
1747 1077 145 61 quem
1820 1077 73 61 ex

138 1128 158 74 pedit
243 1128 193 74 docere:
383 1128 88 74 &
418 1128 158 74 solum
523 1128 158 74 talis
628 1128 158 74 debet
733 1128 105 74 in
785 1128 193 74 officio
925 1128 140 74 tali
1013 1128 228 74 permitti:
1188 1128 158 74 sicut
1293 1128 123 74 nec
1363 1128 193 74 medicus
1503 1128 158 74 debet
1608 1128 105 74 in
1660 1128 210 74 ciuitate
1800 1128 105 74 per-

132 1181 153 63 mitti
234 1181 238 63 practicare
421 1181 119 63 aut
488 1181 204 63 ordinari
641 1181 102 63 ad
692 1181 221 63 huiusmodi
862 1181 204 63 officium
1015 1181 136 63 nisi
1099 1181 204 63 expediat
1252 1181 221 63 ciuitati:
1422 1181 153 63 sicut
1524 1181 136 63 ergo
1608 1181 187 63 medicus
1744 1181 102 63 in
1778 1181 119 63 ciui-

131 1243 142 58 tate
220 1243 301 58 quantumcunque
468 1243 195 58 peritus
610 1243 124 58 non
681 1243 195 58 deberet
823 1243 142 58 poni
911 1243 106 58 in
964 1243 195 58 officio
1106 1243 142 58 vsus
1195 1243 230 58 medicinae
1372 1243 160 58 neque
1479 1243 106 58 in
1532 1243 106 58 eo
1585 1243 213 58 permitti
1744 1243 142 58 nisi
1815 1243 89 58 sic

128 1289 145 69 esset
225 1289 226 69 dispositus
402 1289 97 69 vt
451 1289 162 69 vtilis
564 1289 145 69 esset
661 1289 194 69 aegrotis
806 1289 97 69 ad
855 1289 258 69 recuperandum
1065 1289 226 69 sanitatem:
1243 1289 113 69 ita
1307 1289 129 69 quod
1388 1289 97 69 si
1436 1289 145 69 esset
1533 1289 113 69 ita
1598 1289 210 69 iracundus
1760 1289 97 69 vt
1792 1289 113 69 omnes

135 1341 257 71 egrotantes
336 1341 110 71 ad
391 1341 147 71 iram
483 1341 275 71 prouocaret,
703 1341 128 71 qua
776 1341 202 71 necesse
923 1341 165 71 esset
1033 1341 128 71 eos
1107 1341 293 71 periclitari:
1345 1341 312 71 quantumcunque
1602 1341 165 71 esset
1712 1341 202 71 peritus
1840 1341 55 71 &

142 1395 159 59 daret
249 1395 159 59 bonas
355 1395 248 59 medicinas:
549 1395 124 59 non
620 1395 159 59 tamen
727 1395 195 59 deberet
868 1395 212 59 permitti
1028 1395 248 59 practicare
1222 1395 106 59 in
1275 1395 230 59 ciuitate:
1452 1395 124 59 Sic
1523 1395 124 59 est
1594 1395 106 59 de
1647 1395 195 59 doctore
1771 1395 124 59 huius

132 1447 232 68 scientiae:
314 1447 132 68 quod
397 1447 281 68 quantuncunque
629 1447 132 68 quis
712 1447 182 68 peritus
844 1447 116 68 est
910 1447 99 68 in
960 1447 149 68 sacra
1059 1447 215 68 scriptura
1225 1447 99 68 si
1274 1447 199 68 officium
1423 1447 199 68 doctoris
1572 1447 199 68 exercere
1721 1447 116 68 non
1771 1447 132 68 posset

132 1504 135 74 nisi
217 1504 119 74 cum
284 1504 203 74 periculo
437 1504 254 74 audientium,
640 1504 152 74 nullo
742 1504 135 74 modo
826 1504 186 74 deberet
962 1504 203 74 permitti
1114 1504 186 74 docere:
1250 1504 119 74 nec
1317 1504 135 74 esse
1402 1504 169 74 doctor
1520 1504 152 74 huius
1622 1504 237 74 scientiae.
1791 1504 102 74 Quia

133 1557 168 63 igitur
251 1557 135 63 quod
335 1557 185 63 aliquis
470 1557 168 63 docere
588 1557 168 63 possit
705 1557 118 63 hoc
773 1557 151 63 habet
874 1557 101 63 ex
924 1557 168 63 habitu
1042 1557 236 63 scientiae:
1227 1557 135 63 quod
1311 1557 135 63 vero
1395 1557 135 63 sine
1479 1557 202 63 periculo
1631 1557 236 63 audientium
1799 1557 101 63 sci-

130 1610 159 66 licet
236 1610 106 66 ad
290 1610 230 66 profectum
467 1610 159 66 eorum
573 1610 177 66 docere
697 1610 195 66 possit,
838 1610 124 66 hoc
909 1610 159 66 habet
1015 1610 106 66 ex
1068 1610 142 66 fama
1157 1610 159 66 bonae
1263 1610 177 66 vitae:
1387 1610 195 66 Idcirco
1528 1610 106 66 in
1581 1610 195 66 doctore
1723 1610 124 66 qui
1794 1610 106 66 de
1829 1610 71 66 iu

128 1668 107 66 re
182 1668 89 66 &
217 1668 107 66 ex
271 1668 196 66 officio
413 1668 178 66 possit
538 1668 89 66 &
574 1668 178 66 debeat
698 1668 178 66 docere
823 1668 143 66 hanc
912 1668 249 66 scientiam,
1108 1668 125 66 duo
1179 1668 285 66 requiruntur:
1411 1668 214 66 scientia
1571 1668 125 66 qua
1643 1668 178 66 docere
1749 1668 143 66 potest

127 1718 87 65 &
161 1718 139 65 vita
248 1718 121 65 qua
317 1718 243 65 salubriter
508 1718 173 65 docere
629 1718 191 65 potest:
768 1718 87 65 &
802 1718 121 65 hoc
872 1718 156 65 ideo:
976 1718 139 65 quia
1062 1718 173 65 doctor
1184 1718 173 65 sacrae
1305 1718 243 65 scripturae
1495 1718 156 65 sicut
1599 1718 277 65 instrumentum
1807 1718 87 65 est

134 1773 96 63 &
172 1773 210 63 organum
325 1773 172 63 verbi
440 1773 134 63 dei
517 1773 115 63 in
574 1773 210 63 docendo
727 1773 210 63 fideles
880 1773 115 63 ad
937 1773 172 63 eorum
1052 1773 96 63 &
1090 1773 230 63 propriam
1263 1773 210 63 salutem
1416 1773 153 63 siue
1511 1773 287 63 vtilitatem.
1741 1773 153 63 Vnde
1817 1773 77 63 su

147 1826 109 73 per
210 1826 140 73 illud
303 1826 155 73 Matth.
411 1826 124 73 iii.
489 1826 109 73 Vox
551 1826 217 73 clamantis.
721 1826 140 73 Glos.
814 1826 171 73 loannes
938 1826 109 73 est
1000 1826 124 73 vox:
1078 1826 186 73 Christus
1218 1826 155 73 verbum
1326 1826 124 73 quod
1404 1826 155 73 clamat
1512 1826 93 73 in
1559 1826 171 73 lonene.
1683 1826 109 73 Sic
1745 1826 140 73 autem
1822 1826 78 73 est

138 1888 109 55 in
192 1888 181 55 organo
319 1888 145 55 siue
410 1888 290 55 instrumento,
645 1888 145 55 quod
736 1888 290 55 determinatur
971 1888 127 55 quo
1044 1888 109 55 ad
1098 1888 308 55 dispositionem
1352 1888 217 55 formalem
1515 1888 91 55 &
1551 1888 254 55 materialem
1750 1888 109 55 in
1786 1888 109 55 ipso

141 1938 86 54 a
175 1938 138 54 fine
262 1938 86 54 &
296 1938 86 54 a
331 1938 190 54 materia
469 1938 155 54 circa
572 1938 138 54 quam
659 1938 224 54 operatur.
831 1938 155 54 Sicut
935 1938 155 54 patet
1039 1938 104 54 in
1090 1938 155 54 serra
1194 1938 259 54 instrumento
1401 1938 276 54 artificiali:
1626 1938 138 54 quia
1712 1938 138 54 enim
1781 1938 121 54 habet

135 1986 176 65 secare
259 1986 212 65 materiam
418 1986 159 65 duram
523 1986 212 65 ligneam,
682 1986 159 65 debet
788 1986 141 65 esse
876 1986 106 65 ex
929 1986 194 65 materia
1070 1986 141 65 dura
1158 1986 194 65 ferrea,
1299 1986 141 65 quia
1388 1986 141 65 vero
1476 1986 159 65 habet
1582 1986 123 65 eam
1652 1986 247 65 linealiter
1828 1986 71 65 di

139 2039 157 61 uidere
249 2039 188 61 secando,
390 2039 141 61 debet
484 2039 125 61 esse
562 2039 188 61 dentata,
703 2039 94 61 vt
750 2039 219 61 determinat
922 2039 266 61 Philosophous.
1142 2039 110 61 ii.
1204 2039 204 61 Physicae.
1361 2039 110 61 ita
1424 2039 125 61 quod
1502 2039 94 61 si
1549 2039 141 61 esset
1643 2039 94 61 in
1690 2039 172 61 materia
1799 2039 110 61 molli

142 2090 118 62 non
209 2090 168 62 posset
327 2090 101 62 in
377 2090 185 62 materia
512 2090 134 62 dura
596 2090 151 62 agere
697 2090 151 62 neque
798 2090 185 62 secare.
932 2090 101 62 Si
983 2090 134 62 vero
1067 2090 118 62 non
1134 2090 151 62 esset
1235 2090 101 62 in
1285 2090 151 62 forma
1386 2090 185 62 dentata
1520 2090 118 62 non
1588 2090 168 62 posset
1705 2090 185 62 secando
1823 2090 84 62 fi-

135 2142 118 62 nem
203 2142 202 62 assequi:
354 2142 84 62 &
388 2142 236 62 linealiter
573 2142 152 62 ligna
675 2142 219 62 diuidere.
843 2142 135 62 Nunc
927 2142 152 62 autem
1028 2142 101 62 in
1079 2142 219 62 proposito
1248 2142 185 62 materia
1382 2142 202 62 subiecta
1534 2142 152 62 circa
1635 2142 135 62 quam
1720 2142 152 62 habet
1804 2142 101 62 age-

147 2199 97 63 re
195 2199 145 63 actum
292 2199 178 63 docendi
421 2199 161 63 doctor
534 2199 161 63 sacrae
647 2199 242 63 scripturae,
841 2199 178 63 fideles
970 2199 129 63 sunt
1051 2199 97 63 in
1099 2199 194 63 ecclesia
1244 2199 129 63 quos
1325 2199 145 63 debet
1422 2199 226 63 instruere.
1599 2199 145 63 finis
1696 2199 129 63 vero
1777 2199 97 63 ad
1809 2199 97 63 quem

144 2249 154 68 agit,
246 2249 154 68 salus
349 2249 120 68 est
417 2249 137 68 siue
503 2249 205 68 vtilitas
657 2249 188 68 propria
794 2249 85 68 &
828 2249 188 68 aliorum
965 2249 103 68 ex
1016 2249 291 68 instructione.
1255 2249 188 68 Quantum
1392 2249 137 68 ergo
1478 2249 120 68 est
1546 2249 103 68 ex
1597 2249 154 68 parte
1700 2249 205 68 materiae
1837 2249 68 68 de

140 2305 122 70 bet
209 2305 140 70 esse
297 2305 262 70 instructus,
506 2305 105 70 vt
559 2305 122 70 sit
628 2305 244 70 instructio
820 2305 244 70 principium
1013 2305 227 70 materiale
1187 2305 105 70 in
1240 2305 140 70 ipso
1327 2305 210 70 doctore.
1484 2305 192 70 Quantum
1624 2305 140 70 vero
1711 2305 122 70 est
1781 2305 105 70 ex
1816 2305 87 70 par

136 2353 100 69 te
186 2353 150 69 finis
286 2353 100 69 ad
336 2353 133 69 quem
420 2353 150 69 habet
520 2353 150 69 agere
620 2353 233 69 dispositio
803 2353 200 69 formalis
953 2353 100 69 in
1003 2353 150 69 ipso,
1104 2353 117 69 sit
1170 2353 150 69 vitae
1270 2353 217 69 sanctitas
1437 2353 117 69 qua
1504 2353 133 69 ipse
1587 2353 150 69 primo
1687 2353 167 69 faciat
1804 2353 133 69 quae

140 2409 152 64 aliis
242 2409 203 64 facienda
394 2409 169 64 docet.
512 2409 101 64 Si
563 2409 135 64 enim
647 2409 237 64 instructus
833 2409 118 64 non
901 2409 169 64 esset,
1019 2409 169 64 docere
1137 2409 118 64 non
1205 2409 203 64 deberet:
1357 2409 118 64 nec
1425 2409 186 64 posset.
1560 2409 203 64 secundum
1712 2409 135 64 quod
1780 2409 118 64 super

135 2467 143 72 illud
231 2467 127 72 lac.
310 2467 127 72 iii.
390 2467 159 72 Nolite
501 2467 159 72 plures
613 2467 191 72 magistri
756 2467 159 72 fieri.
868 2467 143 72 dicit
963 2467 143 72 Glos.
1059 2467 127 72 Nisi
1138 2467 159 72 tantum
1250 2467 191 72 discreti
1393 2467 80 72 &
1425 2467 96 72 in
1473 2467 223 72 scripturis
1648 2467 159 72 docti.
1760 2467 111 72 Qui
1807 2467 96 72 enim

129 2530 229 57 indoctus
301 2530 229 57 officium
473 2530 210 57 docendi
626 2530 229 57 vsurpat:
798 2530 96 57 &
836 2530 229 57 Christum
1008 2530 134 57 non
1085 2530 229 57 syncerae
1257 2530 229 57 nunciat:
1429 2530 210 57 maiorem
1582 2530 287 57 damnationem
1792 2530 115 57 mere

140 2572 132 65 tur.
223 2572 149 65 Sicut
322 2572 149 65 neque
422 2572 149 65 serra
521 2572 99 65 si
571 2572 149 65 esset
670 2572 99 65 ex
719 2572 182 65 materia
852 2572 149 65 molli
951 2572 165 65 posset
1067 2572 149 65 ligna
1166 2572 215 65 diuidere.
1332 2572 99 65 Si
1381 2572 132 65 vero
1464 2572 149 65 esset
1563 2572 248 65 instructus:
1762 2572 116 65 sed
1811 2572 83 65 non

139 2624 101 64 in
190 2624 151 64 opere
290 2624 185 64 iustus:
425 2624 134 64 tunc
509 2624 134 64 etsi
593 2624 185 64 fideles
727 2624 218 64 instruere
895 2624 185 64 posset,
1029 2624 101 64 ad
1079 2624 151 64 vitae
1180 2624 252 64 sanctitatem
1382 2624 218 64 informare
1549 2624 118 64 vel
1617 2624 101 64 in
1667 2624 134 64 ipsa
1734 2624 168 64 contine-

139 2675 97 70 re
187 2675 114 70 non
252 2675 179 70 posset.
382 2675 195 70 secundum
529 2675 130 70 quod
610 2675 146 70 dicit
707 2675 260 70 Chrysostomus
918 2675 146 70 super
1016 2675 162 70 illud.
1129 2675 114 70 Vos
1194 2675 146 70 estis
1292 2675 114 70 sal
1357 2675 179 70 terrae.
1487 2675 162 70 Doctor
1600 2675 179 70 omnibus
1714 2675 195 70 virtutibus

144 2740 161 62 debet
252 2740 144 62 esse
341 2740 215 62 ornatus,
503 2740 108 62 vt
557 2740 179 62 pigros
682 2740 161 62 circa
790 2740 144 62 bona
880 2740 161 62 opera
987 2740 179 62 valeat
1113 2740 233 62 promouere
1292 2740 161 62 magis
1400 2740 126 62 suo
1471 2740 197 62 exemplo
1615 2740 144 62 quam
1705 2740 161 62 voce.
1794 2740 108 62 Bona

141 2788 275 61 conuersatio
361 2788 257 61 sacerdotis
562 2788 147 61 sine
654 2788 165 61 verbo
764 2788 165 61 tenet
874 2788 183 61 quidem
1002 2788 202 61 sanctos
1149 2788 110 61 in
1204 2788 257 61 sanctitate
1405 2788 128 61 per
1478 2788 147 61 suum
1570 2788 238 61 exemplum:
1735 2788 165 61 adduce-

135 2842 109 68 re
189 2842 145 68 vero
280 2842 254 68 ignorantes
480 2842 109 68 ad
534 2842 236 68 scientiam
716 2842 236 68 veritatis
898 2842 127 68 non
971 2842 200 68 potest.
1116 2842 182 68 Verbum
1243 2842 218 68 adducere
1406 2842 182 68 quidem
1534 2842 254 68 ignorantem
1734 2842 109 68 ad
1770 2842 127 68 scien

143 2894 136 67 tiam
228 2894 220 67 veritatis
397 2894 85 67 &
431 2894 136 67 sine
516 2894 288 67 conuersatione
754 2894 136 67 bona
838 2894 187 67 potest:
974 2894 170 67 tenere
1093 2894 153 67 autem
1195 2894 102 67 in
1246 2894 136 67 fide
1330 2894 119 67 vel
1398 2894 237 67 sanctitate
1585 2894 170 67 absque
1703 2894 136 67 bona
1771 2894 136 67 conuer

137 2945 201 61 satione
283 2945 128 61 non
356 2945 201 61 potest.
502 2945 164 61 Magis
611 2945 146 61 vero
702 2945 292 61 scandalizat.
940 2945 183 61 Reuera
1068 2945 146 61 etsi
1159 2945 164 61 bonos
1268 2945 164 61 valde
1378 2945 219 61 adducere
1542 2945 183 61 posset
1670 2945 110 61 ad
1706 2945 201 61 cognitio-

149 3000 123 64 nem
220 3000 246 64 veritatis,
413 3000 158 64 malos
519 3000 158 64 tamen
625 3000 158 64 magis
730 3000 88 64 a
766 3000 211 64 veritate
924 3000 246 64 auelleret.
1118 3000 211 64 secundum
1276 3000 141 64 quod
1364 3000 158 64 dicit
1470 3000 158 64 super
1575 3000 176 64 illud.
1699 3000 123 64 Sic
1752 3000 158 64 luceant

136 3058 168 65 opera
248 3058 186 65 vestra
378 3058 168 65 bona.
490 3058 130 65 Qui
565 3058 130 65 non
639 3058 168 65 facit
751 3058 223 65 (inquit)
918 3058 149 65 quod
1011 3058 186 65 docet,
1142 3058 130 65 non
1216 3058 168 65 alios
1328 3058 186 65 docet:
1458 3058 130 65 sed
1533 3058 205 65 seipsum
1682 3058 261 65 condemnat.

145 3107 101 64 Et
196 3107 169 64 melius
314 3107 118 64 est
381 3107 169 64 facere
500 3107 84 64 &
533 3107 118 64 non
601 3107 169 64 docere
719 3107 135 64 quam
804 3107 169 64 docere
922 3107 84 64 &
956 3107 118 64 non
1023 3107 186 64 facere:
1158 3107 186 64 quoniam
1293 3107 118 64 qui
1361 3107 152 64 facit
1462 3107 135 64 etsi
1546 3107 203 64 tacuerit
1698 3107 186 64 aliquos
1817 3107 84 64 cor

142 3161 174 86 rigit
257 3161 135 86 suo
335 3161 231 86 exemplo:
508 3161 135 86 qui
585 3161 174 86 autem
701 3161 174 86 docet
817 3161 96 86 &
855 3161 135 86 non
932 3161 193 86 facit:
1067 3161 135 86 non
1145 3161 174 86 solum
1260 3161 212 86 neminem
1415 3161 251 86 corrigit:
1607 3161 135 86 sed
1685 3161 116 86 ad
1742 3161 135 86 hoc
1800 3161 116 86 mul
