2361 3770
128 284 194 108 potest
263 284 97 108 &
302 284 194 108 debet.
438 284 174 108 luxta
554 284 174 108 illud
670 284 155 108 quod
767 284 213 108 dominus
922 284 174 108 dicit
1039 284 194 108 Matth.
1174 284 194 108 xxiii.
1310 284 174 108 Super
1426 284 252 108 cathedram
1620 284 174 108 Moysi
1717 284 194 108 sederunt

137 373 190 70 Scribae
275 373 86 70 &
310 373 225 70 Pharisei.
482 373 156 70 omnia
586 373 138 70 ergo
673 373 242 70 quaecumque
863 373 207 70 dixerint
1018 373 156 70 vobis
1122 373 190 70 seruate
1260 373 86 70 &
1295 373 190 70 facite.
1433 373 207 70 secundum
1589 373 156 70 opera
1692 373 156 70 eorum
1779 373 138 70 nolite

135 419 196 81 facere.
278 419 160 81 Super
385 419 232 81 cathedram
563 419 125 81 se.
634 419 125 81 Gl.
705 419 214 81 Docentes
865 419 232 81 doctrinam
1043 419 142 81 quam
1132 419 178 81 Moyses
1257 419 196 81 docuit.
1400 419 249 81 Quaecumque
1595 419 232 81 dixerint.
1774 419 125 81 Gl.
1845 419 107 81 Ad

141 473 246 74 cathedram
330 473 303 74 pertinentia.
576 473 208 74 Seruate
727 473 95 74 &
765 473 132 74 sa.
841 473 132 74 Gl.
917 473 170 74 Corde
1030 473 95 74 &
1068 473 189 74 opere:
1200 473 208 74 propter
1352 473 265 74 cathecram:
1560 473 132 74 non
1635 473 208 74 propter
1768 473 151 74 vitam.

141 526 114 74 Si
198 526 152 74 vero
293 526 114 74 ab
350 526 247 74 ecclesia.
539 526 303 74 repellantur:
786 526 152 74 tunc
881 526 133 74 nec
957 526 190 74 omnino
1089 526 152 74 sunt
1184 526 247 74 audiendi.
1374 526 95 74 ⁋
1412 526 114 74 Ad
1469 526 171 74 prima
1583 526 133 74 duo
1658 526 247 74 argumenta
1829 526 76 74 pa

139 582 127 69 tet
211 582 236 69 responsio
393 582 109 69 ex
448 582 200 69 dictis:
593 582 145 69 quia
684 582 236 69 procedunt
866 582 109 69 de
920 582 200 69 doctore
1065 582 273 69 mercenario:
1283 582 127 69 qui
1356 582 200 69 propter
1501 582 200 69 aliorum
1647 582 254 69 vtilitatem
1828 582 73 69 do

142 634 134 67 cere
226 634 168 67 potest
344 634 235 67 permissus,
528 634 185 67 quantum
663 634 151 67 tamen
763 634 118 67 est
831 634 101 67 ex
881 634 151 67 parte
982 634 118 67 sui
1049 634 168 67 docere
1166 634 118 67 non
1233 634 201 67 deberet:
1385 634 134 67 quia
1469 634 201 67 officium
1620 634 201 67 doctoris
1771 634 118 67 non
1821 634 84 67 tam

134 686 218 67 requirit
298 686 182 67 verba:
425 686 146 67 quam
516 686 182 67 facta:
643 686 109 67 vt
698 686 182 67 dictum
825 686 146 67 est.
916 686 91 67 ⁋
952 686 182 67 Primum
1080 686 255 67 argumentum
1280 686 109 67 in
1334 686 236 67 oppositum
1516 686 218 67 procedit
1680 686 109 67 de
1734 686 146 67 illo
1807 686 91 67 qui

147 746 113 67 per
211 746 161 67 fectus
324 746 145 67 debet
420 746 129 67 esse
501 746 177 67 doctor:
629 746 80 67 &
662 746 97 67 de
710 746 129 67 iure
790 746 177 67 quantum
919 746 113 67 est
983 746 97 67 ex
1032 746 145 67 parte
1128 746 129 67 sui.
1208 746 241 67 nihilominus
1401 746 145 67 tamen
1498 746 113 67 qui
1562 746 113 67 non
1627 746 113 67 est
1691 746 145 67 talis
1771 746 129 67 qualis

136 804 125 58 ibi
207 804 267 58 describitur
421 804 142 58 Bene
510 804 178 58 potest
634 804 142 58 esse
723 804 178 58 doctor
848 804 107 58 ex
901 804 285 58 permissione:
1132 804 160 58 sicut
1239 804 178 58 dictum
1363 804 142 58 est.
1452 804 89 58 ⁋
1488 804 107 58 Ad
1541 804 231 58 secundum:
1719 804 142 58 quod
1808 804 125 58 do-

135 854 153 66 cere
231 854 153 66 sine
326 854 172 66 opere
441 854 115 66 se
498 854 268 66 condemnat:
709 854 230 66 Dicendum
881 854 153 66 quod
977 854 172 66 verum
1091 854 153 66 est:
1187 854 191 66 maxime
1321 854 134 66 cum
1398 854 306 66 scandalizat.
1646 854 115 66 Et
1704 854 153 66 ideo
1780 854 115 66 quan

129 903 125 64 tum
200 903 125 64 est
272 903 107 64 ex
325 903 160 64 parte
432 903 125 64 sui
503 903 196 64 doctor:
646 903 178 64 talis:
770 903 142 64 esse
859 903 125 64 non
931 903 178 64 debet,
1055 903 142 64 quia
1144 903 160 64 tamen
1251 903 107 64 ab
1305 903 214 64 ecclesia
1465 903 232 64 permissus
1643 903 142 64 est:
1732 903 178 64 docere
1839 903 71 64 po

135 959 155 61 test
231 959 97 61 &
270 959 213 61 audiri:
425 959 116 61 vt
483 959 193 61 dictum
599 959 116 61 est.

483 1015 161 70 Irca:
591 1015 179 70 Sextum
716 1015 233 70 arguitur:
895 1015 143 70 quod
985 1015 161 70 primi
1092 1015 215 70 doctores
1254 1015 161 70 huius
1361 1015 233 70 scientiae
1541 1015 233 70 simplices
1720 1015 90 70 &
1738 1015 161 70 idiotae

471 1062 143 64 esse
560 1062 125 64 non
632 1062 232 64 debebant.
810 1062 161 64 Primo
917 1062 143 64 sic.
1007 1062 161 64 tales
1114 1062 214 64 debebant
1274 1062 143 64 esse
1364 1062 161 64 primi
1471 1062 161 64 huius
1578 1062 250 64 sapientiae
1756 1062 143 64 docto-

480 1125 148 65 res:
573 1125 130 65 per
647 1125 148 65 quos
740 1125 185 65 mundus
870 1125 222 65 facilius
1036 1125 111 65 ad
1092 1125 167 65 fidem
1203 1125 185 65 possit
1333 1125 241 65 conuerti:
1518 1125 148 65 quia
1611 1125 111 65 ad
1666 1125 130 65 hoc
1722 1125 185 65 docebant

479 1179 148 67 hanc
572 1179 241 67 scientiam
757 1179 185 67 fidei.
887 1179 185 67 Mundus
1017 1179 167 67 autem
1128 1179 222 67 facilius
1295 1179 185 67 potuit
1424 1179 222 67 conuerti
1591 1179 130 67 per
1665 1179 167 67 tales
1758 1179 148 67 quales

475 1234 167 68 erant
587 1234 241 68 sapientes
772 1234 167 68 huius
883 1234 185 68 mundi.
1013 1234 148 68 ergo
1105 1234 130 68 &c.
1179 1234 222 68 Probatio
1346 1234 204 68 minoris
1494 1234 130 68 per
1569 1234 315 68 Chrysostomum:
1809 1234 93 68 qui

471 1285 143 53 dicit
567 1285 143 53 super
662 1285 143 53 illud
758 1285 159 53 Matth.
870 1285 112 53 ii.
933 1285 175 53 Vidimus
1061 1285 175 53 stallam
1189 1285 143 53 eius.
1284 1285 112 53 &c.
1348 1285 143 53 Missi
1444 1285 191 53 (inquat)
1587 1285 96 53 id
1635 1285 159 53 totius
1747 1285 143 53 orbis
1826 1285 80 53 sa

442 1330 177 74 lutem
560 1330 237 74 magistri
738 1330 118 74 de
797 1330 276 74 cuiuslibet
1014 1330 217 74 ipsorum
1171 1330 158 74 more
1270 1330 197 74 gentis
1408 1330 177 74 modos
1526 1330 158 74 sibi
1625 1330 237 74 assumunt
1802 1330 138 74 do-

134 1385 188 66 cendi.
266 1385 131 66 Sed
341 1385 131 66 mos
416 1385 225 66 communis
585 1385 207 66 gentium
735 1385 150 66 tunc
829 1385 150 66 erat
923 1385 131 66 non
998 1385 207 66 credere
1149 1385 150 66 nisi
1243 1385 150 66 quod
1336 1385 225 66 naturali
1506 1385 207 66 ratione
1656 1385 188 66 posset
1769 1385 131 66 inue-

142 1441 168 66 stigari.
268 1441 168 66 secundum
395 1441 112 66 quod
465 1441 126 66 super
549 1441 140 66 illud.
647 1441 84 66 i.
690 1441 140 66 Corin.
788 1441 84 66 i.
830 1441 140 66 ludaei
928 1441 126 66 signa
1012 1441 183 66 quaerunt,
1153 1441 140 66 graeci
1251 1441 211 66 sapientiam.
1420 1441 126 66 dicit
1504 1441 98 66 Gl.
1560 1441 168 66 Quaerumt
1686 1441 168 66 scilicet
1799 1441 98 66 vtrum

131 1499 134 68 quod
215 1499 251 68 praedicatur
415 1499 167 68 natura
532 1499 217 68 patiatur.
699 1499 84 68 ⁋
733 1499 184 68 Secundo
866 1499 134 68 sic.
950 1499 134 68 Illa
1033 1499 200 68 scientia
1184 1499 134 68 quae
1267 1499 134 68 soli
1351 1499 251 68 auctoritati
1551 1499 117 68 non
1618 1499 200 68 naturali
1752 1499 150 68 rationi

148 1548 245 66 innititur,
340 1548 157 66 neque
445 1548 192 66 docetur
584 1548 140 66 nisi
672 1548 105 66 vt
724 1548 105 66 ei
777 1548 227 66 credatur,
951 1548 122 66 per
1021 1548 157 66 illos
1126 1548 175 66 debuit
1248 1548 157 66 primo
1353 1548 175 66 doceri
1476 1548 122 66 per
1546 1548 140 66 quos
1633 1548 175 66 maxime
1755 1548 105 66 ei
1790 1548 105 66 cre-

146 1603 202 62 deretur.
298 1603 152 62 tales
399 1603 152 62 erant
500 1603 219 62 sapientes
668 1603 168 62 mundi:
786 1603 118 62 non
853 1603 202 62 idiotae:
1005 1603 135 62 quia
1089 1603 152 62 illis
1190 1603 152 62 solet
1291 1603 168 62 credi:
1409 1603 152 62 istis
1510 1603 135 62 non.
1594 1603 135 62 ergo
1678 1603 118 62 &c.
1745 1603 84 62 ⁋
1779 1603 101 62 In
1813 1603 84 62 con

144 1661 192 59 trarium
283 1661 122 59 est
353 1661 227 59 Gl.lloii:
528 1661 140 59 quae
615 1661 175 59 dicit.
737 1661 227 59 Nathanael
912 1661 279 59 peritissimus
1139 1661 297 59 scripturarum,
1383 1661 140 59 quia
1471 1661 279 59 doctissimus,
1697 1661 122 59 non
1767 1661 122 59 est
1837 1661 105 59 in

154 1712 282 59 apostolatum
380 1712 225 59 electus.
549 1712 169 59 Omnes
661 1712 150 59 enim
755 1712 225 59 apostoli
924 1712 169 59 primo
1037 1712 113 59 de
1093 1712 207 59 idiotis
1244 1712 150 59 sunt
1338 1712 244 59 assumpti.
1525 1712 225 59 scilicet
1694 1712 113 59 vt
1732 1712 169 59 confun-

143 1763 232 62 dantur
282 1763 279 62 sapientes.

134 1812 111 93 ⁋
178 1812 268 93 Dicendum
379 1812 134 93 ad
446 1812 178 93 hoc:
557 1812 178 93 quod
669 1812 334 93 proculdubio
936 1812 201 93 primi
1070 1812 268 93 doctores
1271 1812 201 93 huius
1405 1812 290 93 scientiae
1627 1812 290 93 simplices
1828 1812 67 93 &

145 1879 171 62 idiotae
270 1879 155 62 electi
378 1879 140 62 sunt.
471 1879 186 62 Secundum
611 1879 124 62 quod
688 1879 140 62 dicit
782 1879 233 62 Augustinus.
968 1879 140 62 xxii.
1061 1879 93 62 de
1107 1879 186 62 civitate
1247 1879 124 62 dei.
1325 1879 217 62 Ineruditos
1495 1879 233 62 liberalibus
1666 1879 217 62 disciplinis:

141 1935 94 66 &
179 1935 188 66 omnino
311 1935 207 66 quantum
462 1935 113 66 ad
518 1935 207 66 istorum
669 1935 245 66 doctrinas
857 1935 207 66 attinet
1008 1935 264 66 impolitos,
1215 1935 132 66 non
1291 1935 207 66 peritos
1442 1935 283 66 grammatica,
1668 1935 132 66 non
1724 1935 170 66 armatos

142 1990 259 70 dialectica,
349 1990 121 70 nec
418 1990 225 70 rhetorica
591 1990 225 70 inflatos:
764 1990 242 70 piscatores
954 1990 207 70 Christus
1109 1990 121 70 cum
1179 1990 190 70 retibus
1317 1990 156 70 fidei
1420 1990 104 70 ad
1472 1990 138 70 mare
1559 1990 173 70 seculi
1662 1990 225 70 paucissimos

137 2035 160 90 misit:
249 2035 144 90 atque
345 2035 96 90 ex
393 2035 128 90 omni
473 2035 160 90 genere
585 2035 112 90 tam
649 2035 160 90 multos
761 2035 176 90 pisces:
889 2035 80 90 &
921 2035 144 90 tanto
1017 2035 256 90 mirabiliores
1224 2035 160 90 quanto
1336 2035 208 90 rariores:
1496 2035 144 90 etiam
1592 2035 144 90 ipsos
1672 2035 224 90 philosophous

142 2104 178 77 cepit.
267 2104 107 77 Et
320 2104 160 77 quare
427 2104 160 77 tales
534 2104 214 77 Christus
694 2104 196 77 mittere
837 2104 178 77 debuit
962 2104 89 77 &
997 2104 196 77 voluit:
1140 2104 196 77 triplex
1282 2104 125 77 est
1354 2104 178 77 ratio.
1478 2104 178 77 quarum
1603 2104 160 77 Prima
1710 2104 143 77 est:
1781 2104 107 77 quod

136 2146 218 67 scientia
299 2146 145 67 ista
390 2146 145 67 quia
481 2146 127 67 non
553 2146 236 67 innititur
735 2146 200 67 humanae
880 2146 218 67 rationi:
1044 2146 163 67 neque
1153 2146 182 67 humano
1280 2146 272 67 testimonio,
1498 2146 127 67 sed
1570 2146 182 67 primae
1697 2146 236 67 veritati:

137 2203 111 67 vt
192 2203 185 67 dictum
322 2203 130 67 est
396 2203 185 67 supra:
525 2203 130 67 per
599 2203 167 67 tales
710 2203 185 67 debuit
840 2203 185 67 doceri
969 2203 111 67 ab
1025 2203 204 67 initio:
1173 2203 130 67 per
1247 2203 148 67 quos
1339 2203 167 67 summe
1450 2203 185 67 posset
1580 2203 222 67 apparere
1728 2203 167 67 auctori

143 2261 125 54 tas
215 2261 179 54 primae
340 2261 233 54 veritatis
520 2261 108 54 in
573 2261 125 54 ea:
645 2261 125 54 nec
717 2261 125 54 eam
788 2261 143 54 esse
878 2261 215 54 fulcitam
1039 2261 215 54 alicuius
1201 2261 197 54 humanae
1344 2261 215 54 rationis
1506 2261 125 54 aut
1577 2261 269 54 inuentionis
1775 2261 125 54 indu-

142 2314 174 61 stria.
263 2314 157 61 tales
368 2314 157 61 erant
472 2314 226 61 simplices
646 2314 87 61 &
681 2314 209 61 idiotae.
837 2314 174 61 Contra
959 2314 157 61 tales
1063 2314 139 61 enim
1150 2314 157 61 nulla
1255 2314 139 61 erat
1342 2314 226 61 suspitio:
1516 2314 104 61 ne
1568 2314 174 61 humana
1672 2314 209 61 inuentione

137 2366 113 60 eam
201 2366 291 60 confinxissent:
444 2366 81 60 &
476 2366 97 60 ne
524 2366 194 60 naturali
670 2366 178 60 ratione
799 2366 161 60 populo
912 2366 113 60 eam
977 2366 97 60 ad
1025 2366 210 60 credendum
1187 2366 242 60 suasissent.
1380 2366 145 60 sicut
1477 2366 178 60 fuisset
1606 2366 97 60 si
1655 2366 113 60 per
1703 2366 178 60 sapientes

135 2416 166 72 mundi
245 2416 129 72 eam
319 2416 111 72 ab
374 2416 184 72 initio
503 2416 258 72 docuisset.
706 2416 147 72 Vnde
798 2416 166 72 Greg.
908 2416 221 72 exponens
1074 2416 166 72 illud
1185 2416 147 72 lob.
1277 2416 203 72 Ligabit
1424 2416 129 72 eum
1498 2416 221 72 ancillis
1664 2416 166 72 suis.
1756 2416 129 72 dicit

148 2478 182 57 xxxiii.
281 2478 182 57 Morali.
414 2478 133 57 Bene
496 2478 166 57 domins
612 2478 215 57 Leuiatham
778 2478 116 57 non
844 2478 166 57 seruis
960 2478 149 57 suis:
1060 2478 116 57 sed
1126 2478 199 57 ancillis
1275 2478 99 57 se
1325 2478 166 57 ligare
1441 2478 215 57 asseruit:
1606 2478 149 57 quiam
1706 2478 99 57 ad
1739 2478 149 57 nostram

140 2525 271 57 redemptionem
361 2525 204 57 veniens:
513 2525 85 57 &
547 2525 136 57 suos
632 2525 170 57 contra
751 2525 153 57 mundi
852 2525 237 57 sapientiam
1039 2525 288 57 praedicatores
1276 2525 204 57 mittens:
1429 2525 204 57 relictis
1582 2525 254 57 sapientibus
1768 2525 119 57 insi-

149 2579 212 82 pientes,
308 2579 212 82 telictis
468 2579 212 82 fortibus
627 2579 212 82 debiles,
786 2579 212 82 relictis
945 2579 230 82 diuitibus
1122 2579 212 82 pauperes
1281 2579 194 82 elegit.
1422 2579 141 82 Vnde
1511 2579 106 82 in
1564 2579 230 82 euangelio
1723 2579 159 82 dominus

147 2628 216 77 Nathanael
313 2628 183 77 laudat:
446 2628 116 77 nec
513 2628 149 77 tamen
612 2628 100 77 in
662 2628 149 77 sorte
761 2628 282 77 praedicantium
994 2628 199 77 numerat:
1143 2628 133 77 quia
1226 2628 100 77 ad
1276 2628 249 77 perdicandum
1475 2628 149 77 tales
1575 2628 166 77 venire
1691 2628 232 77 debuerant:

137 2696 126 70 qui
209 2696 108 70 de
263 2696 162 70 laude
371 2696 198 70 propria
515 2696 162 70 nihil
623 2696 234 70 habebant:
803 2696 108 70 vt
857 2696 162 70 tanto
965 2696 180 70 solius
1091 2696 234 70 veritatis
1271 2696 306 70 cognosceretur
1523 2696 144 70 esse
1613 2696 144 70 quod
1703 2696 216 70 agerent:

147 2746 192 67 quanto
281 2746 96 67 &
320 2746 192 67 aperte
454 2746 269 67 cerneretur
666 2746 154 67 quia
762 2746 115 67 ad
820 2746 135 67 hoc
897 2746 211 67 agendum
1050 2746 192 67 idonei
1185 2746 135 67 non
1262 2746 250 67 fuissent.
1454 2746 115 67 Vt
1512 2746 154 67 ergo
1608 2746 154 67 mira
1685 2746 192 67 potentia

151 2798 118 64 per
219 2798 287 64 praedicatorum
455 2798 186 64 linguas
590 2798 270 64 claresceret:
810 2798 236 64 mirabilius
996 2798 152 64 actum
1097 2798 118 64 est
1165 2798 101 64 vt
1215 2798 152 64 eorum
1317 2798 287 64 praedicantium
1553 2798 152 64 nulla
1654 2798 169 64 esset.
1756 2798 118 64 Idcir

152 2861 99 59 co
202 2861 133 59 ergo
285 2861 133 59 haec
368 2861 199 59 scientia
517 2861 116 59 per
583 2861 215 59 simplices
749 2861 83 59 &
782 2861 199 59 idiotas:
931 2861 83 59 &
964 2861 116 59 non
1030 2861 116 59 per
1097 2861 149 59 alios
1196 2861 99 59 ab
1246 2861 166 59 initio
1362 2861 166 59 doceri
1477 2861 182 59 debuit:
1610 2861 99 59 vt
1660 2861 99 59 ex
1709 2861 149 59 eorum
1792 2861 83 59 sim

149 2901 222 72 plicitate
320 2901 85 72 &
354 2901 222 72 doctrinae
525 2901 222 72 efficacia
695 2901 102 72 in
747 2901 256 72 convertendo
952 2901 154 72 totum
1054 2901 171 72 mundum
1174 2901 307 72 confunderentur
1430 2901 239 72 sapientes:
1618 2901 85 72 &
1652 2901 188 72 relicta
1772 2901 102 72 vana

145 2962 152 61 mundi
247 2962 237 61 sapientia:
433 2962 102 61 ad
483 2962 152 61 veram
585 2962 237 61 sapientiam
771 2962 118 61 dei
839 2962 271 61 diuerterent:
1059 2962 85 61 &
1093 2962 118 61 sic
1160 2962 118 61 per
1228 2962 152 61 veram
1330 2962 237 61 sapientiam
1516 2962 169 61 falsam
1634 2962 237 61 sapientiam
1803 2962 68 61 de

144 3021 216 59 strueret.
311 3021 100 59 Et
360 3021 133 59 haec
443 3021 116 59 est
510 3021 150 59 ratio
610 3021 133 59 quam
693 3021 199 59 assignat
842 3021 233 59 Apostolus.
1025 3021 100 59 i.
1075 3021 166 59 Corin.
1191 3021 100 59 i.
1241 3021 116 59 Non
1307 3021 100 59 me
1357 3021 199 59 (inquit)
1507 3021 150 59 misit
1606 3021 133 59 deus
1673 3021 199 59 baptizare:

139 3060 107 78 sed
200 3060 261 78 euangelizare:
415 3060 107 78 non
476 3060 92 78 in
522 3060 199 78 sapientia
675 3060 153 78 verbi:
782 3060 92 78 vt
828 3060 107 78 non
890 3060 199 78 euacuetur
1043 3060 123 78 crux
1120 3060 215 78 Christiaua
1288 3060 77 78 G
1319 3060 92 78 id
1365 3060 92 78 e.
1411 3060 107 78 non
1472 3060 92 78 in
1518 3060 199 78 sapientia
1656 3060 230 78 philosophorum

144 3115 109 61 in
198 3115 181 61 lepore
325 3115 90 61 &
361 3115 181 61 ornatu
488 3115 235 61 verborum:
669 3115 145 61 quia
759 3115 271 61 praedicatio
976 3115 253 61 Christiana
1175 3115 127 61 non
1248 3115 199 61 indiget
1392 3115 163 61 pompa
1501 3115 90 61 &
1537 3115 163 61 cultu
1646 3115 235 61 sermonis:
1809 3115 72 61 ne

147 3173 194 74 videatur
293 3173 130 74 esse
374 3173 97 74 ex
422 3173 194 74 versutia
568 3173 81 74 &
600 3173 243 74 calliditate
795 3173 178 74 humanae
924 3173 243 74 sapientiae:
1119 3173 113 74 non
1183 3173 97 74 ex
1232 3173 211 74 veritate.
1394 3173 113 74 lbi
1459 3173 130 74 enim
1540 3173 227 74 compositio
1718 3173 194 74 verborum

139 3223 229 89 quaeritur,
319 3223 115 89 vbi
384 3223 148 89 teste
483 3223 180 89 virtute
614 3223 115 89 non
679 3223 213 89 commendat
843 3223 98 89 se
893 3223 131 89 ipsa
975 3223 197 89 veritas.
1122 3223 148 89 sicut
1220 3223 98 89 in
1270 3223 213 89 sapientia
1433 3223 197 89 mundana.
1581 3223 197 89 Sequitur
1728 3223 98 89 in
1761 3223 115 89 apso,
