2420 3759
150 281 172 91 minus
265 281 172 91 super
379 281 249 91 huiusmodi
571 281 229 91 doctrina
743 281 268 91 pronunciat
953 281 249 91 indignos.
1144 281 172 91 Eiunt
1259 281 191 91 quippe
1393 281 210 91 peiores
1546 281 229 91 postquam
1699 281 229 91 didicerint

152 357 219 72 secreta:
316 357 237 72 temerarii
498 357 164 72 magis
607 357 109 72 ea
662 357 182 72 ignota
789 357 273 72 reuerentur.
1008 357 127 72 Per
1081 357 146 72 haec
1172 357 182 72 patent
1299 357 109 72 in
1354 357 164 72 parte
1445 357 182 72 obiecta.

158 427 112 77 ⁋
202 427 134 77 Ad
270 427 224 77 primum
426 427 179 77 ergo
538 427 134 77 in
605 427 313 77 oppositum:
852 427 179 77 quod
964 427 224 77 audire
1120 427 179 77 hanc
1232 427 291 77 scientiam
1456 427 224 77 maxime
1613 427 269 77 competit
1792 427 112 77 pec

154 477 199 73 catori,
299 477 163 73 sicut
408 477 218 73 aegroto:
571 477 218 73 dicendum
734 477 145 73 quod
825 477 163 73 verum
934 477 127 73 est
1006 477 236 73 inquantum
1188 477 127 73 est
1260 477 218 73 curatiua
1423 477 308 73 aegritudinis.
1677 477 236 73 Inquantum
1840 477 73 73 au

150 539 126 58 tem
222 539 126 58 est
294 539 234 58 directiua
474 539 252 58 sanitatis,
671 539 126 58 est
743 539 306 58 principaliter
995 539 198 58 propter
1139 539 180 58 iustos
1265 539 90 58 &
1301 539 180 58 sanos.
1427 539 90 58 ⁋
1463 539 126 58 Per
1534 539 144 58 idem
1624 539 162 58 patet
1732 539 108 58 ad
1768 539 144 58 secun-

158 587 134 75 dum,
242 587 184 75 quomodo
375 587 150 75 autem
476 587 117 75 sit
542 587 184 75 propter
676 587 234 75 peccatores
860 587 184 75 posita,
993 587 117 75 non
1060 587 184 75 iustos:
1194 587 134 75 suas
1277 587 150 75 habet
1377 587 250 75 quaestiones
1578 587 117 75 per
1645 587 100 75 se
1678 587 217 75 inquirendas

459 641 143 89 Irca
549 641 197 89 quartum
692 641 233 89 arguitur:
871 641 143 89 quod
960 641 179 89 volens
1085 641 376 89 inhaerereliudicio
1407 641 233 89 naturalis
1586 641 215 89 rationis
1747 641 125 89 non
1801 641 107 89 pos-

473 720 116 70 set
540 720 183 70 auditor
673 720 150 70 huius
773 720 216 70 scientiae
939 720 150 70 esse.
1039 720 150 70 Primo
1138 720 133 70 sic.
1221 720 100 70 i.
1271 720 216 70 Corinthi.
1438 720 116 70 ii.
1504 720 150 70 dicit
1604 720 233 70 apostolus.
1770 720 133 70 Aialis

475 772 143 63 homo
564 772 125 63 non
636 772 214 63 percipit
797 772 107 63 ea
850 772 143 63 quae
940 772 143 63 sunt
1029 772 214 63 spiritus
1190 772 143 63 dei.
1279 772 232 63 Stultitia
1457 772 143 63 enim
1547 772 125 63 est
1618 772 161 63 illi,
1725 772 89 63 &
1761 772 125 63 non
1815 772 89 63 po-

486 818 143 80 test
576 818 286 80 intelligere.
808 818 233 80 cuiusmodi
987 818 143 80 sunt
1076 818 143 80 illa
1166 818 143 80 quae
1255 818 143 80 sunt
1345 818 161 80 huius
1452 818 250 80 scientiae:
1649 818 89 80 &
1684 818 107 80 vt
1738 818 125 80 ibi
1792 818 125 80 dicit

470 894 151 55 Glo.
565 894 227 55 Animalis
735 894 151 55 homo
830 894 208 55 dicitur
981 894 133 55 qui
1057 894 114 55 de
1114 894 133 55 deo
1190 894 170 55 iuxta
1303 894 227 55 corporum
1474 894 284 55 phantasias,
1701 894 133 55 vel
1758 894 151 55 ratio-

470 931 122 88 nem
539 931 296 88 philosophicam
783 931 209 88 iudicat.
939 931 139 88 ergo
1026 931 174 88 volens
1148 931 226 88 inhaerere
1322 931 191 88 iudicio
1461 931 226 88 naturalis
1635 931 209 88 rationis
1791 931 122 88 non
1843 931 70 88 po

479 993 136 57 test
564 993 255 57 intelligere
768 993 136 57 quae
853 993 136 57 sunt
938 993 153 57 huius
1040 993 238 57 scientiae:
1227 993 119 57 sed
1295 993 102 57 ei
1346 993 221 57 stultitia
1516 993 204 57 videtur.
1669 993 153 57 talis
1771 993 119 57 non
1822 993 85 57 po-

157 1051 144 71 test
247 1051 144 71 esse
337 1051 198 71 auditor
481 1051 162 71 huius
589 1051 252 71 scientiae:
786 1051 144 71 quia
876 1051 234 71 auditorem
1056 1051 108 71 in
1110 1051 144 71 omni
1200 1051 216 71 scientia
1362 1051 198 71 oportet
1505 1051 216 71 credere.
1667 1051 144 71 ergo
1757 1051 126 71 &c.
1829 1051 90 71 ⁋
1847 1051 72 71 Se

163 1093 159 73 cundo
269 1093 141 73 sic.
357 1093 159 73 Omnis
463 1093 194 73 auditor
604 1093 229 73 scientiae
780 1093 159 73 debet
885 1093 211 73 iudicare
1044 1093 141 73 quae
1132 1093 159 73 audit
1238 1093 106 73 in
1291 1093 123 73 ea.
1361 1093 106 73 Et
1414 1093 141 73 ideo
1502 1093 159 73 dicit
1608 1093 264 73 philosophus
1801 1093 106 73 quod

157 1145 200 79 iuuenis
302 1145 127 79 non
375 1145 127 79 est
447 1145 200 79 auditor
593 1145 236 79 politicae
774 1145 254 79 scientiae:
974 1145 145 79 quia
1065 1145 127 79 non
1137 1145 182 79 potest
1264 1145 218 79 iudicare
1428 1145 109 79 de
1482 1145 200 79 actibus
1628 1145 218 79 secundum
1773 1145 145 79 vitam.

153 1198 127 76 Sed
225 1198 182 76 volens
353 1198 236 76 inhaerere
534 1198 200 76 iudicio
680 1198 236 76 naturalis
861 1198 218 76 rationis
1025 1198 127 76 non
1098 1198 182 76 potest
1225 1198 218 76 iudicare
1388 1198 109 76 de
1443 1198 127 76 eis
1515 1198 145 76 quae
1606 1198 145 76 sunt
1697 1198 164 76 huius
1788 1198 127 76 scien

164 1254 151 77 tiae.
265 1254 202 77 secundum
417 1254 135 77 quod
501 1254 151 77 dicit
602 1254 151 77 Glos.
703 1254 151 77 super
804 1254 168 77 illud.
921 1254 101 77 i.
972 1254 219 77 Corinthi.
1140 1254 118 77 ii.
1207 1254 252 77 Spiritualis
1409 1254 151 77 omnia
1510 1254 202 77 iudicat,
1662 1254 84 77 &
1695 1254 135 77 ipse
1779 1254 84 77 a
1796 1254 118 77 nemi-

171 1307 104 76 ne
223 1307 242 76 iudicatur.
413 1307 156 76 Idest
516 1307 173 76 (dicit
637 1307 190 76 Glossa)
776 1307 259 76 Spiritualis
983 1307 225 76 discernit
1156 1307 156 76 omnia
1259 1307 138 76 quae
1346 1307 207 76 continet
1501 1307 173 76 diuina
1622 1307 242 76 scriptura,
1795 1307 121 76 tamen

162 1361 116 74 de
220 1361 136 74 deo
297 1361 233 74 secundum
472 1361 233 74 imagines
647 1361 252 74 corporum,
841 1361 136 74 vel
918 1361 213 74 humanam
1073 1361 310 74 philosophiam
1326 1361 136 74 non
1403 1361 194 74 sapit,
1539 1361 97 74 &
1578 1361 155 74 ipse
1675 1361 97 74 a
1714 1361 175 74 nullo
1830 1361 136 74 ani

164 1415 138 72 mali
250 1415 172 72 homine
370 1415 293 72 intelligitur,
611 1415 155 72 vtrum
715 1415 138 72 bene
801 1415 103 72 an
852 1415 138 72 male
939 1415 258 72 intelligat.
1145 1415 138 72 ergo
1231 1415 121 72 &c.
1300 1415 86 72 ⁋
1335 1415 172 72 Contra
1455 1415 138 72 est,
1541 1415 189 72 quoniam
1679 1415 138 72 ille
1765 1415 121 72 est
1817 1415 103 72 con-

165 1469 194 75 ueniens
306 1469 194 75 auditor
447 1469 159 75 huius
553 1469 229 75 scientiae
729 1469 123 75 qui
800 1469 247 75 dispositus
993 1469 123 75 est
1064 1469 106 75 vt
1117 1469 229 75 credibile
1293 1469 141 75 fiat
1381 1469 106 75 ei
1434 1469 317 75 intelligibile:
1698 1469 141 75 quia
1786 1469 106 75 vt
1821 1469 106 75 vult

156 1531 253 63 Augustinus
355 1531 108 63 in
409 1531 235 63 principio
590 1531 163 63 super
698 1531 163 63 loan.
807 1531 108 63 ad
861 1531 127 63 hoc
933 1531 235 63 exponitur
1114 1531 253 63 scriptura:
1313 1531 108 63 vt
1367 1531 307 63 intelligatur.
1621 1531 163 63 talis
1729 1531 127 63 est
1783 1531 145 63 inhae-

162 1579 151 82 rens
257 1579 208 82 iudicio
408 1579 246 82 naturalis
597 1579 246 82 rationis:
786 1579 151 82 quia
880 1579 227 82 secundum
1051 1579 265 82 Augustinum
1258 1579 151 82 quod
1353 1579 227 82 credimus
1523 1579 208 82 debetur
1655 1579 265 82 auctoritati,

152 1633 143 85 quod
242 1633 286 85 intelligimus
474 1633 197 85 debetur
617 1633 215 85 rationi.
778 1633 143 85 ergo
850 1633 89 85 &c.

148 1661 109 126 ⁋
192 1661 261 126 Dicendum
387 1661 130 126 ad
452 1661 174 126 hoc:
561 1661 174 126 quod
669 1661 282 126 inhaerere
887 1661 261 126 naturali
1082 1661 239 126 rationi
1256 1661 282 126 contingit
1473 1661 326 126 dupliciter.
1733 1661 152 126 Vno
1798 1661 109 126 mo-

169 1744 109 76 do
223 1744 109 76 vt
278 1744 145 76 homo
369 1744 164 76 nulli
478 1744 236 76 assentiri
659 1744 182 76 velit,
787 1744 145 76 nisi
877 1744 145 76 quod
968 1744 218 76 naturali
1132 1744 200 76 ratione
1277 1744 200 76 poterit
1422 1744 254 76 attingere,
1622 1744 200 76 limitem
1768 1744 182 76 cogno-

163 1797 278 77 scendorum
376 1797 128 77 ab
440 1797 214 77 homine
590 1797 192 77 infra
718 1797 278 77 naturalem
932 1797 256 77 rationem
1124 1797 256 77 ponendo.
1317 1797 171 77 Alio
1423 1797 171 77 modo
1530 1797 128 77 vt
1594 1797 235 77 limitem
1744 1797 171 77 cogni-

159 1865 189 66 tionis
291 1865 208 66 humanae
442 1865 170 66 infra
556 1865 245 66 naturalem
744 1865 227 66 rationem
914 1865 132 66 non
990 1865 245 66 includat:
1179 1865 132 66 sed
1254 1865 170 66 etiam
1367 1865 151 66 illi
1462 1865 132 66 rei
1537 1865 132 66 cui
1613 1865 170 66 fides
1726 1865 170 66 super
1821 1865 94 66 na-

159 1907 211 87 turalem
312 1907 230 87 rationem
485 1907 307 87 assentiendum
734 1907 153 87 esse
830 1907 211 87 dictat,
983 1907 153 87 sine
1079 1907 153 87 omni
1175 1907 364 87 contradictione,
1481 1907 96 87 &
1520 1907 192 87 absque
1654 1907 153 87 omni
1730 1907 192 87 naturali

160 1973 201 66 ratione
306 1973 275 66 consentiat,
526 1973 92 66 &
562 1973 110 66 si
617 1973 146 66 quid
709 1973 220 66 naturali
874 1973 201 66 ratione
1020 1973 220 66 nouerit,
1185 1973 110 66 in
1240 1973 238 66 obsequium
1423 1973 165 66 fidei
1533 1973 220 66 adducat,
1697 1973 128 66 nec
1771 1973 110 66 in
1807 1973 110 66 ali-

155 2021 133 79 quo
231 2021 209 79 propter
383 2021 114 79 id
440 2021 152 79 quod
535 2021 152 79 sibi
629 2021 209 79 ratione
781 2021 228 79 apparet,
952 2021 304 79 contradicat.
1199 2021 247 79 Inhaerens
1389 2021 228 79 naturali
1559 2021 209 79 rationi
1711 2021 171 79 Primo
1825 2021 133 79 mo-

166 2068 108 73 do
220 2068 180 73 omnino
346 2068 144 73 esse
436 2068 198 73 auditor
580 2068 162 73 huius
688 2068 234 73 scientiae
868 2068 126 73 non
940 2068 198 73 potest.
1085 2068 144 73 Ipse
1175 2068 144 73 enim
1265 2068 144 73 vere
1355 2068 216 73 animalis
1517 2068 144 73 est,
1607 2068 108 73 de
1661 2068 126 73 quo
1733 2068 162 73 dicit
1823 2068 90 73 apo

163 2122 198 78 stolus.
307 2122 216 78 Animalis
470 2122 144 78 homo
560 2122 126 78 non
632 2122 216 78 percipit
794 2122 108 78 ea
848 2122 144 78 quae
938 2122 144 78 sunt
1028 2122 216 78 spiritus
1191 2122 144 78 dei.
1281 2122 126 78 vbi
1353 2122 162 78 dicit
1461 2122 162 78 Glos.
1569 2122 108 78 Vt
1624 2122 180 78 partum
1732 2122 180 78 virginis

161 2172 94 80 &
199 2172 355 80 resurrectionem.
498 2172 168 80 Nihil
610 2172 150 80 enim
704 2172 225 80 aestimat
872 2172 168 80 posse
985 2172 187 80 fieri,
1115 2172 150 80 nisi
1209 2172 150 80 quod
1303 2172 168 80 nouit
1415 2172 206 80 quomodo
1565 2172 168 80 fiat.
1677 2172 150 80 Vnde
1770 2172 131 80 non
1826 2172 94 80 po-

160 2230 144 72 test
250 2230 162 72 scire
358 2230 288 72 spiritualia,
593 2230 144 72 quia
683 2230 216 72 improbat
845 2230 180 72 statim
971 2230 198 72 audita:
1116 2230 90 72 &
1152 2230 108 72 ex
1206 2230 126 72 hoc
1278 2230 216 72 deterior
1440 2230 144 72 fit,
1530 2230 90 72 &
1566 2230 198 72 amplius
1693 2230 234 72 excaecatur,

167 2281 91 77 &
203 2281 254 77 praecludit
403 2281 145 77 sibi
493 2281 145 77 viam
584 2281 290 77 intellectus.
819 2281 145 77 Quia
910 2281 109 77 vt
964 2281 163 77 dicit
1073 2281 254 77 Augustinus
1273 2281 181 77 contra
1399 2281 272 77 Adamantium,
1617 2281 199 77 quandiu
1744 2281 163 77 scriptu

161 2336 133 77 ram
237 2336 229 77 lacerare
409 2336 248 77 conantur,
599 2336 172 77 nullo
714 2336 153 77 modo
809 2336 286 77 intelligere
1038 2336 324 77 permittuntur.
1305 2336 153 77 ldem
1400 2336 114 77 in
1457 2336 191 77 eodem.
1591 2336 191 77 Sancta
1705 2336 210 77 scriptura

164 2389 132 74 non
240 2389 264 74 temerarios
447 2389 94 74 &
485 2389 226 74 superbos
654 2389 302 74 accusatores,
900 2389 132 74 sed
975 2389 264 74 diligentes
1183 2389 94 74 &
1220 2389 151 74 pios
1315 2389 226 74 lectores
1484 2389 264 74 desiderat.
1692 2389 151 74 Vnde
1767 2389 151 74 Chryso

160 2442 183 88 stomus
288 2442 164 88 super
397 2442 164 88 illud
507 2442 146 88 Mat.
598 2442 128 88 vi.
671 2442 183 88 Nolite
799 2442 201 88 sanctum
945 2442 146 88 dare
1036 2442 219 88 canibus:
1201 2442 164 88 dicit
1310 2442 110 88 de
1365 2442 201 88 talibus
1511 2442 329 88 aduersantibus:
1785 2442 110 88 ne
1840 2442 110 88 ad

154 2506 229 68 audiendum
331 2506 141 68 hanc
419 2506 229 68 scientiam
596 2506 282 68 recipiantur.
825 2506 141 68 Quia
913 2506 141 68 ergo
1002 2506 212 68 (inquit)
1161 2506 194 68 discere
1302 2506 212 68 naturali
1461 2506 194 68 ratione
1602 2506 141 68 illa
1690 2506 124 68 non
1743 2506 159 68 possunt

168 2552 127 74 vel
241 2552 255 74 ignorantia
441 2552 273 74 reuerentur,
659 2552 164 74 neque
768 2552 145 74 enim
859 2552 182 74 porcus
986 2552 200 74 aliquis
1131 2552 164 74 cuius
1240 2552 182 74 precii
1368 2552 236 74 Margarita
1549 2552 145 74 sit,
1640 2552 218 74 agnouit:
1804 2552 91 74 &
1822 2552 91 74 hoc

163 2603 189 84 igitur
296 2603 152 84 quia
390 2603 208 84 nescit,
542 2603 152 84 ideo
637 2603 133 84 non
712 2603 265 84 conculcat.
921 2603 171 84 Nihil
1035 2603 152 84 enim
1129 2603 208 84 amplius
1281 2603 227 84 affertur
1451 2603 133 84 iis
1527 2603 133 84 qui
1603 2603 246 84 huiusmodi
1773 2603 133 84 sunt,

160 2658 125 74 cum
232 2658 215 74 audiunt,
393 2658 143 74 nisi
482 2658 161 74 culpa
589 2658 268 74 cumulatior.
804 2658 215 74 Siquidem
965 2658 107 74 ab
1019 2658 161 74 illis
1126 2658 179 74 sancta
1251 2658 268 74 temerantur,
1466 2658 233 74 contraque
1645 2658 125 74 nos
1716 2658 179 74 potius
1841 2658 107 74 ar

161 2708 201 79 mantur.
307 2708 201 79 Propter
454 2708 147 79 quod
545 2708 201 79 dominus
692 2708 183 79 dixit.
820 2708 110 79 Ne
875 2708 165 79 forte
985 2708 256 79 conculcent
1186 2708 128 79 eas
1260 2708 201 79 pedibus
1406 2708 165 79 suis:
1516 2708 92 79 &
1553 2708 220 79 conuersi
1699 2708 220 79 difrumpant

151 2769 146 83 nos.
242 2769 109 83 Et
296 2769 146 83 nota
387 2769 146 83 quod
478 2769 109 83 in
533 2769 146 83 illo
624 2769 164 83 vnico
733 2769 182 83 verbo,
860 2769 182 83 Nolite
987 2769 200 83 sanctum
1133 2769 146 83 dare
1224 2769 218 83 canibus:
1388 2769 164 83 neque
1497 2769 255 83 margaritas
1697 2769 200 83 mittere
1824 2769 91 83 an-

160 2816 106 77 te
213 2816 195 77 porcos,
355 2816 248 77 sententiam
549 2816 124 77 dat
620 2816 124 77 pro
691 2816 141 77 ista
779 2816 248 77 quaestione
974 2816 88 77 &
1009 2816 283 77 praecedenti:
1239 2816 124 77 per
1310 2816 177 77 porcos
1434 2816 283 77 intelligendo
1663 2816 230 77 carnales,
1823 2816 88 77 pro

161 2874 282 82 praecedenti
387 2874 282 82 quaestione:
612 2874 132 82 per
687 2874 169 82 canes
800 2874 244 82 animales:
988 2874 132 82 pro
1063 2874 150 82 ista
1157 2874 282 82 quaestione.
1383 2874 188 82 Neutri
1514 2874 150 82 enim
1608 2874 244 82 veritatem
1777 2874 132 82 huius

160 2925 219 75 scientiae
329 2925 202 75 capiunt,
481 2925 84 75 &
514 2925 135 75 soli
599 2925 186 75 tanquam
734 2925 186 75 indigni
868 2925 236 75 repellendi
1054 2925 152 75 sunt.
1155 2925 135 75 Illi
1239 2925 101 75 ne
1290 2925 202 75 operibus
1442 2925 236 75 contrariis
1627 2925 253 75 contemnant.
1813 2925 101 75 Isti

165 2982 123 76 ne
227 2982 288 76 rationibus
453 2982 329 76 apparentibus
721 2982 288 76 impugnent.
947 2982 164 76 Vnde
1050 2982 288 76 Augustinus
1276 2982 185 76 libro
1399 2982 226 76 secundo
1563 2982 123 76 de
1625 2982 226 76 sermone
1769 2982 144 76 domi-

167 3031 113 79 ni
224 3031 113 79 in
280 3031 188 79 monte.
412 3031 169 79 Canes
524 3031 132 79 pro
599 3031 338 79 oppugnatoribus
881 3031 263 79 veritatis:
1088 3031 188 79 porcos
1220 3031 132 79 pro
1295 3031 338 79 contemptoribus
1577 3031 207 79 positos
1727 3031 132 79 non
1783 3031 132 79 incon

174 3087 142 91 grue
263 3087 214 91 aestimo.
423 3087 214 91 vtrumque
584 3087 178 91 animal
708 3087 214 91 immundum
869 3087 142 91 est,
958 3087 160 91 canis
1064 3087 89 91 &
1100 3087 196 91 porcus.
1242 3087 214 91 Cauendum
1403 3087 178 91 igitur
1527 3087 125 91 est
1599 3087 107 91 ne
1652 3087 142 91 quid
1723 3087 196 91 aperiatur

170 3141 102 83 ei
221 3141 119 83 qui
289 3141 119 83 non
357 3141 170 83 capit.
476 3141 170 83 Melius
595 3141 136 83 enim
680 3141 187 83 quaerit
816 3141 136 83 quod
901 3141 187 83 clausum
1037 3141 136 83 est,
1123 3141 136 83 quia
1208 3141 102 83 id
1259 3141 136 83 quod
1344 3141 187 83 apertum
1480 3141 136 83 est,
1565 3141 119 83 aut
1633 3141 204 83 infestat
1786 3141 119 83 aut
1837 3141 85 83 ne-

162 3192 204 97 gligit.
310 3192 167 97 Neque
421 3192 148 97 vero
513 3192 148 97 alia
606 3192 167 97 causa
717 3192 241 97 reperitur
902 3192 130 97 cur
976 3192 111 97 ea
1031 3192 148 97 quae
1124 3192 167 97 magna
1235 3192 148 97 sunt
1327 3192 130 97 non
1401 3192 278 97 aperiantur,
1623 3192 204 97 praeter
1771 3192 167 97 odium
1864 3192 56 97 &
