2359 3774
465 293 141 97 quae
553 293 141 97 sibi
642 293 141 97 sunt
730 293 247 97 necessaria
924 293 106 97 ad
959 293 176 97 salutem.

460 381 111 69 â‹
504 381 133 69 Ad
571 381 311 69 argumentum
816 381 133 69 in
882 381 311 69 oppositum:
1127 381 178 69 quod
1238 381 156 69 non
1327 381 222 69 placet
1483 381 156 69 deo
1572 381 289 69 scientiam
1795 381 178 69 hanc
1906 381 267 69 reuelare
2084 381 111 69 sa-

466 443 280 66 pientibus:
686 443 240 66 dicendum
866 443 160 66 quod
966 443 180 66 verum
1086 443 140 66 est
1166 443 120 66 de
1226 443 260 66 sapientia
1425 443 140 66 sua
1505 443 380 66 superbientibus.
1825 443 160 66 Vnde
1925 443 180 66 dicit
2025 443 180 66 Glossa.

474 498 282 69 Sapientibus
699 498 94 69 &
737 498 282 69 prudentibus
962 498 131 69 non
1037 498 206 69 opponit
1187 498 282 69 insipientes
1413 498 94 69 &
1450 498 225 69 hebetes:
1619 498 131 69 sed
1694 498 244 69 paruulos:
1882 498 113 69 vt
1938 498 188 69 probet
2070 498 113 69 se
2107 498 94 69 tu-

457 545 175 71 morem
573 545 213 71 damnare
728 545 136 71 non
806 545 213 71 acumen.
961 545 155 71 Vnde
1058 545 136 71 non
1136 545 136 71 tam
1213 545 213 71 prodest
1369 545 116 71 in
1427 545 233 71 auditore
1601 545 175 71 huius
1718 545 252 71 scientiae
1912 545 213 71 notitia
2048 545 155 71 sapien

454 603 132 59 tiae
537 603 215 59 secularis
702 603 132 59 quam
785 603 149 59 obest
884 603 165 59 elatio
999 603 99 59 ex
1049 603 149 59 ipsa.
1148 603 116 59 Qui
1214 603 132 59 ergo
1297 603 99 59 in
1346 603 149 59 aliis
1445 603 215 59 scientiis
1610 603 198 59 farcitus
1759 603 99 59 in
1809 603 132 59 ista
1891 603 198 59 scientia
2023 603 182 59 proficere

465 658 178 73 velit,
590 658 196 73 humilis
733 658 89 73 &
768 658 107 73 vt
822 658 214 73 paruulus
982 658 107 73 ad
1036 658 125 73 eam
1107 658 196 73 veniat:
1250 658 143 73 quia
1339 658 107 73 vt
1393 658 161 73 dicit
1500 658 250 73 Augustinus
1696 658 107 73 v.
1749 658 161 73 super
1856 658 161 73 Gene.
1963 658 161 73 Sacra
2052 658 161 73 scriptu

469 711 107 63 ra
523 711 125 63 sic
594 711 233 63 loquitur:
773 711 107 63 vt
827 711 250 63 altitudine
1024 711 215 63 superbos
1185 711 233 63 irrideat:
1363 711 286 63 profunditate
1596 711 215 63 attentos
1757 711 215 63 terreat:
1918 711 215 63 veritate
2061 711 143 63 magnos

462 762 189 66 pascat:
599 762 275 66 affabilitate
823 762 206 66 paruulos
977 762 206 66 nutriat.
1132 762 103 66 Et
1183 762 137 66 ideo
1269 762 155 66 dicit
1372 762 103 66 in
1424 762 137 66 fine
1510 762 189 66 secundi
1647 762 103 66 de
1699 762 206 66 doctrina
1853 762 258 66 christiana,
2042 762 155 66 loquens

457 814 104 64 de
509 814 225 64 Cypriano,
682 814 242 64 Lactantio,
872 814 242 64 Victorino,
1062 814 87 64 &
1097 814 208 64 caeteris
1253 814 121 64 qui
1322 814 277 64 suffarcinati
1547 814 190 64 literis
1685 814 260 64 secularibus
1893 814 104 64 ad
1944 814 156 64 fidem
2031 814 173 64 christia

454 875 135 67 nam
531 875 231 67 conuersi
704 875 308 67 accesserunt.
954 875 135 67 Sed
1030 875 135 67 hoc
1107 875 154 67 modo
1203 875 231 67 (inquit)
1376 875 269 67 instructus
1588 875 250 67 diuinarum
1780 875 308 67 scripturarum
2030 875 211 67 studio-

457 917 121 63 sus
526 917 121 63 cum
595 917 104 63 ad
647 917 121 63 eas
716 917 294 63 perscrutandas
958 917 208 63 accedere
1114 917 225 63 coeperit,
1287 917 156 63 illud
1391 917 260 63 apostolicum
1599 917 208 63 cogitare
1754 917 121 63 non
1823 917 190 63 cesset:
1962 917 208 63 scientia
2118 917 121 63 in-

460 978 161 68 flat:
567 978 214 68 charitas
728 978 161 68 autem
835 978 250 68 aedificat.
1031 978 89 68 &
1067 978 125 68 hoc
1138 978 178 68 maxime
1263 978 107 68 in
1317 978 125 68 hac
1388 978 214 68 scientia
1549 978 107 68 in
1602 978 125 68 qua
1674 978 232 68 praecipue
1852 978 143 68 deus
1941 978 214 68 superbis
2084 978 125 68 resi-

461 1030 157 54 stit:
565 1030 226 54 humilibus
739 1030 191 54 autem:s
878 1030 122 54 dat
948 1030 209 54 gratiam,
1105 1030 139 54 sine
1192 1030 122 54 qua
1261 1030 139 54 haec
1348 1030 209 54 scientia
1505 1030 191 54 addisci
1644 1030 122 54 non
1714 1030 191 54 potest:
1853 1030 104 54 vt
1905 1030 278 54 consequenter
2114 1030 87 54 vi-

460 1081 213 63 debitur.
620 1081 142 63 Vnde
709 1081 107 63 si
762 1081 249 63 philosophi
958 1081 107 63 in
1011 1081 124 63 eis
1082 1081 142 63 quae
1171 1081 160 63 ductu
1277 1081 231 63 naturalis
1455 1081 213 63 rationis
1615 1081 231 63 percipere
1792 1081 249 63 potuerunt,
1970 1081 231 63 stetissent.

466 1134 91 60 &
502 1134 199 60 quantum
647 1134 235 60 naturalis
828 1134 163 60 ratio
937 1134 217 60 dictauit
1100 1134 145 60 deum
1190 1134 199 60 colendo
1335 1134 109 60 ei
1389 1134 199 60 gratias
1534 1134 235 60 egissent,
1715 1134 163 60 summe
1824 1134 235 60 dispositi
2005 1134 235 60 fuissent:

466 1194 99 60 vt
515 1194 181 60 purgati
646 1194 115 60 per
712 1194 148 60 fidem
811 1194 197 60 notitiam
958 1194 148 60 huius
1057 1194 214 60 scientiae
1221 1194 263 60 susciperent.
1435 1194 197 60 secundum
1583 1194 131 60 quod
1665 1194 148 60 dicit
1763 1194 148 60 Glos.
1862 1194 148 60 Romn.
1961 1194 99 60 i.
1993 1194 214 60 Philosophis

455 1243 316 55 interrogantes
716 1243 242 55 creaturas
902 1243 112 55 de
957 1243 242 55 creatore,
1143 1243 112 55 ex
1199 1243 149 55 omni
1292 1243 186 55 specie
1422 1243 112 55 ac
1478 1243 297 55 dispositione
1720 1243 167 55 quasi
1831 1243 149 55 voce
1924 1243 279 55 respondente
2129 1243 74 55 ex

458 1299 134 75 arte
542 1299 218 75 artificem
709 1299 268 75 cognouerunt.
927 1299 84 75 &
961 1299 167 75 infra.
1078 1299 134 75 Quod
1162 1299 167 75 vtique
1279 1299 151 75 illis
1379 1299 218 75 credendum
1547 1299 151 75 fuit:
1647 1299 100 75 vt
1698 1299 117 75 hoc
1765 1299 184 75 tenendo
1899 1299 134 75 quid
1982 1299 167 75 videre
2083 1299 117 75 pote-

456 1345 166 67 rant,
566 1345 111 67 ab
621 1345 147 67 illo
714 1345 258 67 sanarentur
916 1345 129 67 qui
990 1345 203 67 dederat
1137 1345 111 67 vt
1193 1345 240 67 viderent.
1377 1345 111 67 Si
1432 1345 147 67 enim
1524 1345 129 67 hoc
1598 1345 240 67 facerent,
1782 1345 276 67 humilitatem
1985 1345 221 67 seruarent,

458 1401 82 58 &
490 1401 181 58 possent
622 1401 198 58 purgari,
771 1401 148 58 atque
869 1401 132 58 illi
952 1401 247 58 beatissimae
1150 1401 297 58 contemplationi
1397 1401 231 58 inhaerere.
1578 1401 132 58 Hinc
1660 1401 148 58 dicit
1759 1401 231 58 Augustinus
1940 1401 99 58 de
1973 1401 231 58 philosophis.

454 1458 101 57 de
505 1458 135 57 vera
589 1458 169 57 relii.
707 1458 135 57 Illi
792 1458 101 57 si
842 1458 287 57 reuiuiscerent
1078 1458 84 57 &
1112 1458 236 57 inuenirent
1298 1458 202 57 refertas
1450 1458 236 57 ecclesias,
1635 1458 169 57 templa
1753 1458 202 57 deserta,
1905 1458 84 57 a
1939 1458 236 57 cupiditate
2108 1458 101 57 ten-

457 1521 214 52 poralium
617 1521 107 52 ad
671 1521 320 52 intelligibilia
938 1521 89 52 &
974 1521 267 52 spiritualia
1187 1521 178 52 vocari
1312 1521 89 52 &
1347 1521 196 52 currere
1490 1521 196 52 humanum
1632 1521 178 52 genus,
1757 1521 214 52 dicerent
1917 1521 107 52 si
1971 1521 214 52 fortasse
2113 1521 89 52 ta-

456 1566 122 54 les
525 1566 192 54 essent,
665 1566 175 54 quales
788 1566 175 54 fuisse
910 1566 315 54 commemorantur,
1172 1566 140 54 haec
1259 1566 140 54 sunt
1347 1566 140 54 quae
1434 1566 122 54 nos
1504 1566 192 54 suadere
1644 1566 192 54 populis
1784 1566 122 54 non
1854 1566 140 54 ausi
1941 1566 175 54 sumus,
2063 1566 87 54 &
2081 1566 122 54 eorum

457 1618 177 67 potius
581 1618 284 67 consuetudini
812 1618 213 67 cessimus
972 1618 142 67 quam
1060 1618 160 67 illos
1167 1618 106 67 in
1220 1618 195 67 nostram
1362 1618 160 67 fidem
1468 1618 301 67 voluntatemque
1716 1618 266 67 traduximus.
1929 1618 124 67 lta
2000 1618 106 67 si
2053 1618 142 67 hanc
2124 1618 89 67 vi-

456 1671 124 71 tam
527 1671 141 71 illi
615 1671 141 71 viri
703 1671 212 71 nobiscum
862 1671 176 71 rursus
986 1671 159 71 agere
1092 1671 212 71 possent,
1250 1671 176 71 paucis
1374 1671 194 71 mutatis
1515 1671 176 71 verbis
1638 1671 159 71 atque
1744 1671 247 71 sententiis
1938 1671 247 71 christiani
2115 1671 88 71 fie

458 1724 143 57 rent:
553 1724 143 57 sicut
648 1724 190 57 plerique
791 1724 253 57 nostrorumque
997 1724 190 57 temporum
1139 1724 206 57 Platonici
1297 1724 206 57 fecerunt.
1456 1724 111 57 Aut
1519 1724 95 57 si
1567 1724 111 57 hoc
1630 1724 111 57 non
1693 1724 238 57 faterentur,
1883 1724 111 57 nec
1947 1724 206 57 facerent,
2105 1724 95 57 in
2137 1724 79 57 su-

463 1773 190 65 perbia
596 1773 95 65 &
634 1773 209 65 inuidia
787 1773 266 65 remanentes
996 1773 190 65 nescio
1129 1773 171 65 vtrum
1243 1773 209 65 possent
1396 1773 114 65 ad
1453 1773 114 65 ea
1510 1773 152 65 quae
1605 1773 247 65 appetenda
1795 1773 95 65 &
1833 1773 285 65 desideranda
2062 1773 152 65 esse
2138 1773 76 65 di

451 1832 182 58 xerant,
583 1832 215 58 reuocari.
748 1832 165 58 Reuera
863 1832 116 58 non
929 1832 198 58 possent:
1078 1832 132 58 quia
1160 1832 99 58 vt
1210 1832 149 58 dicit
1309 1832 149 58 Glos.
1408 1832 116 58 vbi
1474 1832 165 58 supra,
1589 1832 182 58 ingrati
1721 1832 132 58 illi
1804 1832 116 58 qui
1870 1832 116 58 eis
1936 1832 231 58 praestitit
2117 1832 99 58 vt
2150 1832 66 58 vi

463 1880 186 60 derent,
598 1880 135 60 sibi
683 1880 220 60 voluerunt
852 1880 203 60 tribuere
1004 1880 135 60 quod
1089 1880 220 60 videbant,
1258 1880 85 60 &
1292 1880 152 60 facti
1393 1880 186 60 superbi
1529 1880 85 60 &
1562 1880 203 60 dicentes
1715 1880 101 60 se
1765 1880 135 60 esse
1850 1880 220 60 sapientes
2019 1880 169 60 stulti
2120 1880 85 60 fa-

460 1938 129 73 cti
533 1938 165 73 sunt.
643 1938 92 73 &
680 1938 165 73 tamen
790 1938 220 73 audacter
955 1938 110 73 ad
1010 1938 202 73 occulta
1157 1938 239 73 diuinorum
1341 1938 312 73 perscrutanda,
1598 1938 92 73 &
1635 1938 110 73 ad
1690 1938 147 73 quae
1782 1938 239 73 naturalis
1965 1938 165 73 ratio
2057 1938 147 73 attin-

450 1987 139 68 gere
537 1987 122 68 non
606 1987 174 68 potest
728 1987 261 68 procedentes
938 1987 105 68 in
990 1987 192 68 errores
1129 1987 261 68 execrabiles
1339 1987 261 68 ceciderunt.
1548 1987 209 68 secundum
1705 1987 139 68 quod
1792 1987 157 68 dicit
1896 1987 157 68 Orig.
2001 1987 157 68 super
2088 1987 122 68 Exod.

461 2046 266 69 Intelligant
674 2046 195 69 diuinae
816 2046 89 69 &
852 2046 320 69 dispensationis
1118 2046 89 69 &
1154 2046 284 69 prouidentiae
1385 2046 302 69 occultissimas
1634 2046 142 69 esse
1722 2046 231 69 rationes.
1900 2046 178 69 Posuit
2024 2046 142 69 enim
2095 2046 107 69 deus

465 2093 218 80 tenebras
628 2093 236 80 latibulum
810 2093 164 80 suum:
919 2093 145 80 quas
1010 2093 145 80 illi
1101 2093 218 80 audacter
1264 2093 91 80 &
1301 2093 182 80 temere
1428 2093 273 80 perscrutari
1646 2093 254 80 cupientes,
1846 2093 91 80 &
1882 2093 145 80 alia
1973 2093 109 80 ex
2027 2093 164 80 aliis
2118 2093 91 80 as-

457 2147 219 59 serentes
621 2147 110 59 in
676 2147 201 59 crassas
822 2147 91 59 &
859 2147 256 59 palpabiles
1060 2147 201 59 errorum
1206 2147 219 59 tenebras
1371 2147 219 59 deuoluti
1517 2147 128 59 sunt.

797 2252 150 105 lrca
891 2252 188 105 sextum
1022 2252 225 105 arguitur
1191 2252 150 105 quod
1285 2252 169 105 omnes
1398 2252 225 105 tenentur
1567 2252 188 105 audire
1698 2252 150 105 hanc
1792 2252 263 105 scientiam.
1999 2252 169 105 Primo
2092 2252 113 105 sic.

796 2322 214 87 Apostolus
960 2322 165 87 dicit.
1076 2322 99 87 i.
1125 2322 165 87 Corin.
1241 2322 165 87 xiiii.
1356 2322 132 87 Quae
1439 2322 165 87 scribo
1554 2322 148 87 vobis
1653 2322 165 87 domini
1769 2322 132 87 sunt
1851 2322 198 87 mandata.
2000 2322 99 87 Si
2049 2322 132 87 quis
2132 2322 115 87 au-

802 2386 125 77 tem
874 2386 214 77 ignorat,
1034 2386 285 77 ignorabitur.
1266 2386 161 77 Glos.
1373 2386 143 77 Adeo
1462 2386 107 77 in
1516 2386 214 77 futuroid
1676 2386 107 77 i.
1730 2386 303 77 reprobabitur.
1979 2386 125 77 sed
2051 2386 196 77 ignoran

793 2430 120 78 tur
861 2430 137 78 nisi
947 2430 103 78 ex
998 2430 137 78 ista
1084 2430 205 78 scientia
1238 2430 240 78 audiantur.
1426 2430 154 78 Quare
1529 2430 120 78 cum
1597 2430 205 78 quilibet
1751 2430 188 78 tenetur
1888 2430 171 78 facere
2008 2430 103 78 vt
2059 2430 103 78 in
2093 2430 120 78 futu-

798 2481 104 90 ro
850 2481 121 90 non
919 2481 260 90 reprobetur:
1127 2481 208 90 quilibet
1283 2481 156 90 istam
1387 2481 225 90 scientiam
1560 2481 156 90 debet
1664 2481 191 90 audire.
1803 2481 87 90 â‹
1838 2481 191 90 Secundo
1976 2481 139 90 sic.
2046 2481 173 90 Quilibet

798 2552 98 71 eo
847 2552 131 71 quod
928 2552 131 71 sibi
1010 2552 82 71 a
1043 2552 114 71 deo
1108 2552 213 71 concessum
1272 2552 114 71 est
1337 2552 114 71 vti
1403 2552 147 71 debet
1501 2552 98 71 ad
1550 2552 98 71 id
1599 2552 98 71 ad
1648 2552 131 71 quod
1730 2552 213 71 concessum
1893 2552 114 71 est
1958 2552 114 71 ei.
2024 2552 163 71 Aliter
2122 2552 98 71 enim

455 2596 196 67 frustra
598 2596 160 67 esset
704 2596 107 67 ei
758 2596 249 67 concessum.
954 2596 160 67 Sacra
1061 2596 231 67 scriptura
1239 2596 196 67 omnibus
1381 2596 249 67 communiter
1577 2596 214 67 concessa
1737 2596 125 67 est
1808 2596 107 67 ad
1862 2596 249 67 doctrinam.
2040 2596 178 67 secundum

466 2652 129 62 quod
546 2652 145 62 dicit
643 2652 145 62 apso.
740 2652 177 62 Ronimn,
868 2652 113 62 xv.
933 2652 225 62 Quaecumque
1110 2652 177 62 scripta
1239 2652 129 62 sunt
1319 2652 97 62 ad
1368 2652 177 62 nostram
1496 2652 209 62 doctrinam
1658 2652 177 62 scripta
1786 2652 145 62 sunt.
1883 2652 129 62 ergo
1963 2652 193 62 quilibet
2092 2652 113 62 debet

460 2711 111 73 ea
516 2711 130 73 vti
590 2711 111 73 ad
646 2711 149 73 suam
739 2711 260 73 doctrinam.
944 2711 130 73 Hoc
1018 2711 167 73 autem
1129 2711 130 73 non
1204 2711 186 73 potest
1334 2711 149 73 esse
1427 2711 149 73 nisi
1520 2711 130 73 eam
1594 2711 242 73 audiendo.
1780 2711 149 73 ergo
1873 2711 130 73 &c.
1947 2711 93 73 â‹
1984 2711 186 73 Contra
2096 2711 111 73 est.

467 2760 188 74 quoniam
604 2760 137 74 homo
689 2760 120 74 non
758 2760 188 74 tenetur
894 2760 103 74 ad
946 2760 154 74 illud
1048 2760 137 74 sine
1134 2760 120 74 quo
1202 2760 154 74 finem
1305 2760 137 74 suum
1390 2760 103 74 ad
1442 2760 137 74 quem
1527 2760 120 74 est
1595 2760 171 74 potest
1715 2760 239 74 adipisciei
1903 2760 137 74 sine
1989 2760 222 74 auditione
2143 2760 68 74 hu

474 2813 116 87 ius
540 2813 215 87 scientiae
705 2813 149 87 finem
804 2813 132 87 suum
886 2813 165 87 potest
1002 2813 132 87 homo
1084 2813 248 87 adipiscici.
1282 2813 165 87 Turbam
1398 2813 132 87 enim
1480 2813 99 87 vt
1530 2813 149 87 dicit
1629 2813 231 87 Augustinus
1810 2813 165 87 contra
1926 2813 215 87 epistolam
2091 2813 149 87 fund.

453 2858 164 83 fidei
562 2858 273 83 simplicitas
780 2858 255 83 tutissimam
980 2858 182 83 tenet.
1107 2858 145 83 ergo
1180 2858 91 83 &c.

466 2895 110 113 â‹
510 2895 264 113 Dicendum
708 2895 132 113 ad
775 2895 176 113 hoc:
885 2895 176 113 quod
995 2895 198 113 finis
1127 2895 353 113 necessitatem
1414 2895 242 113 imponit
1590 2895 154 113 eis
1678 2895 176 113 quae
1788 2895 176 113 sunt
1898 2895 132 113 ad
1965 2895 220 113 finem.
2097 2895 110 113 Cum

460 2974 188 78 igitur
592 2974 206 78 auditus
742 2974 169 78 huius
854 2974 244 78 scientiae
1042 2974 131 78 est
1117 2974 113 78 de
1174 2974 131 78 eis
1249 2974 150 78 quae
1343 2974 225 78 ordinant
1511 2974 206 78 hominem
1662 2974 113 78 in
1718 2974 169 78 finem
1831 2974 206 78 humanae
1981 2974 188 78 vitae:
2112 2974 131 78 qui

469 3036 130 83 est
544 3036 241 83 beatitudo
729 3036 148 83 siue
821 3036 167 83 visio
933 3036 148 83 dei:
1025 3036 204 83 debitum
1173 3036 222 83 audiendi
1340 3036 148 83 hanc
1433 3036 241 83 scientiam
1618 3036 111 83 ex
1674 3036 148 83 tali
1766 3036 148 83 fine
1859 3036 167 83 debet
1952 3036 259 83 determinari.

463 3081 150 77 llli
557 3081 150 77 ergo
651 3081 187 77 quibus
782 3081 262 77 subtractio
988 3081 206 77 auditus
1137 3081 169 77 huius
1250 3081 243 77 scientiae
1437 3081 131 77 non
1512 3081 131 77 est
1587 3081 225 77 vitiosa:
1756 3081 131 77 nec
1830 3081 225 77 excludit
1999 3081 94 77 a
2036 3081 150 77 fine
2111 3081 94 77 hu-

469 3130 183 98 manae
591 3130 204 98 vitae:
733 3130 143 98 non
815 3130 244 98 tenentur
998 3130 204 98 audire
1140 3130 163 98 hanc
1242 3130 285 98 scientiam.
1466 3130 163 98 Illi
1568 3130 163 98 vero
1670 3130 204 98 quibus
1812 3130 285 98 subtractio
2016 3130 183 98 auditus

455 3183 180 114 huius
575 3183 259 114 scientiae
774 3183 239 114 intantum
954 3183 140 114 est
1034 3183 239 114 vitiosa,
1213 3183 160 114 quod
1313 3183 239 114 excludit
1493 3183 100 114 a
1533 3183 160 114 fine
1632 3183 219 114 humanae
1792 3183 200 114 vitae,
1932 3183 140 114 eam
1992 3183 219 114 proculdu
