2310 3775
450 315 178 93 pediti
575 315 231 93 legitimis
753 315 214 93 negotiis
913 315 249 93 quaecumque
1109 315 142 93 sint
1198 315 160 93 illa:
1304 315 125 93 aut
1376 315 142 93 sine
1465 315 160 93 causa
1571 315 249 93 rationali,
1767 315 89 93 &
1803 315 267 93 impedimento
1998 315 214 93 negotiorum

463 384 291 59 legitimorum.
699 384 109 59 Si
753 384 163 59 primo
862 384 163 59 modo:
971 384 218 59 dicendum
1135 384 182 59 adhuc,
1262 384 145 59 quod
1353 384 127 59 non
1425 384 218 59 tenentur
1589 384 182 59 audire
1716 384 145 59 hanc
1807 384 254 59 scientiam:
2006 384 145 59 nisi
2079 384 127 59 quan-

459 439 116 70 tum
526 439 116 70 eis
592 439 99 70 ad
642 439 182 70 salutem
774 439 116 70 est
841 439 265 70 necessarium:
1056 439 133 70 quod
1139 439 166 70 potest
1255 439 265 70 sufficienter
1470 439 149 70 fieri
1570 439 116 70 per
1636 439 315 70 praedicationem,
1901 439 133 70 quia
1984 439 99 70 vt
2034 439 199 70 dicitur.
2166 439 50 70 i

462 487 187 68 Corin.
593 487 149 68 xii.
686 487 261 68 Diuisiones
891 487 243 68 gratiarum
1078 487 168 68 sunt,
1190 487 149 68 idem
1283 487 168 68 autem
1395 487 243 68 spiritus:
1582 487 93 68 &
1619 487 261 68 diuisiones
1824 487 280 68 operationum
2048 487 149 68 sunt
2123 487 93 68 &c.

457 544 108 71 vt
511 544 217 71 continue
674 544 235 71 sequitur.
855 544 127 71 vbi
927 544 163 71 dicit
1035 544 163 71 Glos.
1144 544 199 71 Gratias
1288 544 163 71 autem
1397 544 127 71 hic
1469 544 217 71 appellat
1632 544 217 71 diuersos
1794 544 181 71 gradus
1921 544 90 71 &
1957 544 217 71 ordines:
2102 544 108 71 quid

449 598 141 63 sunt
538 598 106 63 in
590 598 212 63 officiis
749 598 247 63 ecclesiae:
943 598 176 63 quibus
1067 598 141 63 alii
1155 598 159 63 aliis
1261 598 282 63 subseruiunt:
1490 598 141 63 quia
1578 598 141 63 sunt
1666 598 159 63 opera
1772 598 176 63 maiora
1896 598 88 63 &
1931 598 159 63 opera
2037 598 194 63 minora:
2160 598 53 63 &

457 654 152 63 deus
552 654 133 63 non
628 654 171 63 omnia
742 654 133 63 vni
818 654 228 63 tribuit:
988 654 133 63 sed
1064 654 171 63 omnia
1178 654 114 63 in
1235 654 209 63 omnibus
1387 654 247 63 operatur:
1577 654 114 63 vt
1634 654 152 63 quod
1729 654 133 63 non
1804 654 190 63 habeat
1937 654 152 63 quis
2032 654 114 63 in
2089 654 133 63 se,
2146 654 76 63 ha

445 706 148 71 beat
537 706 111 71 in
592 706 166 71 alio:
703 706 92 71 &
740 706 129 71 sic
814 706 185 71 maneat
943 706 240 71 charitas.
1128 706 111 71 Et
1183 706 111 71 in
1238 706 166 71 eodem
1349 706 148 71 cap.
1442 706 111 71 Et
1497 706 203 71 quosdam
1645 706 185 71 posuit
1774 706 148 71 deus
1866 706 111 71 in
1922 706 240 71 ecclesia,
2088 706 129 71 primo

446 766 266 64 prophetas,
655 766 209 64 secundo
807 766 266 64 apostolos,
1015 766 190 64 tertio
1148 766 247 64 doctores.
1338 766 95 64 &
1376 766 247 64 sequitur.
1566 766 209 64 Nunquid
1718 766 171 64 omnes
1831 766 266 64 prophetae:
2040 766 209 64 nunquid

449 822 164 64 omnes
558 822 237 64 doctores:
740 822 164 64 Glos.
849 822 237 64 Prophetas
1031 822 291 64 scripturarum
1268 822 219 64 mysteria
1432 822 273 64 reuelantes,
1651 822 219 64 doctores
1814 822 237 64 praecepta
1996 822 200 64 viuendi
2124 822 91 64 dam

458 866 138 61 tes.
544 866 104 61 Si
596 866 138 61 vero
682 866 207 61 negotiis
838 866 224 61 legitimis
1010 866 207 61 impediti
1166 866 121 61 non
1235 866 155 61 sunt,
1338 866 138 61 tunc
1425 866 173 61 omnino
1546 866 104 61 ad
1597 866 190 61 auditum
1736 866 155 61 huius
1839 866 173 61 sacrae
1960 866 242 61 scripturae
2133 866 86 61 de-

452 923 135 72 bent
537 923 101 72 se
587 923 253 72 tranfferre:
790 923 135 72 quia
874 923 220 72 reddituri
1043 923 135 72 sunt
1128 923 203 72 rationem
1280 923 101 72 de
1331 923 186 72 talento
1466 923 135 72 sibi
1550 923 220 72 commisso:
1719 923 118 72 pro
1787 923 101 72 eo
1837 923 203 72 scilicet
1989 923 135 72 quod
2057 923 169 72 ingenium

455 977 224 57 naturale
623 977 93 57 &
661 977 261 57 scientians
866 977 261 57 acquisitas
1071 977 112 57 in
1127 977 149 57 vsum
1221 977 168 57 huius
1333 977 243 57 scientiae
1519 977 131 57 non
1594 977 243 57 ordinant,
1781 977 131 57 cui
1855 977 224 57 famulari
2023 977 187 57 debent
2135 977 75 57 vt

458 1025 105 64 in
510 1025 105 64 ea
563 1025 140 64 deus
650 1025 263 64 cognoscatur
860 1025 88 64 &
895 1025 228 64 diligatur
1070 1025 193 64 quantum
1210 1025 228 64 possibile
1385 1025 123 64 est
1455 1025 123 64 pro
1525 1025 158 64 statu
1630 1025 158 64 huius
1735 1025 175 64 vitae,
1858 1025 175 64 etiani
1980 1025 105 64 si
2033 1025 105 64 ex
2085 1025 140 64 sola
2155 1025 70 64 de

459 1083 170 54 sidia
573 1083 95 54 &
610 1083 284 54 negligentia
837 1083 113 54 ab
894 1083 189 54 auditu
1026 1083 151 54 eius
1121 1083 113 54 se
1177 1083 246 54 alienent.
1366 1083 151 54 Quia
1461 1083 113 54 si
1518 1083 132 54 eam
1593 1083 189 54 audire
1726 1083 113 54 ex
1782 1083 189 54 aliquo
1915 1083 246 54 contemptu
2085 1083 132 54 omit-

457 1132 164 70 tant:
566 1132 128 70 vel
639 1132 146 70 quia
730 1132 201 70 auditum
876 1132 146 70 eius
967 1132 128 70 non
1040 1132 146 70 esse
1132 1132 274 70 necessarium
1350 1132 201 70 dicant,
1496 1132 128 70 aut
1569 1132 310 70 paruipendant:
1825 1132 128 70 vel
1898 1132 201 70 aliarum
2025 1132 201 70 scientia-

459 1185 136 59 rum
536 1185 213 59 auditum
691 1185 155 59 eius
788 1185 213 59 auditui
943 1185 213 59 tanquam
1098 1185 329 59 precionsiorem
1369 1185 291 59 anteponant:
1602 1185 155 59 isti
1699 1185 213 59 maiorem
1854 1185 291 59 damnationem
2067 1185 155 59 incur-

453 1240 164 64 runt.
562 1240 218 64 secundum
726 1240 146 64 quod
817 1240 164 64 dicit
926 1240 291 64 Chrysostomus
1162 1240 109 64 in
1217 1240 236 64 principio
1399 1240 164 64 super
1508 1240 146 64 Mat.
1599 1240 127 64 lam
1671 1240 236 64 considera
1853 1240 146 64 quam
1944 1240 127 64 sit
2017 1240 182 64 omnino
2126 1240 91 64 ex-

452 1299 176 67 tremae
576 1299 247 67 dementiae:
770 1299 106 67 vt
823 1299 123 67 qui
893 1299 159 67 tanta
999 1299 229 67 deberemus
1175 1299 159 67 vitae
1281 1299 265 67 perfectione
1493 1299 212 67 pollere:
1652 1299 106 67 vt
1705 1299 159 67 nihil
1810 1299 194 67 prorsus
1951 1299 194 67 literis
2075 1299 141 67 egere-

450 1346 157 65 mus:
549 1346 137 65 sed
627 1346 255 65 scribenda
824 1346 236 65 spiritui
1000 1346 295 65 praeberemus
1236 1346 177 65 corda
1354 1346 295 65 propaginis:
1590 1346 118 65 si
1648 1346 196 65 primam
1786 1346 177 65 illam
1904 1346 275 65 perdidimus
2120 1346 137 65 di-

449 1406 284 74 gnitantem,
672 1406 101 74 &
712 1406 264 74 minoribus
915 1406 284 74 indigemus:
1138 1406 122 74 ne
1199 1406 223 74 secundo
1361 1406 203 74 quidem
1503 1406 223 74 remedio
1665 1406 122 74 ad
1726 1406 223 74 nostram
1889 1406 203 74 vtamur
2010 1406 203 74 salutem.

456 1454 105 61 Si
509 1454 141 61 enim
597 1454 158 61 illis
702 1454 211 61 indigere
861 1454 88 61 &
896 1454 123 61 non
966 1454 176 61 gratia
1089 1454 211 61 spiritus
1247 1454 176 61 sancti
1370 1454 228 61 splendere
1546 1454 228 61 culpabile
1722 1454 141 61 est:
1810 1454 141 61 vide
1898 1454 176 61 quanti
2021 1454 123 61 sit
2073 1454 141 61 crimi-

449 1510 124 62 nis
520 1510 124 62 nec
591 1510 124 62 per
662 1510 160 62 illud
768 1510 213 62 auxilium
928 1510 160 62 velle
1034 1510 248 62 proficere:
1229 1510 124 62 sed
1300 1510 160 62 quasi
1407 1510 195 62 frustra
1548 1510 89 62 &
1584 1510 142 62 vane
1672 1510 177 62 posita
1797 1510 195 62 scripta
1938 1510 230 62 caelestia
2098 1510 124 62 despi

456 1566 164 73 cere,
565 1566 164 73 maius
675 1566 128 73 est
748 1566 182 73 absque
875 1566 164 73 dubio
985 1566 182 73 subire
1112 1566 274 73 supplicium.
1331 1566 91 73 &
1368 1566 219 73 sequitur
1532 1566 146 73 post
1623 1566 182 73 aliqua
1751 1566 292 73 interposita.
2006 1566 109 73 Et
2061 1566 146 73 quis
2134 1566 91 73 est

449 1620 122 62 tam
518 1620 192 62 infelix
658 1620 122 62 qui
728 1620 122 62 non
798 1620 140 62 haec
886 1620 262 62 preciosiora
1095 1620 175 62 credit
1218 1620 192 62 omnibus
1357 1620 87 62 &
1392 1620 210 62 clariora
1550 1620 227 62 fateatur:
1725 1620 140 62 Ille
1812 1620 140 62 sine
1899 1620 157 62 dubio
2004 1620 122 62 qui
2074 1620 122 62 non
2127 1620 87 62 vel

452 1666 150 58 tanto
552 1666 117 58 eis
619 1666 167 58 studio
736 1666 167 58 vacat:
853 1666 167 58 quanto
970 1666 100 58 in
1020 1666 250 58 diabolicis:
1220 1666 150 58 illis
1320 1666 200 58 theatris
1470 1666 234 58 occupatur.
1654 1666 117 58 lbi
1720 1666 133 58 enim
1804 1666 184 58 plurimi
1937 1666 150 58 totos
2037 1666 133 58 dies
2104 1666 117 58 pera-

455 1722 180 64 gunt:
575 1722 100 64 &
615 1722 140 64 cum
696 1722 160 64 omni
796 1722 281 64 diligentia
1016 1722 160 64 quae
1116 1722 261 64 audierint
1317 1722 241 64 memoriae
1497 1722 301 64 commendant:
1738 1722 180 64 eaque
1858 1722 120 64 ad
1918 1722 140 64 sui
1998 1722 180 64 animi
2099 1722 120 64 per-

450 1778 186 74 niciem
581 1778 205 74 penitus
730 1778 186 74 infixa
860 1778 279 74 custodiunt.
1083 1778 130 74 Hic
1158 1778 149 74 vero
1251 1778 130 74 vbi
1325 1778 223 74 loquitur
1493 1778 168 74 deus,
1605 1778 112 74 ne
1660 1778 205 74 exiguum
1809 1778 186 74 quidem
1940 1778 186 74 tempus
2051 1778 168 74 patien-

449 1825 135 64 ter
526 1825 271 64 expectant.
739 1825 116 64 Et
797 1825 174 64 certe
913 1825 213 64 propter
1068 1825 135 64 hoc
1145 1825 155 64 deus
1242 1825 232 64 gehennam
1416 1825 232 64 minatur.
1591 1825 135 64 Nam
1668 1825 310 64 praecipiente
1920 1825 174 64 nobis
2036 1825 135 64 deo
2113 1825 135 64 non

461 1892 162 69 modo
562 1892 121 69 vt
622 1892 243 69 audiamus
804 1892 162 69 quae
905 1892 263 69 dicuntur:
1107 1892 182 69 verum
1229 1892 121 69 vt
1289 1892 141 69 cum
1370 1892 162 69 omni
1471 1892 182 69 etiam
1593 1892 263 69 deuotione
1795 1892 263 69 faciamus,
1997 1892 141 69 nec
2057 1892 162 69 audire

456 1937 236 80 curamus.
633 1937 196 80 Quando
771 1937 196 80 igitur
908 1937 118 80 ea
967 1937 157 80 quae
1065 1937 236 80 dicuntur
1242 1937 295 80 implebimus:
1478 1937 138 80 qui
1557 1937 138 80 nec
1635 1937 236 80 sermonem
1812 1937 177 80 super
1930 1937 138 80 his
2009 1937 196 80 quidem
2126 1937 79 80 pa

462 1987 214 77 tienter
617 1987 233 77 audimus:
792 1987 156 77 Vnde
889 1987 175 77 Orig.
1006 1987 117 77 in
1064 1987 233 77 Homilis.
1240 1987 117 77 de
1298 1987 233 77 Rebecca,
1473 1987 233 77 exponens
1648 1987 214 77 quomodo
1804 1987 194 77 seruus
1940 1987 214 77 Abrahae
2076 1987 136 77 obtu-

447 2042 130 60 lit
522 2042 111 60 ei
577 2042 204 60 inaures
726 2042 186 60 aureas
856 2042 93 60 &
893 2042 241 60 armillas,
1078 2042 186 60 dicit.
1208 2042 148 60 Vult
1301 2042 167 60 aurea
1412 2042 111 60 in
1468 2042 204 60 auribus
1616 2042 167 60 verba
1728 2042 260 60 percipere,
1932 2042 93 60 &
1969 2042 186 60 aureos
2080 2042 130 60 actus

451 2098 105 74 in
504 2098 193 74 manibus
645 2098 193 74 habere:
785 2098 123 74 sed
856 2098 141 74 haec
944 2098 158 74 prius
1049 2098 211 74 accipere
1207 2098 123 74 non
1277 2098 193 74 potuit:
1418 2098 158 74 neque
1524 2098 228 74 mereretur
1699 2098 141 74 nisi
1787 2098 211 74 venisset
1945 2098 105 74 ad
1998 2098 176 74 puteos
2104 2098 105 74 hau-

461 2154 148 79 rire
553 2154 185 79 aquas.
682 2154 111 79 Tu
738 2154 148 79 ergo
830 2154 129 79 qui
904 2154 129 79 non
978 2154 129 79 vis
1052 2154 185 79 venire
1182 2154 111 79 ad
1237 2154 185 79 aquas,
1366 2154 129 79 qui
1440 2154 129 79 non
1514 2154 129 79 vis
1588 2154 111 79 in
1644 2154 203 79 auribus
1792 2154 148 79 tuis
1884 2154 166 79 aurea
1977 2154 240 79 prophetatum

464 2207 165 58 verba
573 2207 256 58 suscipere:
775 2207 201 58 quomodo
921 2207 201 58 poteris
1068 2207 146 58 esse
1159 2207 201 58 ornatus
1305 2207 110 58 in
1360 2207 238 58 doctrina,
1543 2207 201 58 ornatus
1690 2207 110 58 in
1745 2207 220 58 actibus,
1909 2207 201 58 ornatus
2056 2207 110 58 in
2092 2207 110 58 mori

451 2252 126 65 bus:
530 2252 157 65 reuera
640 2252 110 65 hoc
703 2252 126 65 esse
781 2252 110 65 non
844 2252 173 65 potest.
970 2252 157 65 Reuera
1080 2252 220 65 nequaquam.
1253 2252 189 65 secundum
1394 2252 157 65 eundem
1504 2252 141 65 super
1598 2252 141 65 Exod.
1693 2252 189 65 xxxiiii.
1834 2252 79 65 &
1865 2252 110 65 est
1928 2252 94 65 in
1975 2252 141 65 Glos.
2070 2252 126 65 Quis
2132 2252 79 65 non

442 2316 157 65 strum
546 2316 157 65 tanto
651 2316 174 65 labore
773 2316 87 65 &
808 2316 174 65 studio
930 2316 192 65 diuinas
1069 2316 192 65 quaerit
1209 2316 209 65 literas:
1366 2316 174 65 quanto
1488 2316 209 65 quasiuit
1645 2316 209 65 humanas.
1802 2316 174 65 Aliqui
1924 2316 105 65 vt
1976 2316 209 65 recitari
2116 2316 87 65 au-

456 2365 196 63 dierint
598 2365 142 63 quae
687 2365 213 63 leguntur
847 2365 178 63 statim
972 2365 249 63 discedunt.
1167 2365 160 63 nulla
1274 2365 107 63 de
1327 2365 124 63 his
1398 2365 142 63 quae
1487 2365 160 63 dicta
1594 2365 142 63 sunt
1683 2365 231 63 adinuicem
1860 2365 231 63 quaestio:
2038 2365 160 63 nulla
2127 2365 89 63 col

467 2415 183 82 latio:
595 2415 128 82 non
668 2415 274 82 interrogant
888 2415 183 82 patres
1016 2415 146 82 suos
1107 2415 110 82 vt
1162 2415 183 82 dicant
1290 2415 165 82 sibi:
1400 2415 128 82 nec
1473 2415 274 82 presbyteros
1693 2415 110 82 vt
1748 2415 274 82 annuncient.
1967 2415 146 82 Alii
2059 2415 128 82 nec
2114 2415 91 82 pa-

458 2475 191 60 tienter
596 2475 225 60 expectant
770 2475 208 60 vsquequo
926 2475 225 60 lectiones
1099 2475 104 60 in
1151 2475 208 60 ecclesia
1307 2475 260 60 recitentur.
1515 2475 139 60 Alii
1601 2475 121 60 nec
1671 2475 104 60 si
1723 2475 260 60 recitentur:
1931 2475 191 60 sciunt:
2069 2475 121 60 sed
2139 2475 104 60 in

450 2528 301 54 remotioribus
695 2528 245 54 ecclesiae
883 2528 170 54 locis
996 2528 283 54 secularibus
1222 2528 170 54 curis
1336 2528 283 54 occupantur:
1562 2528 188 54 quibus
1693 2528 132 54 non
1769 2528 132 54 iam
1844 2528 207 54 velamen
1995 2528 170 54 super
2089 2528 113 54 cor.

456 2581 132 71 sed
531 2581 188 71 paries
663 2581 94 71 &
701 2581 169 71 murus
813 2581 207 71 positus
964 2581 150 71 est.
1058 2581 113 71 Si
1114 2581 150 71 enim
1208 2581 132 71 qui
1283 2581 169 71 adest
1396 2581 94 71 &
1433 2581 226 71 intendit
1603 2581 94 71 &
1640 2581 150 71 quae
1734 2581 169 71 audit
1847 2581 244 71 retractat
2035 2581 94 71 &
2054 2581 150 71 discu-

457 2634 141 59 tit:
546 2634 124 59 vix
616 2634 177 59 potest
740 2634 106 59 ad
793 2634 247 59 libertatem
987 2634 230 59 scientiae
1164 2634 247 59 peruenire:
1358 2634 124 59 qui
1429 2634 230 59 abscondit
1605 2634 159 59 aures
1711 2634 141 59 suas
1800 2634 106 59 ne
1853 2634 194 59 audiat,
1994 2634 88 59 &
2029 2634 159 59 terga
2135 2634 106 59 in

464 2686 191 59 faciem
598 2686 229 59 legentis
770 2686 248 59 obuertit,
961 2686 210 59 quomodo
1114 2686 229 59 dicendus
1286 2686 134 59 est
1362 2686 210 59 velamen
1515 2686 191 59 habere
1649 2686 287 59 suppositum,
1878 2686 115 59 ad
1935 2686 153 59 quem
2031 2686 115 59 ne
2069 2686 134 59 ipsum

458 2738 180 66 quidem
584 2738 198 66 velamen
728 2738 198 66 literae
872 2738 126 66 quo
944 2738 180 66 sensus
1070 2738 216 66 velatur,
1232 2738 126 66 qui
1304 2738 126 66 est
1377 2738 180 66 sensus
1503 2738 180 66 vocis,
1629 2738 234 66 accessit:
1809 2738 126 66 Nec
1881 2738 162 66 solum
1989 2738 126 66 hoc
2043 2738 162 66 damnum:

460 2796 139 58 sed
540 2796 179 58 etiam
659 2796 139 58 cum
738 2796 139 58 hoc
818 2796 179 58 simul
937 2796 219 58 diuinam
1096 2796 238 58 offensam
1275 2796 258 58 incurrit.
1474 2796 238 58 secundum
1653 2796 179 58 illud
1772 2796 159 58 quod
1871 2796 179 58 dicit
1971 2796 238 58 Chrysosto:

458 2850 133 76 mus
534 2850 152 76 post
629 2850 171 76 verba
743 2850 152 76 eius
838 2850 285 76 supradicta.
1065 2850 209 76 Quomodo
1217 2850 228 76 (inquit)
1388 2850 133 76 non
1464 2850 209 76 putamus
1616 2850 209 76 offendi
1768 2850 190 76 quando
1900 2850 114 76 eo
1957 2850 114 76 de
2014 2850 190 76 tantis
2128 2850 76 76 re

456 2900 124 62 bus
527 2900 212 62 loquente
686 2900 247 62 contemptis
880 2900 141 62 quae
968 2900 212 62 dicuntur
1127 2900 106 62 ad
1180 2900 141 62 alia
1268 2900 176 62 omnino
1391 2900 282 62 convertimur:
1621 2900 141 62 ldem
1709 2900 141 62 lib.
1797 2900 124 62 ii.
1868 2900 124 62 Hoc
1938 2900 124 62 est
2009 2900 141 62 quod
2080 2900 124 62 omnes

458 2955 171 80 quasi
572 2955 133 80 vna
648 2955 171 80 peste
762 2955 266 80 corrumpit:
970 2955 209 80 quoniam
1122 2955 247 80 lectionem
1312 2955 304 80 scripturarum
1559 2955 190 80 vtique
1692 2955 247 80 diuinarum
1881 2955 114 80 ad
1938 2955 171 80 solos
2033 2955 171 80 putatis

455 3019 225 68 monachos
624 3019 262 68 pertinere:
830 3019 131 68 cum
905 3019 169 68 multo
1017 3019 169 68 magis
1129 3019 169 68 illis
1242 3019 131 68 sit
1317 3019 281 68 necessaria,
1542 3019 131 68 qui
1616 3019 131 68 cum
1691 3019 243 68 versantur
1879 3019 112 68 in
1935 3019 187 68 medio,
2066 3019 94 68 &
2085 3019 112 68 vul-

463 3065 121 78 nus
532 3065 207 78 quotidie
687 3065 155 78 super
790 3065 172 78 vulnus
911 3065 241 78 accipiunt:
1100 3065 172 78 ipsius
1221 3065 121 78 dei
1290 3065 172 78 potius
1410 3065 207 78 indigent
1565 3065 258 78 medicamine.
1772 3065 172 78 ltaque
1893 3065 155 78 multo
1996 3065 121 78 est
2048 3065 155 78 grauius

457 3117 162 72 atque
565 3117 216 72 deterius
727 3117 252 72 supersiuam
924 3117 144 72 esse
1014 3117 162 72 legem
1122 3117 126 72 dei
1194 3117 198 72 putare,
1338 3117 144 72 quam
1427 3117 162 72 illam
1535 3117 180 72 omnino
1661 3117 216 72 nescire.
1823 3117 144 72 Haec
1913 3117 144 72 enim
2002 3117 162 72 verba
2092 3117 108 72 sunt

455 3174 148 85 quae
548 3174 296 85 deidiabolica
789 3174 204 85 prorsus
937 3174 278 85 meditatione
1159 3174 259 85 promuntur.
1363 3174 241 85 Propterea
1549 3174 148 85 enim
1641 3174 148 85 ille
1734 3174 185 85 suadet
1864 3174 167 85 nihil
1975 3174 185 85 omnino
2086 3174 111 85 esse

453 3229 209 74 commodi
605 3229 209 74 diuinas
757 3229 190 74 audire
890 3229 285 74 scripturas:
1118 3229 228 74 nequando
1289 3229 171 74 etiam
1403 3229 114 74 ex
1460 3229 209 74 auditu,
1612 3229 171 74 sequi
1726 3229 190 74 videat
1840 3229 209 74 actionem.
