2463 3769
244 279 189 100 lmmanes
382 279 138 100 sunt
468 279 121 100 qui
536 279 103 100 se
588 279 172 100 elatis
709 279 293 100 cognitionibus
950 279 241 100 extollunt.
1139 279 121 100 Sed
1208 279 121 100 his
1277 279 121 100 lux
1346 279 275 100 absconditur,
1569 279 138 100 quia
1655 279 155 100 nimis
1759 279 103 100 in
1793 279 224 100 cogitationi

234 377 128 68 bus
307 377 147 68 suis
399 377 330 68 superbientibus
674 377 220 68 cognitio
839 377 238 68 veritatis
1022 377 257 68 denegatur.
1224 377 165 68 Aliis
1334 377 165 68 autem
1444 377 202 68 omnibus
1591 377 128 68 pro
1664 377 128 68 sua
1738 377 220 68 sanitate
1885 377 128 68 aspi-

250 440 198 58 ciendum
394 440 270 58 conceditur.
610 440 108 58 vt
664 440 162 58 dicit
772 440 252 58 Augustinus
970 440 108 58 i.
1024 440 144 58 sol.
1114 440 216 58 Absolute
1275 440 144 58 ergo
1365 440 216 58 dicendum
1527 440 144 58 quod
1617 440 144 58 homo
1707 440 216 58 synceram
1851 440 162 58 verita-

248 497 127 56 tem
320 497 109 56 de
375 497 163 56 nulla
484 497 109 56 re
538 497 182 56 habere
665 497 182 56 potest
793 497 109 56 ex
847 497 163 56 puris
956 497 272 56 naturalibus
1174 497 145 56 eius
1265 497 218 56 notitiam
1428 497 272 56 acquirendo:
1646 497 127 56 sed
1719 497 163 56 solum
1809 497 200 56 illustra-

252 545 148 59 tione
350 545 181 59 luminis
482 545 181 59 diuini:
613 545 115 59 ita
679 545 132 59 quod
761 545 148 59 licet
860 545 99 59 in
909 545 148 59 puris
1008 545 247 59 naturalibus
1205 545 247 59 constitutus
1403 545 148 59 illud
1501 545 214 59 attingat:
1666 545 148 59 tamen
1764 545 148 59 illud
1863 545 99 59 ex
1896 545 115 59 puris

255 592 267 65 naturalibus
469 592 267 65 naturaliter
682 592 231 65 attingere
860 592 125 65 non
931 592 196 65 potest:
1074 592 125 65 sed
1145 592 178 65 libera
1270 592 231 65 voluntate
1448 592 178 65 quibus
1572 592 142 65 vult
1661 592 196 65 seipsum
1803 592 196 65 offert.
1946 592 107 65 Ad

253 635 217 78 singula
411 635 256 78 argumenta
608 635 217 78 aliquid
766 635 316 78 respondendum
1003 635 118 78 est.

254 705 101 76 â‹
294 705 161 76 Quia
395 705 161 76 ergo
495 705 242 76 arguitur
677 705 161 76 quod
777 705 322 76 sufficientia
1039 705 201 76 nostra
1180 705 121 76 in
1240 705 302 76 cognoscendo
1482 705 121 76 ex
1542 705 141 76 deo
1623 705 161 76 est:
1723 705 242 76 dicendum
1884 705 101 76 quo

250 764 153 63 verum
352 764 119 63 est
420 764 187 63 tanquam
556 764 102 63 ex
607 764 255 63 specialiter
811 764 255 63 illustrante
1015 764 102 63 in
1066 764 238 63 cognitione
1253 764 204 63 syncerae
1406 764 238 63 veritatis.
1593 764 102 63 In
1644 764 136 63 omni
1729 764 153 63 autem
1814 764 170 63 cognitio

252 821 102 61 ne
303 821 136 61 alia
388 821 273 61 cogitationis
610 821 119 61 non
678 821 136 61 nisi
763 821 153 61 sicut
865 821 102 61 ex
917 821 239 61 vniuersali
1104 821 204 61 mouente,
1257 821 102 61 vt
1308 821 170 61 dictum
1428 821 119 61 est
1496 821 136 61 iam.
1581 821 85 61 &
1615 821 119 61 hoc
1683 821 204 61 sufficit
1837 821 102 61 ad
1871 821 119 61 inten

260 875 168 67 tionem
378 875 202 67 apostoli
529 875 168 67 contra
647 875 151 67 illos
747 875 118 67 qui
814 875 202 67 dicebant
966 875 134 67 quod
1050 875 185 67 initium
1184 875 151 67 fidei
1285 875 151 67 esset
1386 875 101 67 ex
1436 875 168 67 nobis.
1554 875 168 67 contra
1671 875 134 67 quos
1755 875 118 67 ibi
1822 875 185 67 arguit.
1940 875 67 67 Si

253 928 146 58 enim
344 928 200 58 initium
489 928 273 58 cognitionis
708 928 127 58 non
780 928 127 58 est
853 928 109 58 ex
908 928 182 58 nobis,
1035 928 127 58 sed
1108 928 109 58 ex
1162 928 146 58 deo,
1253 928 109 58 vt
1308 928 109 58 ex
1362 928 164 58 primo
1472 928 182 58 motore
1599 928 109 58 in
1653 928 146 58 omni
1744 928 200 58 actione
1890 928 91 58 &
1908 928 91 58 na-

250 982 182 54 turali
377 982 91 54 &
414 982 255 54 cognitiua,
614 982 164 54 multo
724 982 201 54 fortius
870 982 128 54 nec
943 982 201 54 initium
1088 982 182 54 fidei.
1216 982 128 54 Nec
1289 982 164 54 tamen
1398 982 128 54 est
1471 982 219 54 intentio
1635 982 219 54 apostoli
1799 982 182 54 contra
1909 982 91 54 hoc

248 1034 140 68 quin
335 1034 192 68 initium
474 1034 262 68 cognitionis
684 1034 157 68 magis
789 1034 122 68 sit
858 1034 105 68 ex
911 1034 157 68 nobis
1016 1034 140 68 quam
1103 1034 192 68 initium
1242 1034 175 68 fidei:
1365 1034 140 68 quia
1452 1034 157 68 fidei
1557 1034 192 68 initium
1696 1034 209 68 requirit
1836 1034 157 68 specia-

249 1086 124 63 lem
320 1086 335 63 illustrationem.
602 1086 124 63 Non
673 1086 124 63 sic
744 1086 159 63 autem
850 1086 194 63 initium
991 1086 265 63 cognitionis
1203 1086 141 63 nisi
1291 1086 124 63 sit
1361 1086 106 63 de
1414 1086 212 63 veritate
1573 1086 212 63 syncera,
1732 1086 106 63 vt
1785 1086 177 63 dictum
1891 1086 106 63 est.

242 1138 93 60 â‹
279 1138 111 60 Ad
334 1138 222 60 secundum
501 1138 148 60 quod
593 1138 148 60 nemo
686 1138 185 60 potest
815 1138 185 60 dicere
945 1138 204 60 dominus
1093 1138 167 60 lesus
1204 1138 130 60 &c.
1278 1138 222 60 Dicendum
1444 1138 148 60 quod
1537 1138 167 60 verum
1648 1138 130 60 est
1722 1138 167 60 verbo
1814 1138 185 60 perfecto

241 1190 114 62 ad
298 1190 153 62 quod
394 1190 267 62 requiritur
603 1190 248 62 consensus
794 1190 286 62 voluntatis.
1023 1190 248 62 Perfectum
1214 1190 153 62 enim
1309 1190 191 62 verbum
1443 1190 153 62 tunc
1538 1190 134 62 est
1614 1190 134 62 cum
1691 1190 114 62 in
1748 1190 114 62 eo
1805 1190 153 62 quod
1882 1190 114 62 mens

248 1244 159 62 nouit
354 1244 211 62 voluntas
513 1244 229 62 delectata
689 1244 282 62 conquiescit.
918 1244 141 62 vnde
1006 1244 159 62 dicit
1111 1244 264 62 Augustinus.
1323 1244 123 62 ix.
1393 1244 106 62 de
1446 1244 141 62 Tri.
1534 1244 141 62 quod
1622 1244 176 62 verbum
1745 1244 229 62 perfectum
1904 1244 88 62 est

244 1304 127 61 cum
316 1304 163 61 amore
425 1304 218 61 notitia.
589 1304 145 61 vnde
680 1304 163 61 sicut
789 1304 218 61 voluntas
952 1304 109 61 ex
1006 1304 200 61 propria
1152 1304 236 61 facultate
1333 1304 218 61 naturali
1497 1304 127 61 non
1569 1304 182 61 potest
1696 1304 236 61 assurgere
1878 1304 109 61 in
1914 1304 91 61 bo-

256 1356 125 56 num
328 1356 143 56 sine
417 1356 233 56 specialis
596 1356 197 56 gratiae
740 1356 251 56 adiutorio,
937 1356 125 56 sic
1008 1356 125 56 nec
1080 1356 107 56 ad
1134 1356 179 56 dicere
1259 1356 143 56 tale
1348 1356 197 56 verbum.
1492 1356 125 56 Non
1563 1356 161 56 tamen
1671 1356 215 56 sequitur
1832 1356 143 56 quin
1903 1356 90 56 sim

245 1408 131 61 plex
327 1408 164 61 verbum
441 1408 213 61 veritatis
605 1408 115 61 non
671 1408 197 61 syncerae
818 1408 180 61 poterit
949 1408 164 61 dicere
1064 1408 131 61 sine
1146 1408 131 61 omni
1228 1408 197 61 speciali
1375 1408 295 61 illustratione.
1621 1408 197 61 Spiritus
1769 1408 147 61 scti.
1867 1408 131 61 vnde
1932 1408 66 61 di

258 1466 121 61 cit
327 1466 172 61 glossa
447 1466 138 61 quod
533 1466 224 61 apostolus
706 1466 190 61 proprie
844 1466 172 61 posuit
964 1466 121 61 ibi
1033 1466 121 61 hoc
1102 1466 172 61 verbum
1223 1466 190 61 dicere,
1360 1466 258 61 significans
1567 1466 241 61 voluntatem
1757 1466 86 61 &
1774 1466 224 61 intellectum

254 1516 222 59 dicentis,
425 1516 85 59 &
459 1516 137 59 tale
544 1516 171 59 dicere
664 1516 154 59 circa
767 1516 103 59 ea
818 1516 137 59 quae
903 1516 137 59 sunt
989 1516 154 59 fidei
1091 1516 154 59 purae
1194 1516 120 59 non
1262 1516 171 59 potest
1382 1516 188 59 aliquis
1518 1516 171 59 dicere
1638 1516 137 59 nisi
1724 1516 103 59 ex
1775 1516 154 59 fide.
1877 1516 137 59 vnde
1946 1516 68 59 de

243 1574 132 61 alio
326 1574 198 61 simplici
475 1574 165 61 dicere
590 1574 182 61 dicitur
722 1574 132 61 Mat.
805 1574 116 61 vi.
871 1574 116 61 Non
937 1574 149 61 omnis
1036 1574 116 61 qui
1102 1574 149 61 dicit
1201 1574 165 61 domine
1316 1574 165 61 domine
1432 1574 116 61 &c.
1498 1574 83 61 â‹
1531 1574 99 61 Ad
1580 1574 182 61 tertium
1712 1574 132 61 quod
1778 1574 215 61 scientiarum

240 1623 239 67 spectamina
428 1623 119 67 non
496 1623 188 67 possunt
633 1623 222 67 intelligi
803 1623 137 67 nisi
889 1623 137 67 alio
974 1623 171 67 quodam
1093 1623 154 67 quasi
1196 1623 119 67 suo
1264 1623 137 67 sole
1349 1623 290 67 illustrentur:
1588 1623 205 67 dicendum
1742 1623 137 67 quod
1827 1623 154 67 verum
1913 1623 85 67 est

239 1675 199 66 syncera
383 1675 217 66 veritate
546 1675 90 66 &
582 1675 181 66 omnino
708 1675 271 66 infallibili
925 1675 217 66 notitia.
1087 1675 144 66 Alio
1178 1675 162 66 tamen
1286 1675 144 66 modo
1376 1675 199 66 possunt
1521 1675 235 66 intelligi
1701 1675 108 66 in
1755 1675 181 66 lumine
1864 1675 126 66 lucis

240 1728 201 56 naturalis
394 1728 93 56 vt
440 1728 154 56 dictum
548 1728 108 56 est
610 1728 154 56 supra.
718 1728 170 56 Propter
842 1728 124 56 quod
919 1728 139 56 dicit
1012 1728 216 56 Augustinus
1182 1728 124 56 xii.
1259 1728 93 56 de
1305 1728 216 56 trinitate.
1475 1728 201 56 Credendum
1629 1728 108 56 est
1691 1728 154 56 mentis
1784 1728 216 56 intelligibi-

241 1782 125 54 lis
312 1782 125 54 ita
384 1782 214 54 conditam
544 1782 143 54 esse
633 1782 196 54 naturam
776 1782 107 54 vt
829 1782 160 54 rebus
936 1782 356 54 intelligibilibus
1239 1782 214 54 naturali
1399 1782 178 54 ordine
1524 1782 249 54 disponente
1720 1782 232 54 conditore
1880 1782 125 54 subie

259 1834 143 61 cta:
349 1834 125 61 sic
420 1834 179 61 videat
546 1834 143 61 ista
635 1834 107 61 in
689 1834 179 61 quadam
814 1834 143 61 luce
904 1834 125 61 sui
975 1834 197 61 generis
1119 1834 251 61 incorporea
1316 1834 269 61 quemadmodum
1530 1834 179 61 oculus
1656 1834 179 61 carnis
1781 1834 161 61 videt
1889 1834 143 61 quae

243 1893 112 57 in
299 1893 130 57 hac
374 1893 149 57 luce
467 1893 223 57 corporea
634 1893 317 57 circumiacent,
895 1893 168 57 cuius
1007 1893 168 57 lucis
1119 1893 168 57 capax
1230 1893 168 57 eique
1342 1893 223 57 congruus
1510 1893 130 57 est
1584 1893 223 57 creatus.
1752 1893 93 57 â‹
1789 1893 112 57 Ad
1826 1893 168 57 quartum

243 1941 150 63 quod
337 1941 225 63 quicquid
506 1941 169 63 anima
619 1941 207 63 cogitat
769 1941 131 63 aut
844 1941 301 63 ratiocinatur
1088 1941 113 63 ei
1145 1941 150 63 luci
1239 1941 263 63 tribuendum
1445 1941 131 63 est
1520 1941 94 63 a
1558 1941 131 63 qua
1633 1941 244 63 tangitur:
1802 1941 188 63 Dicendum

244 2000 139 59 quod
331 2000 157 59 verum
435 2000 122 59 est
505 2000 105 59 de
557 2000 122 59 eis
627 2000 139 59 quae
714 2000 192 59 cogitat
854 2000 122 59 aut
924 2000 279 59 ratiocinatur
1150 2000 262 59 cognoscendo
1359 2000 209 59 liquidam
1516 2000 244 59 veritatem,
1708 2000 157 59 alias
1813 2000 157 59 autem
1900 2000 87 59 non

241 2048 202 58 oportet
388 2048 110 58 vt
443 2048 184 58 dictum
571 2048 147 58 est.
663 2048 92 58 â‹
700 2048 165 58 Eodem
810 2048 147 58 modo
902 2048 220 58 dicendum
1067 2048 129 58 est
1140 2048 110 58 ad
1195 2048 202 58 quintum
1342 2048 92 58 &
1379 2048 220 58 vltimum.
1544 2048 129 58 Vel
1618 2048 239 58 dicendum:
1801 2048 147 58 quod
1875 2048 110 58 vide

239 2102 111 59 mus
303 2102 143 59 verum
398 2102 95 59 in
446 2102 143 59 prima
541 2102 207 59 veritate,
700 2102 159 59 potest
811 2102 143 59 esse:
907 2102 111 59 aut
970 2102 143 59 sicut
1066 2102 95 59 in
1114 2102 95 59 eo
1161 2102 127 59 quod
1241 2102 111 59 est
1304 2102 191 59 obiectum
1447 2102 143 59 primo
1543 2102 159 59 visum,
1654 2102 111 59 aut
1718 2102 143 59 sicut
1813 2102 95 59 in
1861 2102 95 59 eo
1893 2102 95 59 quod

248 2156 125 63 est
319 2156 160 63 ratio
426 2156 196 63 videndi
569 2156 178 63 tantum
694 2156 107 63 vt
747 2156 107 63 in
800 2156 214 63 sequenti
961 2156 249 63 quaestione
1157 2156 303 63 declarabitur.
1406 2156 160 63 Primo
1513 2156 143 63 modo
1602 2156 160 63 omnis
1709 2156 196 63 veritas
1834 2156 160 63 videtur

250 2211 106 63 in
303 2211 159 63 prima
409 2211 230 63 veritate,
586 2211 159 63 sicut
692 2211 141 63 omne
781 2211 159 63 bonum
887 2211 106 63 in
940 2211 159 63 primo
1046 2211 159 63 bono,
1152 2211 141 63 quia
1240 2211 230 63 quicumque
1417 2211 159 63 videt
1523 2211 159 63 verum
1629 2211 124 63 hoc
1700 2211 124 63 aut
1770 2211 159 63 verum
1876 2211 159 63 illud

247 2265 160 65 videt
354 2265 160 65 verum
460 2265 266 65 simpliciter
674 2265 107 65 in
727 2265 249 65 vniuersali
922 2265 142 65 quod
1011 2265 142 65 deus
1100 2265 142 65 est.
1189 2265 160 65 Sicut
1295 2265 124 65 qui
1366 2265 160 65 videt
1473 2265 160 65 bonum
1580 2265 124 65 hoc
1651 2265 124 65 vel
1722 2265 160 65 bonum
1828 2265 160 65 illud
1935 2265 107 65 in

253 2318 211 65 vniuersali
419 2318 136 65 videt
509 2318 136 65 bonum
600 2318 226 65 simpliciter
781 2318 121 65 quod
856 2318 121 65 deus
932 2318 121 65 est:
1007 2318 91 65 vt
1053 2318 136 65 dicit
1143 2318 211 65 Augustinus
1309 2318 136 65 viii.
1400 2318 91 65 de
1445 2318 211 65 trinitate.
1611 2318 75 65 &
1641 2318 181 65 inferius
1762 2318 241 65 determinabitur

242 2370 190 66 Secundo
380 2370 156 66 autem
484 2370 138 66 modo
571 2370 121 66 non
640 2370 138 66 nisi
726 2370 190 66 veritas
865 2370 208 66 syncerae
1021 2370 138 66 visa
1107 2370 104 66 vt
1159 2370 173 66 dictum
1280 2370 138 66 est.
1367 2370 104 66 Et
1419 2370 138 66 sunt
1505 2370 138 66 isti
1592 2370 121 66 duo
1661 2370 138 66 modi
1747 2370 260 66 cognoscendi
1938 2370 69 66 ve

243 2422 118 68 rum
310 2422 151 68 bonum
411 2422 202 68 pulchrum
562 2422 118 68 &c.
630 2422 134 68 quae
714 2422 252 68 nobilitatis
915 2422 134 68 sunt
999 2422 101 68 in
1050 2422 134 68 deo,
1134 2422 84 68 &
1167 2422 235 68 conveniunt
1352 2422 235 68 creaturis,
1537 2422 202 68 notandi:
1688 2422 134 68 quia
1772 2422 101 68 de
1822 2422 118 68 eis
1889 2422 151 68 loqui

249 2477 104 64 tur
309 2477 209 64 Augustinus
473 2477 89 64 in
517 2477 179 64 diuersis
651 2477 149 64 locis,
756 2477 194 64 quandoque
905 2477 179 64 secundum
1039 2477 119 64 vnum
1113 2477 149 64 modum,
1217 2477 149 64 dicens
1322 2477 104 64 non
1381 2477 179 64 cognosci
1515 2477 134 64 bonum
1605 2477 179 64 pulchrum
1739 2477 134 64 verum
1828 2477 74 64 &
1843 2477 164 64 huiusmodi

246 2527 106 74 in
299 2527 248 74 creaturis:
495 2527 142 74 nisi
583 2527 124 74 per
654 2527 160 74 verum
761 2527 213 74 pulchrum
921 2527 89 74 &
956 2527 160 74 bonum
1063 2527 106 74 in
1116 2527 231 74 creatore.
1293 2527 231 74 Quandoque
1471 2527 142 74 vero
1559 2527 213 74 loquitur
1719 2527 213 74 secundum
1861 2527 142 74 alium.

250 2578 136 72 sed
327 2578 174 72 omnis
443 2578 136 72 sua
521 2578 310 72 determinatio
773 2578 174 72 circa
889 2578 155 72 hanc
986 2578 232 72 materiam
1160 2578 194 72 vergit
1295 2578 116 72 in
1354 2578 155 72 vnum
1450 2578 213 72 illorum
1605 2578 232 72 modorum.

245 2621 103 111 â‹
287 2621 268 111 Argumenta
493 2621 144 111 duo
575 2621 124 111 in
637 2621 268 111 oppositum
843 2621 165 111 bene
946 2621 227 111 probant
1111 2621 165 111 quod
1214 2621 227 111 veritas
1379 2621 206 111 aliqua
1523 2621 165 111 sine
1626 2621 247 111 speciali
1791 2621 206 111 illustra

253 2715 147 64 tione
351 2715 163 64 diuina
465 2715 98 64 ab
514 2715 163 64 homine
628 2715 163 64 possit
743 2715 147 64 sciri
841 2715 82 64 &
873 2715 212 64 cognosci:
1037 2715 114 64 non
1102 2715 147 64 tamen
1200 2715 180 64 probant
1331 2715 131 64 quod
1412 2715 196 64 syncera.
1559 2715 82 64 â‹
1592 2715 114 64 Vel
1657 2715 98 64 si
1706 2715 180 64 velimus
1821 2715 163 64 possumus

257 2761 164 70 dicere
372 2761 82 70 &
405 2761 148 70 forte
503 2761 164 70 melius
618 2761 132 70 quod
700 2761 132 70 homo
783 2761 99 70 ex
832 2761 148 70 puris
931 2761 247 70 naturalibus
1128 2761 132 70 suis
1210 2761 132 70 sine
1292 2761 132 70 omni
1374 2761 279 70 illustratione
1604 2761 164 70 diuini
1720 2761 181 70 luminis
1851 2761 115 70 vel
1900 2761 99 70 exem

245 2817 166 83 plaris
362 2817 250 83 assistentis
561 2817 166 83 potest
678 2817 150 83 solum
778 2817 233 83 cognoscere
961 2817 116 83 per
1027 2817 250 83 intellectum
1227 2817 100 83 id
1277 2817 133 83 quod
1360 2817 150 83 verum
1460 2817 116 83 est
1526 2817 100 83 de
1576 2817 100 83 re
1626 2817 200 83 sequendo
1776 2817 166 83 sensum
1892 2817 100 83 vt
1925 2817 67 83 di

250 2876 133 69 ctum
333 2876 116 69 est
400 2876 166 69 supra:
516 2876 182 69 clarius
648 2876 149 69 tamen
748 2876 199 69 cernendo
897 2876 133 69 quod
980 2876 149 69 verum
1079 2876 116 69 est
1146 2876 133 69 quam
1228 2876 166 69 sensus
1345 2876 182 69 cernat:
1477 2876 133 69 quia
1560 2876 249 69 intellectus
1759 2876 216 69 subtilius
1925 2876 99 69 ap

251 2930 225 72 prehendit
424 2930 87 72 &
458 2930 138 72 plus
545 2930 242 72 infunditur
735 2930 104 72 in
787 2930 260 72 substantiam
995 2930 277 72 receptibilis
1220 2930 138 72 quam
1306 2930 190 72 sensus:
1444 2930 121 72 qui
1514 2930 156 72 solum
1617 2930 208 72 percipit
1773 2930 225 72 exteriora
1929 2930 69 72 se

243 2975 165 77 cundum
359 2975 248 77 superficiem
558 2975 99 77 vt
607 2975 149 77 dicit
707 2975 182 77 Auicen.
839 2975 132 77 xii.
922 2975 265 77 Metaphysicae
1137 2975 149 77 suae.
1236 2975 182 77 Quiaque
1368 2975 215 77 veritatem
1534 2975 149 77 ipsam
1633 2975 116 77 rei
1699 2975 215 77 nequaquam
1865 2975 132 77 siue
1931 2975 66 77 in

253 3031 169 71 modico
372 3031 136 71 siue
456 3031 102 71 in
507 3031 152 71 multo
609 3031 136 71 sine
694 3031 288 71 illustratione
931 3031 169 71 diuini
1049 3031 237 71 exemplaris
1236 3031 169 71 possit
1354 3031 237 71 percipere.
1541 3031 85 71 &
1574 3031 136 71 quod
1659 3031 203 71 exemplar
1795 3031 203 71 abstractum

243 3098 88 56 a
279 3098 123 56 re:
349 3098 105 56 ad
401 3098 123 56 hoc
472 3098 123 56 non
542 3098 228 56 sufficiat
717 3098 123 56 per
787 3098 123 56 se.
858 3098 123 56 Sed
928 3098 193 56 oportet
1068 3098 228 56 conceptum
1244 3098 105 56 de
1296 3098 105 56 re
1349 3098 105 56 ad
1401 3098 211 56 exemplar
1559 3098 211 56 acceptum
1717 3098 88 56 a
1752 3098 105 56 re
1787 3098 211 56 determina-

255 3135 107 69 ri
309 3135 125 69 per
380 3135 197 69 diuinum
523 3135 232 69 exemplar:
702 3135 107 69 vt
755 3135 107 69 si
809 3135 107 69 in
863 3135 143 69 illo
952 3135 214 69 conceptu
1113 3135 179 69 debeat
1238 3135 179 69 videre
1363 3135 232 69 veritatem
1541 3135 214 69 synceram
1702 3135 89 69 &
1738 3135 232 69 liquidam,
1899 3135 107 69 cla-

245 3194 143 87 rius
335 3194 268 87 illustretur
549 3194 268 87 intellectus
764 3194 233 87 exemplari
943 3194 197 87 diuino,
1086 3194 89 87 &
1122 3194 107 87 si
1176 3194 179 87 aliquo
1301 3194 143 87 modo
1391 3194 304 87 quantumcunque
1641 3194 161 87 tenui
1749 3194 161 87 etiam
1838 3194 179 87 tenuiter
