2420 3770
392 274 141 109 ipso
480 274 282 109 illustretur.
710 274 88 109 &
745 274 106 109 si
798 274 159 109 nullo
903 274 141 109 modo
991 274 106 109 eo
1044 274 282 109 illustretur,
1273 274 159 109 nullo
1379 274 141 109 modo
1467 274 176 109 videat
1591 274 159 109 ipsam
1696 274 247 109 veritatem.
1890 274 106 109 Vt
1943 274 194 109 dicamus
2066 274 106 109 quod

405 367 239 60 huiusmodi
588 367 257 60 exemplaris
790 367 294 60 praesentatio
1029 367 220 60 secundum
1194 367 220 60 conmunem
1359 367 184 60 cursum
1488 367 165 60 vitae
1598 367 165 60 huius
1708 367 220 60 quamquam
1873 367 220 60 gratuito
2020 367 165 60 conceda

418 422 144 59 tur:
508 422 126 59 nec
580 422 235 59 naturalia
761 422 181 59 animae
887 422 126 59 sic
959 422 144 59 sunt
1050 422 235 59 ordinata,
1230 422 108 59 vt
1284 422 126 59 sua
1357 422 217 59 naturali
1519 422 253 59 operatione
1718 422 108 59 ad
1772 422 162 59 ipsum
1880 422 199 59 possint
2006 422 181 59 attinge-

418 480 124 57 re.
489 480 194 57 Omnibus
630 480 159 57 tamen
736 480 194 57 quantum
877 480 124 57 est
948 480 106 57 ex
1001 480 159 57 parte
1107 480 124 57 dei
1177 480 229 57 hominibus
1354 480 247 57 aequaliter
1548 480 300 57 praesentatur:
1795 480 106 57 vt
1848 480 265 57 vnusquisque
2042 480 141 57 secun-

420 530 128 51 dum
493 530 311 51 dispositionem
749 530 91 51 &
785 530 274 51 capacitatem
1004 530 146 51 suam
1096 530 110 51 eo
1151 530 292 51 illuminetur:
1388 530 146 51 nisi
1480 530 219 51 exigente
1644 530 219 51 eminente
1809 530 201 51 malitia
1955 530 201 51 aliquis
2083 530 91 51 me-

413 581 203 61 reatur:
560 581 111 61 vt
615 581 111 61 ei
671 581 184 61 omnino
800 581 295 61 subtrahatur:
1039 581 111 61 ne
1095 581 166 61 vllam
1205 581 240 61 veritatem
1389 581 166 61 animo
1500 581 203 61 videat:
1647 581 129 61 sed
1721 581 240 61 totaliter
1906 581 258 61 infatuetur
2108 581 111 61 in

417 637 148 63 omni
509 637 314 63 cognoscibili,
768 637 111 63 vt
823 637 111 63 in
879 637 148 63 alio
971 637 277 63 determinato
1193 637 129 63 non
1267 637 185 63 videat
1396 637 240 63 veritatem
1581 637 111 63 in
1637 637 129 63 eo:
1711 637 129 63 sed
1785 637 240 63 dilabatur
1970 637 111 63 in
2007 637 166 63 errorem

414 691 151 72 quem
508 691 226 72 meretur.
678 691 113 72 Et
734 691 132 72 sic
810 691 226 72 secundum
979 691 358 72 determinationem
1280 691 151 72 Aug.
1374 691 169 72 nulla
1487 691 207 72 veritas
1638 691 207 72 videtur
1789 691 188 72 omnino
1920 691 151 72 nisi
2015 691 113 72 in
2052 691 132 72 prima

423 749 213 68 veritate:
587 749 82 68 &
619 749 131 68 quod
701 749 115 68 hoc
767 749 115 68 est
833 749 197 68 naturale
980 749 213 68 creaturae
1144 749 230 68 rationali:
1324 749 131 68 quod
1406 749 148 68 solum
1505 749 164 68 possit
1620 749 98 68 ex
1669 749 148 68 puris
1767 749 246 68 naturalibus
1964 749 98 68 in
1997 749 180 68 cognitio-

408 796 124 75 nem
479 796 159 75 eius:
585 796 142 75 quod
674 796 159 75 verum
780 796 124 75 est
851 796 106 75 de
904 796 124 75 re:
975 796 89 75 &
1010 796 124 75 non
1081 796 159 75 vltra
1187 796 106 75 in
1241 796 266 75 cognitionem
1453 796 177 75 ipsius
1577 796 230 75 veritatis
1754 796 142 75 nisi
1843 796 124 75 per
1896 796 283 75 illustrationem

418 852 176 68 diuini
542 852 265 68 exemplaris:
753 852 88 68 &
789 852 123 68 hoc
859 852 194 68 propter
1000 852 247 68 eminentiam
1194 852 159 68 actus
1300 852 282 68 intelligendi
1529 852 159 68 ipsam
1635 852 229 68 veritatem
1812 852 106 68 vt
1865 852 176 68 dictum
1988 852 123 68 est
2041 852 141 68 supra.

413 901 113 63 Et
470 901 227 63 secundum
640 901 151 63 hanc
734 901 151 63 viam
829 901 113 63 ad
885 901 189 63 primum
1018 901 264 63 argumentum
1225 901 113 63 in
1282 901 264 63 oppositum:
1490 901 151 63 quod
1584 901 151 63 nisi
1679 901 151 63 homo
1773 901 113 63 ex
1830 901 170 63 puris
1924 901 246 63 naturalibus

419 964 166 63 posset
535 964 99 63 in
585 964 249 63 cognitionem
784 964 232 63 veritatis,
966 964 182 63 frustra
1099 964 116 63 eam
1165 964 282 63 inuestigaret:
1397 964 199 63 Dicendum
1546 964 133 63 quod
1629 964 133 63 fine
1712 964 133 63 illa
1795 964 282 63 illustratione
2027 964 116 63 non
2077 964 99 63 vale

415 1014 131 61 ret
490 1014 150 61 homo
584 1014 131 61 eam
659 1014 282 61 inuestigare
885 1014 225 61 intantum
1054 1014 113 61 vt
1110 1014 113 61 ad
1166 1014 244 61 veritatis
1354 1014 225 61 notitiam
1523 1014 113 61 ex
1579 1014 169 61 puris
1692 1014 282 61 naturalibus
1917 1014 300 61 inuestigando

415 1064 225 65 peruenire
587 1064 190 65 posset.
726 1064 121 65 Sed
795 1064 121 65 hic
864 1064 155 65 solum
968 1064 155 65 valet
1071 1064 121 65 cum
1140 1064 225 65 adiutorio
1313 1064 173 65 illius
1434 1064 328 65 illustrationis,
1711 1064 121 65 sic
1780 1064 225 65 existente
1952 1064 155 65 anima
2039 1064 138 65 ratio-

425 1122 140 61 nali
512 1122 105 61 in
564 1122 262 61 naturalibus
774 1122 192 61 creata.
966 1122 105 61 Ad
1018 1122 227 61 secundum:
1192 1122 140 61 quod
1280 1122 140 61 homo
1367 1122 262 61 naturaliter
1576 1122 157 61 scire
1681 1122 244 61 desiderat:
1873 1122 140 61 ergo
1960 1122 175 61 potest
2065 1122 122 61 scire

421 1174 107 54 ex
475 1174 160 54 puris
582 1174 285 54 naturalibus:
813 1174 214 54 Dicendum
974 1174 143 54 quod
1063 1174 160 54 verum
1170 1174 143 54 est.
1259 1174 125 54 Non
1330 1174 160 54 tamen
1437 1174 143 54 sic:
1526 1174 107 54 vt
1580 1174 125 54 per
1651 1174 160 54 ipsam
1758 1174 232 54 veritatem
1936 1174 107 54 ex
1990 1174 160 54 puris
2079 1174 89 54 na-

425 1225 237 72 turalibus
607 1225 201 72 videat,
753 1225 164 72 sicut
863 1225 182 72 dictum
990 1225 146 72 est.
1081 1225 219 72 Naturali
1246 1225 146 72 enim
1337 1225 219 72 appetitu
1501 1225 146 72 bene
1592 1225 237 72 desiderat
1775 1225 146 72 homo
1866 1225 164 72 scire
1975 1225 164 72 etiam
2067 1225 109 72 illa

418 1284 146 59 quae
509 1284 146 59 sunt
600 1284 364 59 supernaturaliter
910 1284 292 59 cognoscenda:
1147 1284 146 59 quae
1238 1284 219 59 secundum
1402 1284 219 59 conmunem
1566 1284 328 59 illustrationem
1839 1284 91 59 a
1875 1284 182 59 diuino
1985 1284 200 59 exemplari

427 1328 136 62 sine
512 1328 289 62 illustratione
750 1328 255 62 specialiori
954 1328 119 62 non
1022 1328 170 62 posset
1140 1328 238 62 attingere:
1327 1328 102 62 vt
1378 1328 153 62 infra
1463 1328 170 62 dicetur.

760 1352 136 88 lrca
845 1352 187 88 tertium
981 1352 204 88 arguitur
1133 1352 136 88 quod
1218 1352 255 88 cognoscendo
1422 1352 170 88 aliqua
1541 1352 204 88 speciali
1694 1352 289 88 illustratione
1931 1352 170 88 diuina
2050 1352 136 88 homo
2118 1352 68 88 co

761 1438 155 67 gnoscit
874 1438 127 67 illam
958 1438 127 67 lucem
1043 1438 99 67 qua
1100 1438 226 67 illustratur.
1283 1438 127 67 Primo
1368 1438 113 67 sic.
1438 1438 198 67 Augustinus
1593 1438 141 67 dicit.
1692 1438 127 67 iiii.
1777 1438 85 67 de
1819 1438 155 67 trinit.
1932 1438 85 67 In
1974 1438 113 67 illa
2045 1438 113 67 arte
2115 1438 99 67 qua

769 1499 217 62 temporalia
939 1499 139 62 facta
1032 1499 124 62 sunt
1109 1499 155 62 omnia:
1218 1499 155 62 formam
1326 1499 186 62 secundum
1466 1499 124 62 quam
1543 1499 139 62 sumus
1636 1499 124 62 visu
1713 1499 155 62 mentis
1822 1499 248 62 conspicimus.
2023 1499 124 62 Illa
2101 1499 108 62 au-

765 1552 109 64 tem
828 1552 109 64 est
890 1552 109 64 lux
952 1552 217 64 praedicta:
1123 1552 124 64 quia
1200 1552 93 64 vt
1247 1552 140 64 dicit
1340 1552 124 64 Aug.
1418 1552 124 64 pri.
1496 1552 140 64 soli,
1589 1552 124 64 Deus
1666 1552 280 64 intelligibilis
1899 1552 109 64 lux
1962 1552 124 64 est:
2039 1552 93 64 in
2086 1552 109 64 quo
2132 1552 47 64 &

750 1598 81 60 a
782 1598 114 60 quo
847 1598 81 60 &
880 1598 114 60 per
944 1598 130 60 quem
1025 1598 178 60 lucent:
1155 1598 130 60 quae
1236 1598 324 60 intelligibiliter
1512 1598 162 60 lucent
1626 1598 162 60 omnia.
1739 1598 130 60 ergo
1820 1598 114 60 &c.
1918 1598 178 60 Secundo
2047 1598 130 60 sic.
2112 1598 65 60 Au

753 1655 170 74 gust.
866 1655 170 74 dicit
979 1655 113 74 de
1036 1655 151 74 vera
1130 1655 226 74 religio.
1300 1655 132 74 Lux
1375 1655 188 74 omnium
1507 1655 188 74 artium
1639 1655 132 74 cum
1714 1655 132 74 sit
1789 1655 188 74 omnino
1921 1655 301 74 immutabilis:

405 1705 151 68 mens
499 1705 151 68 vero
593 1705 188 68 humana
725 1705 132 68 cui
801 1705 169 68 talem
914 1705 169 68 artem
1026 1705 188 68 videre
1158 1705 245 68 concessum
1347 1705 151 68 est:
1441 1705 320 68 mutabilitatem
1704 1705 169 68 pati:
1817 1705 245 68 praeterea
2006 1705 113 68 si
2043 1705 132 68 vide-

405 1764 109 61 re,
468 1764 125 61 ergo
546 1764 234 61 cognoscere.
765 1764 156 61 Tertio
874 1764 125 61 sic.
952 1764 141 61 Dicit
1046 1764 219 61 Augustinus
1217 1764 141 61 super
1311 1764 187 61 loannem.
1452 1764 156 61 sermo.
1561 1764 125 61 xxx.
1639 1764 141 61 Lumen
1733 1764 78 61 &
1764 1764 125 61 alia
1842 1764 219 61 demonstrat
2014 1764 78 61 &
2029 1764 141 61 seipsum

420 1820 137 59 quia
505 1820 137 59 sine
591 1820 171 59 lumine
711 1820 120 59 non
779 1820 171 59 potest
899 1820 171 59 videri
1019 1820 223 59 quodlibet
1190 1820 154 59 aliud
1293 1820 137 59 quod
1379 1820 120 59 non
1447 1820 120 59 est
1515 1820 171 59 lumen.
1635 1820 103 59 si
1687 1820 188 59 idoneum
1824 1820 120 59 est
1892 1820 154 59 lumen
1995 1820 103 59 ad
2029 1820 137 59 demon-

412 1871 217 67 strandum
575 1871 145 67 alia
665 1871 145 67 quae
755 1871 127 67 non
828 1871 145 67 sunt
918 1871 199 67 lumina,
1063 1871 199 67 nunquid
1207 1871 108 67 in
1261 1871 108 67 se
1316 1871 217 67 deficit:
1478 1871 199 67 nunquid
1623 1871 108 67 se
1677 1871 127 67 non
1749 1871 199 67 aperit:
1894 1871 145 67 sine
1984 1871 127 67 quo
2056 1871 163 67 aliud

413 1921 167 69 patere
530 1921 117 69 non
597 1921 184 69 potest:
731 1921 100 69 q.
781 1921 100 69 d.
831 1921 184 69 vtique.
964 1921 134 69 ergo
1048 1921 117 69 &c.
1148 1921 167 69 Quarto
1265 1921 134 69 sic:
1348 1921 150 69 primo
1448 1921 150 69 soli.
1549 1921 134 69 xii.
1632 1921 100 69 c.
1682 1921 150 69 dicit
1782 1921 234 69 Augustinus
1966 1921 117 69 Lux
2033 1921 184 69 quaedam

402 1980 122 58 est
471 1980 315 58 intelligibilis
734 1980 87 58 &
769 1980 385 58 incomprehensibilis
1101 1980 210 58 mentium:
1259 1980 122 58 lux
1328 1980 140 58 ista
1416 1980 210 58 vulgaris
1573 1980 122 58 nos
1643 1980 175 58 doceat
1766 1980 192 58 quantum
1906 1980 175 58 potest
2011 1980 157 58 quomodo

411 2028 137 63 illa
496 2028 103 63 se
548 2028 171 63 habet.
668 2028 120 63 Sed
736 2028 120 63 lux
805 2028 205 63 vulgaris
959 2028 120 63 non
1027 2028 171 63 potest
1147 2028 137 63 esse
1233 2028 154 63 ratio
1335 2028 188 63 videndi
1472 2028 154 63 alia:
1575 2028 137 63 quin
1660 2028 137 63 ipsa
1746 2028 154 63 simul
1849 2028 223 63 videatur:
2020 2028 137 63 quia
2088 2028 86 63 est

401 2085 185 77 primum
531 2085 241 77 visibile.
716 2085 93 77 &
753 2085 111 77 vt
809 2085 204 77 dicitur
957 2085 167 77 primo
1068 2085 315 77 Perspectiuae,
1328 2085 130 77 lux
1402 2085 130 77 non
1476 2085 204 77 videtur
1624 2085 148 77 nisi
1717 2085 204 77 admixta
1865 2085 204 77 colori:
2013 2085 148 77 ergo
2087 2085 93 77 &c.

447 2142 165 63 Quinto
563 2142 132 63 sic.
645 2142 115 63 ix.
711 2142 99 63 de
761 2142 181 63 trinit.
892 2142 231 63 Augustinus
1074 2142 165 63 dicit.
1189 2142 99 63 De
1239 2142 148 63 illis
1337 2142 198 63 secundum
1486 2142 148 63 illam
1585 2142 231 63 iudicamus:
1766 2142 82 63 &
1799 2142 148 63 illam
1898 2142 198 63 cernimus
2030 2142 148 63 rationa

417 2190 107 75 lis
478 2190 152 75 mentis
584 2190 168 75 intuitu
706 2190 183 75 secundum
843 2190 137 75 aciem
935 2190 152 75 mentis
1041 2190 183 75 simplici
1179 2190 259 75 intelligentia
1392 2190 198 75 capiendo.
1575 2190 137 75 Sexto
1666 2190 122 75 sic.
1742 2190 213 75 Augustinus
1910 2190 137 75 dicit
2001 2190 91 75 in
2032 2190 152 75 epistola

406 2246 105 81 ad
458 2246 261 81 Consentium.
667 2246 105 81 In
719 2246 209 81 visibili
876 2246 209 81 simplici
1033 2246 174 81 mentis
1155 2246 105 81 ac
1207 2246 209 81 rationis
1364 2246 244 81 intentione
1556 2246 261 81 conspicimus
1765 2246 157 81 ipsum
1869 2246 174 81 quoque
1991 2246 157 81 lumen
2096 2246 122 81 quo

411 2304 164 53 cuncta
525 2304 131 53 ista
607 2304 213 53 cernimus:
771 2304 131 53 quod
853 2304 115 53 tam
919 2304 148 53 nobis
1017 2304 164 53 certum
1132 2304 131 53 est:
1214 2304 131 53 quam
1296 2304 148 53 nobis
1395 2304 180 53 efficit
1526 2304 164 53 certa:
1641 2304 131 53 quae
1723 2304 197 53 secundum
1870 2304 148 53 ipsum
1952 2304 230 53 conspicimus.

445 2355 102 66 In
496 2355 239 66 contrarium
684 2355 120 66 est
752 2355 154 66 illud
855 2355 137 66 quod
940 2355 154 66 dicit
1043 2355 102 66 in
1094 2355 205 66 epistola
1248 2355 102 66 ad
1299 2355 205 66 ltalicam
1453 2355 205 66 exponens
1606 2355 154 66 illud
1709 2355 222 66 apostoli:
1880 2355 120 66 Cum
1948 2355 188 66 venerit
2068 2355 102 66 domi

408 2411 127 81 nus
480 2411 90 81 &
516 2411 271 81 illuminabit
733 2411 253 81 abscondita
932 2411 271 81 tenebrarum.
1149 2411 145 81 Erit
1239 2411 145 81 tunc
1330 2411 145 81 mens
1420 2411 181 81 idonea
1546 2411 145 81 quae
1637 2411 163 81 lucem
1745 2411 163 81 illam
1854 2411 199 81 videat:
1998 2411 145 81 quae
2071 2411 108 81 nunc

409 2454 230 83 nondum
547 2454 138 83 est.

454 2528 244 92 Dicendum
637 2528 122 92 ad
698 2528 163 92 hoc:
800 2528 163 92 quod
901 2528 142 92 sic
983 2528 142 92 est
1064 2528 122 92 in
1125 2528 163 92 omni
1226 2528 203 92 nostra
1369 2528 284 92 cognitione
1592 2528 142 92 tam
1673 2528 264 92 sensitiua
1877 2528 163 92 quam
1958 2528 203 92 intelle-

413 2618 162 61 ctiua:
526 2618 130 61 quod
607 2618 146 61 nihil
704 2618 243 61 cognoscitur
899 2618 81 61 a
931 2618 146 61 nobis
1028 2618 146 61 neque
1125 2618 227 61 cognitione
1304 2618 211 61 simplicis
1465 2618 211 61 notitiae:
1627 2618 146 61 neque
1725 2618 227 61 cognitione
1903 2618 227 61 discretiua
2081 2618 130 61 quin

408 2662 91 78 se
453 2662 152 78 habeat
560 2662 91 78 in
605 2662 167 78 ratione
726 2662 167 78 obiecti
848 2662 182 78 respectu
984 2662 182 78 virtutis
1121 2662 258 78 cognoscitiuae
1333 2662 182 78 scilicet
1470 2662 106 78 per
1531 2662 137 78 illud
1622 2662 121 78 quod
1698 2662 106 78 est
1758 2662 137 78 ratio
1849 2662 228 78 cognoscendi
2016 2662 152 78 respectu

410 2714 164 74 alterius
533 2714 150 74 tantum,
642 2714 109 74 quod
711 2714 109 74 enim
779 2714 96 74 non
833 2714 123 74 habet
915 2714 164 74 rationem
1038 2714 164 74 obiecti,
1161 2714 123 74 nullo
1243 2714 109 74 modo
1311 2714 136 74 potest
1407 2714 109 74 dici
1475 2714 109 74 esse
1543 2714 96 74 per
1598 2714 96 74 se,
1652 2714 68 74 &
1680 2714 82 74 in
1721 2714 82 74 se
1762 2714 164 74 cognitum
1884 2714 68 74 a
1912 2714 136 74 nobis:
2007 2714 82 74 vt
2048 2714 109 74 puta
2103 2714 68 74 spe

414 2770 125 81 cies
493 2770 220 81 sensibilis
665 2770 94 81 in
712 2770 157 81 oculo:
822 2770 125 81 quia
901 2770 188 81 potentia
1042 2770 141 81 supra
1136 2770 173 81 sensum:
1261 2770 157 81 nullum
1371 2770 157 81 potest
1481 2770 157 81 facere
1591 2770 173 81 sensum:
1716 2770 141 81 neque
1810 2770 173 81 species
1920 2770 251 81 intelligibilis

410 2825 207 75 informans
569 2825 254 75 intellectum.
776 2825 111 75 Lux
839 2825 143 75 autem
935 2825 159 75 diuina
1046 2825 223 75 illustrans
1221 2825 159 75 mentem
1332 2825 95 75 in
1380 2825 191 75 notitiam
1523 2825 207 75 veritatis
1682 2825 239 75 simpliciter
1873 2825 111 75 vel
1937 2825 191 75 syncerae
2064 2825 111 75 solum

405 2877 98 81 se
454 2877 147 81 habet
552 2877 98 81 vt
601 2877 147 81 ratio
700 2877 279 81 intelligendi:
929 2877 115 81 non
994 2877 98 81 vt
1044 2877 197 81 obiectum
1191 2877 147 81 visui
1289 2877 82 81 &
1322 2877 262 81 intellectui.
1535 2877 180 81 Idcirco
1666 2877 197 81 absolute
1814 2877 197 81 dicendum
1961 2877 115 81 est
2027 2877 131 81 quod
2092 2877 82 81 sic

414 2934 120 61 alia
489 2934 136 61 facit
580 2934 151 61 videri
685 2934 90 61 vt
730 2934 90 61 in
775 2934 90 61 se
821 2934 105 61 non
881 2934 196 61 videatur:
1031 2934 105 61 nec
1092 2934 226 61 simpliciter
1272 2934 105 61 nec
1333 2934 241 61 distinctiue.
1528 2934 136 61 Cuius
1619 2934 151 61 duplex
1724 2934 105 61 est
1784 2934 136 61 ratio
1875 2934 105 61 vna
1935 2934 120 61 quae
2010 2934 166 61 sumitur
2116 2934 60 61 ex

411 2986 153 79 natura
518 2986 153 79 ipsius
625 2986 153 79 lucis.
732 2986 122 79 Alia
809 2986 122 79 quae
885 2986 168 79 sumitur
1008 2986 92 79 ex
1054 2986 122 79 modo
1130 2986 276 79 illustrationis
1360 2986 138 79 eius.
1452 2986 138 79 Ratio
1543 2986 122 79 ergo
1620 2986 92 79 ex
1666 2986 138 79 parte
1758 2986 153 79 ipsius
1865 2986 138 79 lucis
1957 2986 122 79 est:
2033 2986 122 79 quod
2094 2986 77 79 ip-

404 3036 98 66 sa
453 3036 115 66 non
518 3036 115 66 est
584 3036 147 66 ratio
682 3036 246 66 cognoscendi
879 3036 197 66 synceram
1026 3036 213 66 veritatem
1190 3036 98 66 in
1239 3036 147 66 aliis
1337 3036 115 66 sub
1403 3036 180 66 ratione
1534 3036 197 66 alicuius
1682 3036 213 66 generalis
1845 3036 213 66 attributi
2009 3036 131 66 dei:
2091 3036 115 66 qua

405 3091 98 68 le
454 3091 81 68 a
486 3091 147 68 nobis
584 3091 260 68 cognoscibile
795 3091 114 68 est
861 3091 98 68 in
909 3091 114 68 hac
975 3091 147 68 vita,
1072 3091 98 68 vt
1121 3091 147 68 infra
1219 3091 228 68 videbitur.
1398 3091 114 68 Sed
1463 3091 98 68 vt
1512 3091 114 68 est
1577 3091 130 68 ipsa
1658 3091 163 68 diuina
1772 3091 228 68 substantia
1951 3091 81 68 &
1984 3091 114 68 ars
2033 3091 130 68 increa

401 3146 96 82 ta
449 3146 96 82 in
497 3146 112 82 suo
561 3146 128 82 esse
641 3146 256 82 particulari:
849 3146 128 82 quae
929 3146 96 82 vt
977 3146 192 82 obiectum
1121 3146 128 82 sine
1201 3146 160 82 lumine
1314 3146 176 82 gloriae
1442 3146 96 82 in
1490 3146 128 82 vita
1570 3146 160 82 futura
1682 3146 112 82 vel
1746 3146 208 82 specialis
1906 3146 176 82 gratiae
2034 3146 96 82 in
2066 3146 96 82 prae

397 3199 163 97 senti
506 3199 91 97 a
542 3199 163 97 mente
651 3199 182 97 humana
778 3199 182 97 videri
905 3199 127 97 non
978 3199 200 97 potest,
1123 3199 109 97 vt
1178 3199 182 97 dictum
1305 3199 127 97 est
1378 3199 182 97 supra.
1505 3199 127 97 Hac
1578 3199 163 97 autem
1687 3199 145 97 luce
1777 3199 109 97 in
1832 3199 127 97 hac
1905 3199 145 97 vita
1995 3199 127 97 non
2050 3199 127 97 solum
