2396 3761
159 305 190 82 nomine:
297 305 155 82 velut
400 305 103 82 ea
452 305 138 82 quae
538 305 207 82 carnales
693 305 172 82 capere
814 305 121 82 non
883 305 207 82 possunt.
1038 305 224 82 Persuadet
1210 305 155 82 autem
1314 305 103 82 in
1365 305 224 82 oppositum
1538 305 103 82 ex
1589 305 155 82 dicto
1693 305 241 82 Apostolii.
1865 305 52 82 i

174 369 224 59 Corinth.
342 369 131 59 ii.
417 369 168 59 iuxta
529 369 261 59 argumentum
734 369 205 59 vltimum
883 369 131 59 iam
957 369 242 59 inductum.
1144 369 131 59 cui
1218 369 280 59 persuasioni
1442 369 168 59 etiam
1554 369 186 59 aperte
1685 369 205 59 videtur
1815 369 112 59 con-

172 423 172 71 sentire
298 423 219 71 Augustinus
470 423 141 71 iiii.
564 423 94 71 de
611 423 188 71 doctrina
752 423 204 71 christina
908 423 157 71 dicens
1018 423 125 71 sic.
1096 423 125 71 Sunt
1174 423 172 71 quaedam
1299 423 125 71 quae
1378 423 94 71 vi
1425 423 110 71 sua
1487 423 110 71 non
1550 423 282 71 intelliguntur:
1785 423 110 71 aut
1832 423 78 71 vix

170 485 262 61 quantolibet,
383 485 82 61 &
415 485 279 61 quantumlibet,
645 485 180 61 quamuis
776 485 229 61 planissime
956 485 197 61 dicentis
1104 485 213 61 versentur
1268 485 197 61 eloquio:
1415 485 131 61 quae
1497 485 98 61 in
1546 485 164 61 populi
1661 485 229 61 audientiam
1825 485 82 61 vel

175 530 136 69 raro
260 530 102 69 si
311 530 188 69 aliquid
448 530 170 69 vrget:
567 530 119 69 vel
635 530 188 69 nunquam
772 530 170 69 omnino
891 530 205 69 mittenda
1044 530 153 69 sunt.
1147 530 102 69 Ne
1198 530 136 69 ergo
1283 530 102 69 in
1334 530 239 69 quaestione
1522 530 119 69 hac
1590 530 205 69 dictorum
1726 530 188 69 Augustinu

169 580 101 74 ni
220 580 169 74 aliqua
338 580 270 74 controuersia
557 580 236 74 permaneat:
742 580 287 74 distinguendum
978 580 135 74 est:
1062 580 135 74 quod
1147 580 101 74 ea
1197 580 135 74 quae
1281 580 135 74 sunt
1366 580 169 74 sacrae
1484 580 236 74 scripturae
1669 580 101 74 in
1703 580 202 74 audientiam

165 638 212 60 fidelium
325 638 248 60 dupliciter
519 638 195 60 possunt
661 638 212 60 proponi.
820 638 124 60 Vno
891 638 142 60 modo
980 638 106 60 in
1033 638 212 60 simplici
1192 638 159 60 dicto
1298 638 212 60 secundum
1457 638 177 60 seriem
1581 638 266 60 scripturae:
1794 638 106 60 vt
1829 638 71 60 au

168 693 166 62 diens
278 693 240 62 solummodo
463 693 111 62 ex
519 693 148 62 ipso
611 693 222 62 simplici
777 693 166 62 dicto
888 693 259 62 instruatur
1092 693 148 62 quid
1184 693 203 62 credere
1332 693 203 62 debeat.
1480 693 148 62 Alio
1572 693 148 62 vero
1665 693 148 62 modo
1739 693 166 62 possunt

175 750 202 61 proponi
322 750 110 61 in
377 750 276 61 expositione
598 750 239 61 profunda:
782 750 110 61 vt
837 750 202 61 audiens
984 750 276 61 intellectum
1205 750 276 61 credendorum
1426 750 258 61 percipiat.
1628 750 166 61 Primo
1738 750 147 61 modo
1812 750 92 61 pro

173 801 180 64 ponendi
304 801 148 64 nihil
402 801 115 64 est
468 801 98 64 in
517 801 148 64 sacra
615 801 213 64 scriptura
779 801 131 64 quod
861 801 279 64 spiritualibus
1091 801 148 64 debet
1189 801 148 64 dici,
1288 801 82 64 &
1321 801 230 64 carnalibus
1501 801 213 64 abscondi.
1665 801 148 64 Nihil
1763 801 131 64 enim
1829 801 82 64 est

170 849 100 60 in
220 849 134 60 tota
304 849 217 60 scriptura
471 849 117 60 quo
538 849 184 60 instrui
672 849 117 60 non
739 849 167 60 possit
856 849 217 60 paruulus:
1023 849 167 60 saltem
1141 849 117 60 quo
1207 849 100 60 ad
1258 849 251 60 superficien
1458 849 201 60 literae:
1609 849 134 60 quia
1693 849 100 60 vt
1743 849 151 60 dicit
1826 849 84 60 bea

169 899 123 66 tus
240 899 194 66 Gregor.
381 899 106 66 in
434 899 194 66 prolog.
575 899 176 66 Moral.
698 899 194 66 Diuinus
839 899 159 66 sermo
945 899 159 66 sicut
1051 899 229 66 mysteriis
1227 899 229 66 prudentes
1403 899 212 66 exercet:
1562 899 123 66 sic
1633 899 229 66 plerunque
1791 899 106 66 sima

160 964 173 61 plices
281 964 243 61 superficie
472 964 208 61 refouet:
628 964 156 61 habet
732 964 104 61 in
784 964 191 61 publico
923 964 139 61 vnde
1009 964 208 61 paruulos
1165 964 208 61 nutriat:
1321 964 173 61 seruat
1443 964 104 61 in
1495 964 191 61 secreto
1634 964 139 61 vnde
1720 964 173 61 mentes
1824 964 87 61 sub

157 1009 179 69 tilium
282 1009 107 69 in
336 1009 268 69 admiratione
550 1009 250 69 suspendat,
746 1009 161 69 quasi
854 1009 179 69 quidam
979 1009 179 69 quippe
1103 1009 196 69 fluuius
1246 1009 125 69 (vt
1318 1009 125 69 ita
1389 1009 214 69 dixerim)
1550 1009 179 69 planus
1675 1009 89 69 &
1711 1009 179 69 altus:
1836 1009 107 69 in

161 1064 121 65 quo
230 1064 86 65 &
264 1064 155 65 agnus
368 1064 207 65 ambulat:
523 1064 86 65 &
558 1064 190 65 elephas
696 1064 173 65 natat.
816 1064 138 65 Quae
903 1064 121 65 sic
972 1064 207 65 loquitur
1127 1064 121 65 (vt
1196 1064 121 65 ait
1265 1064 224 65 Augutinus
1437 1064 104 65 v.
1489 1064 155 65 super
1593 1064 138 65 Gen.
1679 1064 86 65 )
1713 1064 104 65 vt
1748 1064 155 65 altitu-

161 1114 141 67 dine
249 1114 211 67 superbos
408 1114 229 67 irrideat:
584 1114 282 67 profunditate
813 1114 211 67 attentos
972 1114 211 67 terreat:
1130 1114 211 67 veritate
1289 1114 176 67 magnos
1412 1114 194 67 pascat:
1553 1114 282 67 affabilitate
1764 1114 141 67 paruu-

158 1169 121 66 los
227 1169 208 66 nutriat.
383 1169 121 66 Hoc
452 1169 139 66 ergo
539 1169 139 66 modo
626 1169 243 66 proponendi
817 1169 156 66 nihil
921 1169 121 66 est
990 1169 104 66 in
1042 1169 156 66 sacra
1146 1169 243 66 scriptura:
1337 1169 104 66 ad
1389 1169 156 66 cuius
1493 1169 243 66 audientiam
1684 1169 121 66 tam
1753 1169 104 66 in
1788 1169 121 66 prae-

170 1220 223 76 dicatione
342 1220 138 76 quam
428 1220 103 76 in
479 1220 206 76 lectione
634 1220 155 76 omnes
737 1220 189 76 fideles
875 1220 292 76 indifferenter
1115 1220 120 76 non
1184 1220 138 76 sunt
1270 1220 258 76 admittendi.
1476 1220 206 76 Loquendo
1631 1220 155 76 autem
1734 1220 103 76 de
1768 1220 138 76 secun-

163 1274 106 54 do
216 1274 142 54 modo
305 1274 266 54 proponendi,
518 1274 142 54 bene
606 1274 142 54 sunt
695 1274 177 54 aliqua
819 1274 142 54 quae
908 1274 213 54 profunda
1067 1274 266 54 expositione
1280 1274 301 54 spiritualibus
1528 1274 142 54 dici
1616 1274 213 54 possunt:
1776 1274 89 54 &
1794 1274 106 54 car-

173 1328 167 74 nalibus
294 1328 198 74 abscondi.
446 1328 91 74 De
492 1328 152 74 quibus
598 1328 182 74 loquitur
735 1328 213 74 Augustinus
902 1328 91 74 in
948 1328 137 74 dicto
1039 1328 152 74 libro.
1145 1328 137 74 iiii.
1236 1328 91 74 de
1282 1328 182 74 doctrina
1419 1328 213 74 christiana
1586 1328 182 74 secundum
1723 1328 122 74 quod
1799 1328 91 74 de
1829 1328 76 74 hoc

160 1380 142 82 erit
249 1380 160 82 sermo
356 1380 231 82 inferius:
533 1380 124 82 vbi
604 1380 266 82 dubitabitur
817 1380 178 82 quibus
942 1380 231 82 exponenda
1119 1380 124 82 sit
1190 1380 160 82 sacra
1279 1380 213 82 scriptura.

196 1453 152 85 Per
283 1453 174 85 haec
392 1453 218 85 patent
544 1453 261 85 obiecta.
740 1453 174 85 quod
849 1453 174 85 enim
957 1453 261 85 arguitur
1153 1453 218 85 primo:
1305 1453 174 85 Nemo
1414 1453 261 85 accendit
1610 1453 261 85 lucernam
1784 1453 109 85 &c.

160 1526 205 69 Dicendum
314 1526 137 69 quod
399 1526 188 69 lucerna
536 1526 171 69 sacrae
656 1526 240 69 scripturae
844 1526 188 69 omnibus
981 1526 154 69 debet
1084 1526 171 69 lucere
1204 1526 222 69 fidelibus
1375 1526 86 69 &
1409 1526 154 69 nulli
1512 1526 222 69 abscondi:
1683 1526 120 69 quo
1751 1526 103 69 ad
1785 1526 103 69 eius

157 1580 228 60 simplicem
333 1580 228 60 sermonem:
508 1580 158 60 etiam
614 1580 123 60 quo
684 1580 105 60 ad
736 1580 140 60 eius
824 1580 228 60 simplicem
999 1580 298 60 expositionem:
1245 1580 105 60 vt
1298 1580 158 60 infra
1403 1580 210 60 dicetur.
1561 1580 123 60 Quo
1631 1580 158 60 tamen
1736 1580 105 60 ad
1771 1580 123 60 subti

160 1632 121 71 lem
229 1632 86 71 &
263 1632 224 71 profundam
436 1632 276 71 expositionem
660 1632 138 71 quam
746 1632 224 71 simplices
918 1632 172 71 capere
1039 1632 121 71 non
1108 1632 207 71 possunt,
1263 1632 138 71 bene
1349 1632 190 71 potest,
1487 1632 86 71 &
1522 1632 155 71 debet
1625 1632 121 71 eis
1694 1632 103 71 in
1729 1632 172 71 pluribus

154 1683 143 68 locis
250 1683 175 68 abditis
377 1683 207 68 abscondi:
537 1683 96 68 vt
584 1683 143 68 infra
680 1683 191 68 dicetur.
823 1683 80 68 &
855 1683 112 68 ita
919 1683 112 68 nec
983 1683 159 68 debent
1094 1683 96 68 ad
1142 1683 207 68 huiusmodi
1301 1683 191 68 dictorum
1445 1683 159 68 sacrae
1556 1683 223 68 scripturae
1716 1683 191 68 audientiam

160 1743 196 54 admitti.
339 1743 98 54 Ad
388 1743 196 54 secundum
535 1743 131 54 quod
617 1743 196 54 quilibet
764 1743 180 54 fidelis
895 1743 212 54 quaelibet
1058 1743 147 54 dicta
1156 1743 163 54 sacrae
1270 1743 229 54 scripturae
1450 1743 114 54 tam
1515 1743 98 54 in
1564 1743 180 54 agendis
1695 1743 131 54 quam
1777 1743 98 54 in
1809 1743 82 54 cre

166 1795 179 61 dendis
291 1795 161 61 debet
398 1795 250 61 obseruare:
595 1795 143 61 ergo
684 1795 161 61 omnia
791 1795 197 61 audire:
934 1795 214 61 Dicendum
1095 1795 143 61 quod
1184 1795 161 61 verum
1292 1795 143 61 est,
1381 1795 125 61 quo
1452 1795 107 61 ad
1506 1795 179 61 agenda
1631 1795 89 61 &
1667 1795 214 61 credenda
1828 1795 107 61 in

153 1851 214 64 generali,
317 1851 181 64 quantum
449 1851 99 64 ei
499 1851 214 64 sufficiat
663 1851 99 64 vt
713 1851 148 64 nulli
812 1851 214 64 praecepto
976 1851 181 64 diuinae
1108 1851 148 64 legis
1207 1851 231 64 contrarium
1388 1851 132 64 agat
1471 1851 115 64 aut
1537 1851 231 64 discordet.
1718 1851 132 64 Quia
1784 1851 115 64 tamen

162 1903 189 53 singula
299 1903 137 53 eius
385 1903 155 53 dicta
488 1903 223 53 expresse,
660 1903 86 53 &
694 1903 103 53 in
746 1903 258 53 particulari
952 1903 223 53 discernat
1123 1903 86 53 &
1158 1903 240 53 intelligat
1347 1903 137 53 siue
1432 1903 103 53 in
1484 1903 189 53 agendis
1621 1903 137 53 siue
1707 1903 103 53 in
1741 1903 155 53 creden-

161 1954 147 59 dis:
252 1954 129 59 hoc
326 1954 129 59 non
399 1954 220 59 oportet.
565 1954 110 59 Et
620 1954 147 59 ideo
712 1954 129 59 non
785 1954 202 59 oportet
932 1954 110 59 vt
987 1954 110 59 ad
1043 1954 257 59 audientiam
1245 1954 220 59 multorum
1410 1954 220 59 dictorum
1575 1954 184 59 sacrae
1686 1954 220 59 scripturae

159 2006 116 68 quo
226 2006 100 68 ad
276 2006 216 68 profundas
442 2006 149 68 eorum
541 2006 266 68 expositiones
757 2006 249 68 admittatur:
956 2006 149 68 nihil
1056 2006 149 68 tamen
1156 2006 116 68 est
1222 2006 100 68 in
1272 2006 116 68 ea,
1338 2006 149 68 cuius
1438 2006 183 68 simplex
1571 2006 166 68 dictum
1687 2006 199 68 cuiquam,
1820 2006 83 68 tam

159 2063 114 67 sit
224 2063 180 67 simplex
355 2063 196 67 fidelis,
502 2063 212 67 occultari
665 2063 196 67 oportet.
812 2063 147 67 Nihil
910 2063 131 67 enim
992 2063 196 67 continet
1139 2063 212 67 pertinens
1302 2063 98 67 ad
1351 2063 163 67 agenda
1466 2063 114 67 vel
1531 2063 212 67 credenda:
1695 2063 98 67 in
1744 2063 163 67 quibus
1842 2063 65 67 ex

156 2111 222 76 superficie
330 2111 174 76 literae
457 2111 174 76 quantum
584 2111 127 76 sibi
663 2111 190 76 sufficit
805 2111 174 76 instrui
932 2111 269 76 quantuncunque
1154 2111 174 76 simplex
1281 2111 111 76 sit
1344 2111 111 76 non
1391 2111 143 76 possit.

185 2178 131 73 Ad
250 2178 305 73 argumentum
489 2178 131 73 in
555 2178 283 73 oppositum
772 2178 131 73 ex
837 2178 196 73 dicto
968 2178 283 73 apostoli:
1185 2178 174 73 quod
1294 2178 152 73 non
1381 2178 218 73 potuit
1533 2178 196 73 loqui
1642 2178 261 73 carnalibus

149 2242 155 64 sicut
252 2242 309 64 spiritualibus:
509 2242 206 64 Dicendum
664 2242 137 64 quod
750 2242 120 64 hoc
818 2242 155 64 verum
921 2242 137 64 est:
1007 2242 120 64 non
1076 2242 137 64 quia
1162 2242 172 64 aliqua
1282 2242 189 64 locutus
1419 2242 120 64 sit
1488 2242 292 64 spiritualibus
1728 2242 137 64 quae
1814 2242 120 64 non

158 2299 155 65 erant
261 2299 189 65 dicenda
398 2299 258 65 carnalibus:
604 2299 120 65 sed
673 2299 137 65 quia
759 2299 172 65 eandem
879 2299 223 65 doctrinam
1051 2299 103 65 ab
1102 2299 137 65 ipso
1188 2299 206 65 vtrisque
1343 2299 155 65 simul
1446 2299 240 65 propositam
1634 2299 206 65 quilibet
1772 2299 120 65 eorum

157 2346 241 66 intellexit
346 2346 207 66 secundum
502 2346 155 66 modum
605 2346 155 66 suum:
708 2346 86 66 &
743 2346 103 66 id
795 2346 138 66 quod
881 2346 207 66 carnalis
1036 2346 259 66 apprehendit
1243 2346 259 66 literaliter
1450 2346 86 66 &
1484 2346 259 66 carnaliter:
1674 2346 224 66 spiritualis

144 2406 266 57 apprehendit
357 2406 319 57 spiritualiter.
623 2406 195 57 Quoniam
765 2406 160 57 sicut
871 2406 160 57 dicit
977 2406 248 57 Augustinus
1172 2406 142 57 Caro
1261 2406 230 57 Christin,
1438 2406 160 57 mors,
1545 2406 89 57 &
1580 2406 195 57 vulnera
1722 2406 124 57 non
1775 2406 124 57 eodem

158 2455 127 59 modo
237 2455 79 59 a
269 2455 238 59 carnalibus:
459 2455 111 59 quo
523 2455 79 59 a
554 2455 270 59 spiritualibus
776 2455 238 59 cogitantur:
967 2455 79 59 &
998 2455 143 59 illis
1093 2455 111 59 lac
1157 2455 127 59 est:
1236 2455 143 59 istis
1331 2455 127 59 vero
1411 2455 159 59 cibus.
1522 2455 127 59 Quod
1601 2455 127 59 etsi
1680 2455 127 59 isti
1759 2455 111 59 non
1823 2455 111 59 au-

161 2512 142 65 diunt
256 2512 189 65 amplius,
398 2512 173 65 amplius
524 2512 142 65 tamen
618 2512 252 65 intelligunt:
823 2512 79 65 &
854 2512 110 65 sic
917 2512 110 65 non
980 2512 221 65 aequaliter
1154 2512 142 65 mente
1248 2512 95 65 ab
1295 2512 110 65 eis
1358 2512 236 65 percipitur:
1547 2512 142 65 etiam
1642 2512 126 65 quod
1721 2512 126 65 fide
1784 2512 110 65 pari-

164 2566 111 63 ter
228 2566 95 63 ab
275 2566 190 63 vtrisque
417 2566 222 63 recipitur.
592 2566 127 63 Inde
671 2566 127 63 enim
750 2566 111 63 est
813 2566 127 63 quod
893 2566 238 63 praedicatus
1083 2566 111 63 est
1146 2566 190 63 Christus
1288 2566 222 63 crucifixus
1463 2566 95 63 ab
1510 2566 222 63 apostolis,
1684 2566 174 63 ludaeis
1795 2566 95 63 quid

162 2617 126 57 dem
234 2617 252 57 scandalum,
432 2617 216 57 gentibus
595 2617 162 57 autem
703 2617 252 57 stultitia:
901 2617 162 57 ipsis
1009 2617 162 57 autem
1118 2617 198 57 vocatis
1262 2617 198 57 ludaeis
1406 2617 90 57 &
1442 2617 198 57 graecis
1586 2617 126 57 dei
1659 2617 180 57 virtus
1785 2617 90 57 &
1803 2617 90 57 dei

151 2668 232 59 sapientia:
334 2668 99 59 vt
383 2668 199 59 dicitur.
532 2668 99 59 i.
582 2668 199 59 Corinth.
731 2668 99 59 i.
781 2668 116 59 Sed
847 2668 232 59 carnalibus
1030 2668 199 59 paruulis
1179 2668 99 59 id
1228 2668 166 59 tantum
1344 2668 199 59 credendo
1493 2668 249 59 tenentibus,
1676 2668 215 59 spirituali-

164 2722 112 72 bus
228 2722 256 72 capacioribus
436 2722 96 72 id
484 2722 144 72 etiam
580 2722 256 72 intelligendo
788 2722 256 72 cernentibus.
996 2722 144 72 Illis
1091 2722 128 72 ergo
1171 2722 128 72 erat
1251 2722 176 72 tanquam
1379 2722 176 72 lacteus
1507 2722 160 72 potus:
1619 2722 144 72 istis
1715 2722 176 72 tanquam
1827 2722 64 72 so

160 2780 147 60 lidus
258 2780 164 60 cibus:
372 2780 115 60 non
438 2780 131 60 quia
520 2780 131 60 isti
602 2780 115 60 hoc
667 2780 164 60 aliter
782 2780 98 60 in
831 2780 196 60 populis:
978 2780 131 60 illi
1060 2780 164 60 aliter
1175 2780 98 60 in
1224 2780 213 60 cubilibus
1387 2780 262 60 cognouerunt:
1600 2780 115 60 sed
1666 2780 131 60 quod
1748 2780 147 60 eodem
1830 2780 65 60 mo

162 2836 107 66 do
216 2836 214 66 vtrisque
376 2836 125 66 cum
448 2836 161 66 palam
555 2836 232 66 diceretur
733 2836 250 66 audiebant,
929 2836 125 66 pro
1001 2836 125 66 suo
1072 2836 143 66 modo
1161 2836 178 66 quique
1286 2836 250 66 capiebant.
1483 2836 125 66 Hoc
1554 2836 178 66 igitur
1679 2836 196 66 cognito
1804 2836 89 66 se-

157 2887 174 56 cundum
278 2887 139 56 quod
365 2887 226 56 concludit
539 2887 244 56 Augustinus
731 2887 157 56 nulla
835 2887 191 56 videtur
975 2887 139 56 esse
1062 2887 261 56 necessitas:
1270 2887 104 56 vt
1323 2887 174 56 aliqua
1444 2887 191 56 secreta
1584 2887 226 56 doctrinae
1740 2887 157 56 docean-

156 2943 143 58 tur,
246 2943 89 58 &
281 2943 286 58 abscondantur
514 2943 233 58 fidelibus
693 2943 89 58 &
728 2943 233 58 paruulis,
907 2943 197 58 seorsum
1050 2943 197 58 dicenda
1193 2943 250 58 maioribus.
1390 2943 107 58 Et
1444 2943 143 58 ideo
1533 2943 215 58 fatendum
1694 2943 143 58 quod
1766 2943 125 58 dixit

162 2993 237 61 Apostolus.
349 2993 119 61 Non
416 2993 153 61 potui
518 2993 153 61 vobis
620 2993 153 61 loqui
721 2993 153 61 quasi
823 2993 305 61 spiritualibus:
1077 2993 119 61 sed
1145 2993 153 61 quasi
1247 2993 254 61 carnalibus,
1450 2993 136 61 quia
1535 2993 119 61 hoc
1603 2993 170 61 ipsum:
1721 2993 136 61 quod
1806 2993 119 61 non

163 3049 230 56 iudicauit
340 3049 106 56 se
393 3049 159 56 scire
499 3049 141 56 nisi
587 3049 159 56 lesum
693 3049 230 56 Christum,
870 3049 88 56 &
905 3049 141 56 hunc
993 3049 265 56 crucifixum:
1205 3049 159 56 ipsis
1311 3049 124 56 non
1382 3049 177 56 potuit
1505 3049 159 56 loqui
1611 3049 159 56 quasi
1700 3049 194 56 spiritua-

149 3099 162 62 libus:
262 3099 130 62 quia
344 3099 97 62 id
392 3099 146 62 sicut
490 3099 244 62 spirituales
685 3099 162 62 capere
798 3099 114 62 non
863 3099 211 62 valebant.
1026 3099 211 62 Quicunque
1188 3099 146 62 autem
1286 3099 146 62 inter
1383 3099 114 62 eos
1448 3099 244 62 spirituales
1643 3099 162 62 erant,
1757 3099 97 62 id
1806 3099 130 62 quod

148 3156 133 63 illi
232 3156 183 63 tanquam
365 3156 200 63 carnales
515 3156 233 63 audiebant,
699 3156 233 63 spirituali
882 3156 283 63 intelligentia
1115 3156 233 63 capiebant.
1299 3156 100 63 Vt
1349 3156 117 63 sic
1415 3156 267 63 intelligatur
1632 3156 167 63 dictum
1749 3156 133 63 quod
1816 3156 83 63 ait

160 3216 172 67 Apost.
280 3216 120 67 Non
349 3216 155 67 potui
452 3216 155 67 vobis
556 3216 155 67 loqui
659 3216 155 67 quasi
762 3216 310 67 spiritualibus,
1020 3216 155 67 quasi
1124 3216 172 67 dicat:
1244 3216 120 67 non
1313 3216 224 67 potuistis
1485 3216 155 67 quasi
1588 3216 258 67 spirituales
1778 3216 120 67 reci
