2334 3779
405 301 122 89 cit
474 301 210 89 virginem
632 301 192 89 parere:
772 301 87 89 &
807 301 175 89 illius
929 301 140 89 quae
1016 301 157 89 dicit
1121 301 192 89 diuinam
1261 301 192 89 naturam
1401 301 157 89 vniri
1506 301 192 89 humanae
1646 301 192 89 naturae
1785 301 105 89 in
1838 301 192 89 vnitate
1978 301 227 89 personae.

413 374 84 65 â‹
447 374 101 65 Ad
498 374 186 65 tertium
633 374 135 65 quod
717 374 219 65 infidelis
886 374 169 65 posset
1004 374 135 65 hanc
1088 374 219 65 scientiam
1257 374 203 65 discere:
1409 374 203 65 Dicendum
1561 374 135 65 quod
1646 374 101 65 ad
1696 374 219 65 perfectam
1865 374 203 65 notitiam
2000 374 169 65 intelle-

416 422 141 67 ctus
504 422 141 67 quam
592 422 193 67 quaerit
733 422 193 67 discens
873 422 105 67 de
926 422 123 67 re:
996 422 123 67 duo
1067 422 176 67 debent
1190 422 264 67 concurrere.
1401 422 141 67 Vnum
1489 422 123 67 est
1559 422 211 67 assensus
1717 422 246 67 veritatis.
1910 422 193 67 Alterum
2051 422 123 67 est
2104 422 70 67 iu

415 480 168 64 dicium
533 480 101 64 de
583 480 101 64 eo
633 480 134 64 quod
717 480 151 64 verum
817 480 134 64 esse
901 480 201 64 asserit.
1052 480 117 64 Hoc
1119 480 201 64 secundum
1270 480 117 64 non
1337 480 168 64 potest
1454 480 134 64 esse
1538 480 134 64 sine
1622 480 251 64 perceptione
1823 480 218 64 veritatis
1991 480 101 64 ex
2041 480 117 64 rei
2091 480 84 64 vel

415 530 209 67 rationis
572 530 244 67 euidentia:
763 530 209 67 secundum
920 530 140 67 quod
1008 530 192 67 dicitur
1147 530 105 67 in
1200 530 227 67 principio
1374 530 192 67 Ethico.
1514 530 262 67 Vnusquisque
1723 530 140 67 bene
1810 530 192 67 iudicat
1950 530 140 67 quae
2037 530 157 67 cogno

407 594 147 56 scit.
505 594 164 56 Primum
620 594 147 56 autem
718 594 131 56 bene
800 594 164 56 potest
915 594 131 56 esse
997 594 131 56 fine
1078 594 180 56 secundo
1210 594 82 56 &
1242 594 131 56 sine
1324 594 131 56 omni
1406 594 246 56 perceptione
1603 594 213 56 veritatis
1767 594 213 56 euidenti.
1931 594 197 56 Assentit
2062 594 98 56 enim

409 638 254 64 intellectus
612 638 220 64 aliquando
782 638 203 64 veritati
934 638 186 64 propter
1070 638 271 64 auctoritatem
1290 638 203 64 dicentis
1443 638 85 64 &
1476 638 271 64 attestantis:
1697 638 152 64 licet
1798 638 119 64 eam
1866 638 102 64 ex
1917 638 220 64 euidentia
2069 638 102 64 omni

412 692 110 68 no
467 692 128 68 non
540 692 256 68 percipiat.
741 692 220 68 Secundum
906 692 146 68 quem
997 692 165 68 modum
1107 692 275 68 consentimus
1327 692 128 68 eis
1400 692 92 68 &
1437 692 238 68 asserimus
1620 692 201 68 tanquam
1766 692 146 68 vera
1858 692 146 68 quae
1931 692 238 68 cognoscimus

417 745 99 75 ex
466 745 214 75 historiis
630 745 132 75 quas
713 745 164 75 aliqua
828 745 247 75 auctoritate
1025 745 181 75 constat
1157 745 132 75 esse
1239 745 263 75 conscriptas.
1452 745 82 75 &
1485 745 115 75 est
1551 745 148 75 talis
1650 745 181 75 notitia
1781 745 197 75 fidelium
1929 745 99 75 de
1979 745 115 75 his
2044 745 132 75 quae
2110 745 66 75 te

418 799 130 69 nent
499 799 130 69 esse
580 799 130 69 vera
661 799 130 69 solo
742 799 162 69 lumine
856 799 162 69 fidei.
969 799 130 69 vnde
1050 799 114 69 est
1115 799 178 69 notitia
1245 799 146 69 quasi
1342 799 97 69 ex
1391 799 162 69 auditu
1504 799 130 69 sine
1585 799 162 69 aliqua
1699 799 243 69 perceptione
1893 799 211 69 veritatis
2055 799 97 69 ex
2088 799 81 69 eui

412 856 169 68 dentia
530 856 118 68 rei
598 856 118 68 aut
665 856 219 68 rationis:
834 856 152 68 quare
936 856 118 68 nec
1003 856 186 68 proprie
1138 856 186 68 meretur
1273 856 135 68 dici
1358 856 203 68 notitia:
1510 856 101 68 vt
1560 856 186 68 habitum
1695 856 118 68 est
1763 856 169 68 supra.
1881 856 118 68 Est
1949 856 135 68 enim
2033 856 169 68 quodam

411 907 140 71 modo
499 907 158 71 talis
604 907 175 71 qualem
727 907 158 71 habet
833 907 175 71 caecus
955 907 105 71 de
1008 907 246 71 coloribus:
1201 907 211 71 credendo
1359 907 105 71 ea
1412 907 140 71 quae
1499 907 211 71 videntes
1657 907 140 71 quos
1745 907 193 71 veraces
1885 907 140 71 esse
1973 907 193 71 sciuit,
2096 907 70 71 de

418 959 223 66 coloribus
589 959 103 66 ei
641 959 257 66 attestantur
847 959 137 66 esse
933 959 154 66 vera:
1036 959 172 66 quorum
1156 959 206 66 notitiam
1310 959 103 66 ex
1362 959 137 66 solo
1447 959 189 66 auditu,
1585 959 154 66 nullo
1688 959 154 66 autem
1791 959 137 66 modo
1876 959 103 66 ex
1928 959 154 66 rerum
2014 959 154 66 euiden-

419 1013 113 68 tia
483 1013 161 68 capere
596 1013 178 68 potest.
726 1013 113 68 Nec
790 1013 291 68 inconuenienter
1032 1013 226 68 comparatur
1210 1013 178 68 fidelis
1339 1013 97 68 in
1388 1013 242 68 cognoscendo
1582 1013 161 68 diuina
1695 1013 81 68 &
1727 1013 307 68 intellectualia:
1985 1013 145 68 caeco
2082 1013 97 68 in
2114 1013 65 68 co

419 1068 223 76 gnoscendo
590 1068 206 76 colores:
744 1068 188 76 quoniam
881 1068 103 76 in
933 1068 223 76 sentiendo
1104 1068 240 76 corporalia
1292 1068 137 76 post
1378 1068 206 76 peccatum
1532 1068 171 76 oculus
1652 1068 171 76 carnis
1772 1068 206 76 remansit
1926 1068 188 76 clarus:
2063 1068 103 76 in
2097 1068 69 76 co

413 1123 229 73 gnoscendo
589 1123 158 73 autem
695 1123 317 73 intellectualia
959 1123 176 73 oculus
1082 1123 211 73 rationis
1240 1123 176 73 factus
1363 1123 123 73 est
1433 1123 193 73 lippus:
1574 1123 106 73 in
1627 1123 264 73 cognoscendo
1838 1123 141 73 vero
1926 1123 176 73 diuina
2049 1123 88 73 &
2084 1123 123 73 in-

429 1171 263 69 tellectualia
642 1171 165 69 omnino
758 1171 115 69 est
824 1171 247 69 excaecatus.
1021 1171 181 69 Differt
1153 1171 148 69 tamen
1251 1171 99 69 in
1301 1171 132 69 hoc,
1383 1171 132 69 quod
1465 1171 165 69 caecus
1581 1171 115 69 nec
1646 1171 197 69 terminos
1794 1171 214 69 cognoscit
1959 1171 115 69 cum
2008 1171 165 69 disputat

422 1234 119 63 vel
490 1234 153 63 audit
592 1234 220 63 disputare
761 1234 102 63 de
812 1234 237 63 coloribus:
999 1234 85 63 &
1033 1234 136 63 sola
1117 1234 254 63 credulitate
1321 1234 102 63 ex
1372 1234 153 63 puris
1474 1234 254 63 naturalibus
1677 1234 102 63 de
1728 1234 220 63 coloribus
1898 1234 204 63 alterius
2033 1234 136 63 testi-

426 1280 147 72 monio
524 1280 245 72 acquiescit:
720 1280 180 72 fidelis
851 1280 147 72 autem
949 1280 229 72 necessario
1129 1280 196 72 terminos
1276 1280 245 72 credibilium
1473 1280 213 72 cognoscit
1636 1280 196 72 antequam
1783 1280 262 72 complexiones
1996 1280 180 72 credat:
2111 1280 65 72 vt

429 1334 170 65 dictum
548 1334 119 65 est
616 1334 170 65 supra:
736 1334 85 65 &
770 1334 119 65 non
838 1334 239 65 acquiescit
1026 1334 119 65 eis
1094 1334 136 65 quae
1179 1334 136 65 sunt
1264 1334 153 65 fidei
1367 1334 222 65 credendo,
1537 1334 136 65 nisi
1622 1334 119 65 per
1691 1334 188 65 aliquem
1827 1334 188 65 habitum
1963 1334 205 65 infusum.
2117 1334 102 65 Vn

422 1389 103 64 de
473 1389 206 64 scientia
628 1389 206 64 caecorum
783 1389 103 64 de
835 1389 241 64 coloribus,
1024 1389 189 64 vocalis
1161 1389 120 64 est
1230 1389 189 64 tantum:
1368 1389 138 64 quia
1454 1389 120 64 eam
1522 1389 172 64 habent
1643 1389 103 64 ex
1694 1389 155 64 solis
1798 1389 155 64 rerum
1901 1389 224 64 nominibus
2073 1389 138 64 quae

427 1448 263 57 intelligunt:
640 1448 181 57 quamuis
771 1448 115 57 res
837 1448 263 57 significatas
1051 1448 115 57 per
1116 1448 148 57 ipsas
1215 1448 164 57 omnino
1330 1448 115 57 non
1395 1448 246 57 percipiunt.
1592 1448 131 57 Vnde
1674 1448 164 57 caecus
1789 1448 115 57 per
1855 1448 181 57 auditum
1970 1448 197 57 instructus

418 1501 102 71 de
469 1501 222 71 vocabulis
640 1501 188 71 colorum
776 1501 256 71 syllogizare
981 1501 188 71 potest:
1118 1501 85 71 &
1152 1501 154 71 multa
1254 1501 137 71 vera
1340 1501 171 71 dicere
1459 1501 154 71 circa
1562 1501 188 71 colores
1698 1501 137 71 quae
1783 1501 171 71 omnino
1903 1501 119 71 non
1954 1501 222 71 intelligit.

426 1554 195 67 Scientia
572 1554 130 67 vero
654 1554 195 67 fidelium
800 1554 98 67 de
849 1554 114 67 eis
914 1554 130 67 quae
995 1554 130 67 sunt
1077 1554 163 67 fidei:
1190 1554 114 67 non
1256 1554 163 67 tantum
1369 1554 179 67 vocalis
1500 1554 130 67 est:
1581 1554 114 67 sed
1646 1554 81 67 &
1679 1554 179 67 realis:
1809 1554 130 67 quia
1890 1554 244 67 complexorum
2069 1554 114 67 signi

422 1609 169 64 ficata
540 1609 270 64 intelligunt:
760 1609 152 64 licet
861 1609 101 64 ex
912 1609 219 64 euidentia
1081 1609 219 64 veritatem
1249 1609 270 64 complexionum
1469 1609 101 64 de
1520 1609 219 64 articulis
1688 1609 152 64 fidei
1790 1609 118 64 non
1857 1609 203 64 capiunt.
2009 1609 135 64 Bene
2077 1609 101 64 enim

426 1664 233 67 intelligunt
613 1664 124 67 quid
690 1664 140 67 tres:
783 1664 124 67 quid
861 1664 171 67 trinus:
985 1664 124 67 quid
1062 1664 140 67 vnus:
1155 1664 140 67 licet
1248 1664 109 67 non
1311 1664 171 67 capiunt
1435 1664 233 67 intellectu:
1621 1664 109 67 sed
1683 1664 124 67 sola
1760 1664 124 67 fide
1838 1664 171 67 tenent:
1962 1664 124 67 quod
2039 1664 124 67 deus
2101 1664 78 67 sit

423 1725 166 52 trinus
539 1725 83 52 &
573 1725 149 52 vnus.
672 1725 133 52 Vnde
755 1725 83 52 &
788 1725 99 52 in
838 1725 116 52 hac
904 1725 182 52 notitia
1037 1725 216 52 differunt
1203 1725 182 52 fidelis
1335 1725 83 52 &
1369 1725 232 52 infidelis:
1551 1725 133 52 quia
1634 1725 216 52 infidelis
1800 1725 149 52 sicut
1899 1725 182 52 fidelis
2015 1725 166 52 signifi-

437 1765 122 65 cata
513 1765 213 65 terminorum
681 1765 259 65 incomplexorum
894 1765 152 65 capit:
1001 1765 107 65 sed
1062 1765 122 65 ille
1138 1765 183 65 veritati
1275 1765 244 65 complexionis
1473 1765 244 65 contradicit.
1671 1765 122 65 Scit
1747 1765 122 65 enim
1824 1765 198 65 infidelis
1976 1765 122 65 quid
2052 1765 107 65 sit
2098 1765 76 65 vir

435 1825 104 68 go,
494 1825 74 68 &
524 1825 119 68 quid
598 1825 163 68 parere:
717 1825 133 68 licet
806 1825 178 68 veritati
939 1825 133 68 huius
1028 1825 237 68 complexionis
1221 1825 104 68 qua
1280 1825 163 68 dicitur
1399 1825 119 68 quod
1473 1825 133 68 virgo
1562 1825 178 68 peperit,
1696 1825 148 68 omnino
1799 1825 104 68 non
1859 1825 208 68 consentit:
2022 1825 104 68 sed
2081 1825 89 68 ei
2111 1825 74 68 con

436 1878 218 65 tradicit:
604 1878 118 65 cui
671 1878 218 65 consentit
840 1878 202 65 fidelis.
991 1878 134 65 Vnde
1075 1878 101 65 de
1125 1878 118 65 quo
1192 1878 185 65 fidelis
1327 1878 151 65 habet
1428 1878 202 65 notitiam
1579 1878 252 65 intellectus
1781 1878 202 65 veritati
1932 1878 134 65 tali
1999 1878 185 65 assentien

440 1930 104 62 do
492 1930 122 62 per
561 1930 174 62 fidem,
683 1930 226 62 infidelis
856 1930 156 62 solum
961 1930 156 62 habet
1065 1930 208 62 notitiam
1221 1930 278 62 imaginatiam:
1447 1930 174 62 qualem
1568 1930 191 62 habemus
1707 1930 104 62 de
1759 1930 156 62 monte
1863 1930 174 62 aureo.
1985 1930 156 62 Sicut
2072 1930 104 62 enim

425 1987 299 63 intelligendo
668 1987 224 63 rationem
836 1987 205 63 montis,
986 1987 93 63 &
1023 1987 224 63 rationem
1191 1987 168 63 auri,
1303 1987 299 63 imaginatione
1546 1987 261 63 componente
1751 1987 205 63 extrema
1901 1987 261 63 imaginamur
2088 1987 93 63 mon

434 2038 119 69 tem
502 2038 187 69 aureum:
638 2038 221 69 Similiter
807 2038 136 69 ipse
892 2038 272 69 intelligendo
1113 2038 136 69 quid
1198 2038 170 69 virgo,
1317 2038 136 69 quid
1401 2038 187 69 parere,
1537 2038 272 69 imaginatione
1758 2038 221 69 composite
1927 2038 187 69 extrema
2046 2038 136 69 imagi-

436 2084 156 63 natur
540 2084 208 63 virginem
696 2084 191 63 parere:
835 2084 122 63 cui
905 2084 156 63 tamen
1009 2084 156 63 nullo
1113 2084 139 63 modo
1200 2084 226 63 assentit:
1374 2084 87 63 &
1409 2084 139 63 ideo
1495 2084 122 63 nec
1565 2084 243 63 intelligit
1756 2084 191 63 omnino.
1895 2084 104 63 Et
1947 2084 122 63 sic
1999 2084 174 63 dicendum

435 2145 126 65 quod
514 2145 126 65 sine
593 2145 126 65 fide
671 2145 189 65 notitiam
813 2145 236 65 imaginariam
1001 2145 157 65 potest
1112 2145 204 65 infidelis
1269 2145 157 65 habere
1379 2145 94 65 de
1426 2145 110 65 eis
1489 2145 126 65 quae
1568 2145 126 65 sunt
1646 2145 142 65 huius
1741 2145 220 65 scientiae,
1914 2145 157 65 maxime
2024 2145 126 65 quae
2087 2145 94 65 sunt

435 2198 304 70 supernaturalia:
691 2198 160 70 nullam
803 2198 144 70 autem
899 2198 160 70 omnino
1011 2198 240 70 cognitionem
1203 2198 256 70 intellectus.
1412 2198 112 70 Sed
1476 2198 128 70 quia
1556 2198 176 70 fidelis
1684 2198 192 70 antequam
1828 2198 192 70 complexa
1972 2198 160 70 potest
2068 2198 112 70 crede

428 2262 112 58 re:
492 2262 175 58 oportet
619 2262 128 58 quod
699 2262 144 58 prius
795 2262 223 58 intelligat
970 2262 239 58 incomplexa:
1162 2262 128 58 quae
1242 2262 239 58 intelligere
1433 2262 112 58 non
1497 2262 160 58 potest
1609 2262 144 58 prius
1704 2262 128 58 quam
1784 2262 96 58 ea
1832 2262 175 58 credat:
1960 2262 112 58 Sic
2023 2262 160 58 quodam
2119 2262 64 58 mo

433 2311 100 65 do
483 2311 150 65 verum
583 2311 117 65 est
650 2311 183 65 dicere:
783 2311 216 65 intellige
949 2311 100 65 vt
999 2311 183 65 credas:
1132 2311 83 65 &
1166 2311 166 65 quodam
1282 2311 133 65 modo
1365 2311 150 65 verum
1465 2311 117 65 est
1532 2311 183 65 dicere,
1665 2311 150 65 crede
1765 2311 100 65 vt
1815 2311 250 65 intelligas.
1998 2311 183 65 Intellige

441 2364 104 66 re
493 2364 138 66 enim
579 2364 190 66 debemus
717 2364 242 66 incomplexa
907 2364 104 66 vt
959 2364 207 66 credamus
1115 2364 225 66 complexa:
1287 2364 86 66 &
1322 2364 190 66 credere
1460 2364 156 66 prius
1564 2364 225 66 complexa:
1737 2364 104 66 vt
1789 2364 156 66 eadem
1892 2364 173 66 postea
1996 2364 190 66 intelliga

442 2425 117 57 mus.
515 2425 88 57 Et
559 2425 117 57 ideo
632 2425 131 57 dicit
720 2425 204 57 Augustinus
880 2425 88 57 de
924 2425 146 57 verbis
1026 2425 190 57 Apostoli.
1172 2425 117 57 ser.
1245 2425 131 57 xxvi.
1332 2425 190 57 Intellige
1478 2425 88 57 vt
1522 2425 160 57 credas,
1638 2425 73 57 &
1668 2425 131 57 crede
1755 2425 88 57 vt
1799 2425 219 57 intelligas.
1974 2425 175 57 Breuiter
2090 2425 88 57 dico

441 2466 171 67 quomodo
566 2466 187 67 vtrumque
706 2466 125 67 sine
784 2466 249 67 controuersia
986 2466 218 67 accipimus.
1158 2466 202 67 Intellige
1313 2466 93 67 vt
1360 2466 156 67 credas
1469 2466 156 67 verbum
1578 2466 140 67 meum:
1671 2466 140 67 crede
1765 2466 93 67 vt
1811 2466 218 67 intelligas
1983 2466 156 67 verbum
2092 2466 125 67 dei.

770 2519 120 68 Irca
845 2519 165 68 quartum
965 2519 195 68 arguitur:
1115 2519 120 68 quod
1190 2519 90 68 ad
1235 2519 135 68 istam
1325 2519 195 68 scientiam
1475 2519 195 68 discendam
1624 2519 105 68 non
1684 2519 180 68 sufficit
1819 2519 135 68 lumen
1909 2519 150 68 fidei.
2014 2519 135 68 Primo
2089 2519 90 68 sic.

780 2575 164 61 quoniam
899 2575 89 61 si
944 2575 119 61 solo
1019 2575 134 61 lumie
1108 2575 134 61 fidei
1197 2575 238 61 sufficienter
1391 2575 134 61 disci
1481 2575 164 61 posset,
1600 2575 119 61 ergo
1674 2575 119 61 plus
1749 2575 164 61 pollens
1868 2575 119 61 fide
1943 2575 119 61 plus
2002 2575 179 61 proficeret

784 2628 183 62 discendo
921 2628 122 62 hanc
997 2628 214 62 scientiam:
1165 2628 122 62 quia
1241 2628 153 62 posita
1348 2628 137 62 causa
1440 2628 168 62 necesse
1562 2628 107 62 est
1623 2628 122 62 poni
1699 2628 198 62 effectum.
1851 2628 214 62 Consequens
2019 2628 153 62 falsum
2111 2628 76 62 est

787 2682 155 74 secundum
903 2682 181 74 Augustinus
1045 2682 129 74 xiiii.
1136 2682 77 74 de
1174 2682 103 74 Tri.
1239 2682 155 74 capitulo
1355 2682 77 74 i.
1394 2682 103 74 ergo
1458 2682 90 74 &c.
1510 2682 65 74 â‹
1536 2682 77 74 In
1574 2682 168 74 oppositum
1703 2682 142 74 videtur
1807 2682 103 74 esse
1871 2682 181 74 Augustinus
2013 2682 90 74 qui
2065 2682 116 74 dicit
2129 2682 52 74 de

789 2734 195 65 doctrina
935 2734 227 65 christiana
1114 2734 114 65 ii.
1179 2734 146 65 Sacra
1276 2734 211 65 scriptura
1439 2734 114 65 non
1504 2734 179 65 asserit
1634 2734 130 65 nisi
1715 2734 162 65 fidem.
1829 2734 146 65 nihil
1926 2734 146 65 autem
2007 2734 179 65 discendum

773 2791 95 56 in
821 2791 190 56 scientia
963 2791 126 56 nisi
1042 2791 126 56 quod
1121 2791 190 56 asserit.
1263 2791 126 56 ergo
1342 2791 95 56 in
1390 2791 111 56 hac
1453 2791 190 56 scientia
1595 2791 142 56 nihil
1690 2791 205 56 discendum
1848 2791 111 56 est
1911 2791 126 56 nisi
1990 2791 158 56 fides.
2085 2791 95 56 illa

753 2840 215 75 discitur
914 2840 143 75 solo
1004 2840 179 75 lumine
1129 2840 179 75 fidei.
1254 2840 143 75 ergo
1326 2840 89 75 &c.

434 2898 96 74 â‹
472 2898 230 74 Dicendum
644 2898 115 74 ad
702 2898 153 74 hoc:
797 2898 153 74 quod
893 2898 153 74 ista
989 2898 230 74 scientia
1161 2898 134 74 cum
1237 2898 134 74 sit
1314 2898 191 74 homini
1448 2898 115 74 de
1505 2898 287 74 necessitate
1735 2898 230 74 salutis,
1907 2898 134 74 est
1984 2898 115 74 ei
2022 2898 172 74 necessa

444 2966 123 65 ria:
520 2966 107 65 non
582 2966 138 65 solum
674 2966 107 65 eam
735 2966 107 65 sic
796 2966 184 65 recipere
934 2966 92 65 vt
980 2966 184 65 veritati
1118 2966 230 65 credibilium
1302 2966 215 65 assentiat:
1471 2966 107 65 sed
1532 2966 138 65 etiam
1624 2966 107 65 sic
1685 2966 107 65 eam
1747 2966 215 65 percipere:
1915 2966 92 65 vt
1961 2966 199 65 veritatem
2099 2966 92 65 cre-

455 3015 186 56 dibilium
594 3015 124 56 piis
671 3015 217 56 opitulari:
841 3015 77 56 &
872 3015 155 56 contra
980 3015 155 56 impios
1089 3015 93 56 ab
1135 3015 124 56 omni
1212 3015 201 56 falsitate
1367 3015 201 56 defensare
1522 3015 155 56 sciat.
1630 3015 155 56 Primum
1738 3015 232 56 necessarium
1924 3015 108 56 est
1986 3015 201 56 cuilibet.
2125 3015 62 56 Se

438 3066 152 59 cundum
544 3066 106 59 est
605 3066 228 59 necessarium
787 3066 137 59 solum
878 3066 197 59 maioribus
1030 3066 76 59 &
1060 3066 243 59 superioribus
1258 3066 91 59 in
1303 3066 197 59 ecclesia:
1455 3066 91 59 vt
1501 3066 152 59 dictum
1607 3066 106 59 est
1668 3066 137 59 supra
1759 3066 91 59 de
1804 3066 182 59 auditore
1941 3066 137 59 huius
2017 3066 167 59 scientiae

454 3126 126 60 nisi
533 3126 126 60 enim
611 3126 110 60 per
674 3126 173 60 maiores
800 3126 126 60 piis
878 3126 220 60 credibilia
1051 3126 251 60 exponerentur
1255 3126 78 60 &
1286 3126 251 60 suaderentur:
1490 3126 94 60 ac
1537 3126 157 60 contra
1647 3126 235 60 aduersarios
1836 3126 267 60 defenderetur:
2055 3126 94 60 de
2087 3126 94 60 faci

442 3178 88 61 li
486 3178 74 61 a
516 3178 177 61 cordibus
648 3178 206 61 infirmorum
810 3178 132 61 fides
899 3178 280 61 periclitaretur.
1134 3178 118 61 Vnde
1208 3178 147 61 diuina
1311 3178 191 61 sapientia
1458 3178 118 61 quae
1532 3178 132 61 clara
1620 3178 162 61 notitia
1738 3178 177 61 visionis
1870 3178 88 61 ex
1914 3178 191 61 euidentia
2062 3178 132 61 rerum
2135 3178 59 61 no

446 3233 125 79 uit
518 3233 107 79 ea
571 3233 143 79 quae
660 3233 143 79 sunt
749 3233 232 79 credenda:
928 3233 89 79 &
963 3233 196 79 quomodo
1106 3233 143 79 piis
1195 3233 178 79 debent
1320 3233 250 79 opitulari:
1516 3233 89 79 &
1552 3233 196 79 quomodo
1695 3233 178 79 contra
1819 3233 268 79 aduersarios
2033 3233 196 79 defendi
