2388 3748
1613 230 327 65 X

181 284 193 88 possunt
322 284 106 88 ab
375 284 141 88 omni
463 284 246 88 falsitate,
656 284 158 88 iuxta
762 284 123 88 duo
832 284 158 88 opera
938 284 246 88 sapientis:
1131 284 141 88 quae
1219 284 158 88 sunt:
1324 284 123 88 non
1395 284 193 88 mentiri
1536 284 106 88 de
1588 284 176 88 quibus
1711 284 176 88 nouit:
1834 284 88 88 &
1852 284 88 88 men

185 350 196 69 tientem
327 350 160 69 posse
434 350 285 69 manifestare:
665 350 107 69 ea
719 350 249 69 dupliciter
914 350 178 69 homini
1039 350 196 69 dignata
1181 350 124 69 est
1252 350 231 69 reuelare:
1430 350 89 69 &
1466 350 160 69 ipsum
1572 350 107 69 in
1626 350 178 69 eisdem
1732 350 196 69 sapientem

183 393 151 77 posse
284 393 185 77 facere.
418 393 118 77 vno
486 393 218 77 videlicet
653 393 134 77 modo
737 393 218 77 veritates
905 393 252 77 credibilium
1107 393 168 77 homini
1225 393 235 77 indicando:
1409 393 101 77 ne
1460 393 168 77 omnino
1577 393 101 77 in
1628 393 118 77 eis
1695 393 218 77 mentiatur
1846 393 84 77 ap-

178 458 261 72 prehendendo
386 458 243 72 credibile,
577 458 156 72 sicut
681 458 122 72 est
751 458 104 72 in
803 458 122 72 rei
872 458 226 72 veritate.
1046 458 191 72 Secundo
1185 458 139 72 modo
1272 458 226 72 veritates
1446 458 261 72 credibilium
1654 458 278 72 dilucidando:
1863 458 69 72 ne

184 512 100 61 in
234 512 116 61 eis
301 512 133 61 vllo
384 512 133 61 modo
467 512 199 61 vacillet
616 512 100 61 ea
666 512 150 61 aliis
766 512 216 61 suadendo:
932 512 83 61 &
965 512 166 61 contra
1082 512 150 61 alios
1181 512 249 61 defendendo.
1381 512 100 61 Ad
1431 512 199 61 sciendum
1580 512 233 61 credibilia
1763 512 133 61 quae
1829 512 100 61 sunt

181 555 166 80 huius
291 555 240 80 scientiae
476 555 166 80 primo
587 555 148 80 modo
680 555 92 80 &
717 555 111 80 ad
772 555 129 80 eam
846 555 277 80 addiscendam
1068 555 222 80 sufficit
1235 555 166 80 solum
1346 555 166 80 lumen
1457 555 185 80 fidei:
1586 555 148 80 quia
1679 555 129 80 sic
1734 555 185 80 sciuntur

193 621 204 64 credendo
346 621 170 64 solum.
464 621 102 64 Ad
515 621 204 64 sciendum
668 621 136 64 vero
753 621 102 64 ea
804 621 187 64 secundo
939 621 153 64 modo:
1041 621 85 64 &
1075 621 102 64 ad
1126 621 119 64 sic
1194 621 254 64 addiscendum
1397 621 136 64 hanc
1482 621 237 64 scientiam,
1669 621 237 64 necessario
1838 621 85 64 re-

184 672 204 67 quiritur
337 672 255 67 illustratio
541 672 170 67 aliqua
660 672 204 67 superior
813 672 289 67 illustratione
1051 672 170 67 fidei:
1170 672 136 67 quia
1255 672 119 67 hoc
1323 672 136 67 modo
1408 672 204 67 sciuntur
1561 672 119 67 non
1629 672 153 67 solum
1731 672 221 67 credendo:

185 728 118 63 sed
253 728 85 63 &
287 728 186 63 credita
422 728 288 63 intelligendo.
659 728 101 63 vt
709 728 152 63 infra
811 728 237 63 videbitur.
997 728 101 63 Et
1048 728 152 63 sicut
1149 728 169 63 primum
1267 728 118 63 fit
1335 728 254 63 auctoritate
1538 728 237 63 scripturae
1707 728 220 63 acquiescen-

188 773 107 71 do
242 773 231 71 adiutorio
419 773 195 71 luminis
561 773 178 71 fidei:
685 773 124 71 sic
756 773 124 71 sit
827 773 213 71 secundum
987 773 231 71 veritatem
1165 773 249 71 scriptorum
1360 773 266 71 percipiendo
1573 773 231 71 adiutorio
1733 773 178 71 alicuius

178 825 284 77 illustrationis
415 825 237 77 superioris.
605 825 95 77 de
652 825 111 77 qua
715 825 142 77 dicit
810 825 221 77 Augustinus
983 825 158 77 contra
1094 825 205 77 epistolam
1252 825 237 77 fundamenti.
1441 825 126 77 Quod
1520 825 189 77 credimus
1662 825 237 77 intelligere
1836 825 79 77 me-

181 883 195 60 reamur:
323 883 124 60 non
394 883 124 60 iam
465 883 231 60 hominibus
643 883 124 60 sed
714 883 142 60 ipso
802 883 124 60 deo
873 883 266 60 intrinsecus
1086 883 177 60 mentem
1210 883 195 60 nostram
1352 883 266 60 illustrante
1565 883 160 60 atque
1672 883 231 60 firmante.
1831 883 89 60 Hos

185 935 116 65 duos
257 935 130 65 modos
343 935 159 65 sciendi
459 935 202 65 credibilia
618 935 130 65 huius
705 935 188 65 scientiae
849 935 202 65 distinguit
1008 935 202 65 Augustinus
1167 935 101 65 cum
1225 935 144 65 dicit.
1326 935 144 65 xiiii.
1427 935 87 65 de
1470 935 202 65 trinitate.
1629 935 87 65 c.
1672 935 87 65 i.
1716 935 130 65 Aliud
1802 935 101 65 est
1846 935 72 65 sci

169 993 115 58 re
226 993 269 58 tantummodo
438 993 154 58 quid
534 993 154 58 homo
630 993 211 58 credere
783 993 192 58 debeat
918 993 211 58 propter
1071 993 307 58 adipiscendam
1321 993 173 58 vitam
1436 993 211 58 beatam.
1590 993 173 58 Aliud
1705 993 154 58 vero
1782 993 134 58 scire

185 1048 191 62 quoniam
323 1048 121 62 hoc
393 1048 156 62 ipsum
497 1048 156 62 scire
601 1048 87 62 &
636 1048 139 62 piis
722 1048 260 62 opitulatur:
930 1048 87 62 &
965 1048 173 62 contra
1087 1048 156 62 malos
1191 1048 87 62 &
1225 1048 173 62 impios
1347 1048 260 62 defenditur.
1555 1048 121 62 Qua
1624 1048 208 62 scientia
1780 1048 121 62 non
1832 1048 87 62 pol

177 1092 133 70 lent
260 1092 182 70 fideles
393 1092 199 70 plurimi:
542 1092 182 70 quamuis
675 1092 199 70 polleant
824 1092 133 70 ipsa
907 1092 133 70 fide
990 1092 216 70 plurimum,
1156 1092 133 70 quam
1239 1092 100 70 vt
1289 1092 116 70 ait
1355 1092 149 70 Augu.
1455 1092 182 70 ibidem,
1587 1092 216 70 Apostolus
1737 1092 182 70 scientiam

182 1153 202 58 appellare
338 1153 171 58 videtur
462 1153 109 58 cum
524 1153 155 58 dicit.
632 1153 93 58 i.
679 1153 171 58 Corith.
803 1153 124 58 xii.
880 1153 124 58 Alii
958 1153 155 58 quidem
1066 1153 109 58 per
1128 1153 186 58 spiritum
1268 1153 140 58 datur
1361 1153 140 58 sermo
1454 1153 233 58 sapientiae:
1640 1153 124 58 alii
1717 1153 140 58 sermo
1795 1153 124 58 scien-

178 1208 139 64 tiae:
270 1208 124 64 alii
348 1208 155 64 fides.
456 1208 155 64 Glosid
565 1208 93 64 i.
611 1208 93 64 de
657 1208 170 64 diuinis
781 1208 279 64 intelligentia:
1014 1208 186 64 scientia
1153 1208 93 64 de
1199 1208 186 64 humanis:
1339 1208 139 64 fidei
1432 1208 232 64 constantia.
1617 1208 139 64 Sicut
1710 1208 124 64 ergo
1788 1208 124 64 haec
1850 1208 77 64 con

177 1249 177 70 stantia
306 1249 145 70 fidei
402 1249 129 70 quod
483 1249 113 70 est
547 1249 145 70 donum
643 1249 161 70 gratis
756 1249 161 70 datum,
869 1249 177 70 differt
997 1249 80 70 a
1029 1249 129 70 fide
1110 1249 129 70 quae
1190 1249 113 70 est
1255 1249 177 70 virtus,
1383 1249 97 70 in
1431 1249 97 70 eo
1480 1249 129 70 quod
1560 1249 129 70 ipsa
1641 1249 145 70 datur
1737 1249 129 70 dono
1817 1249 129 70 ali-

176 1313 117 65 quo
243 1313 234 65 superiori:
427 1313 117 65 sic
494 1313 184 65 notitia
628 1313 134 65 quae
712 1313 201 65 scientia
863 1313 117 65 vel
930 1313 218 65 sapientia
1097 1313 117 65 est
1164 1313 151 65 huius
1265 1313 218 65 scientiae
1432 1313 234 65 necessario
1617 1313 184 65 differt
1751 1313 84 65 a
1767 1313 151 65 notitia

182 1363 155 75 fidei:
290 1363 108 75 ita
352 1363 124 75 quod
429 1363 263 75 illustratione
646 1363 155 75 aliqua
755 1363 201 75 superiori
909 1363 139 75 datur
1002 1363 124 75 quam
1080 1363 186 75 habeatur
1219 1363 93 75 ex
1266 1363 170 75 notitia
1389 1363 155 75 fidei:
1498 1363 77 75 &
1529 1363 139 75 scire
1622 1363 124 75 hanc
1699 1363 248 75 intelligendo

175 1420 118 67 eam
242 1420 134 67 tali
326 1420 302 67 illustratione,
578 1420 118 67 hoc
646 1420 118 67 est
713 1420 185 67 proprie
847 1420 151 67 scire
931 1420 101 67 eam.

210 1453 138 90 Per
288 1453 157 90 haec
387 1453 177 90 patet
505 1453 236 90 obiectum
681 1453 118 90 in
740 1453 275 90 oppositum,
957 1453 157 90 quod
1055 1453 157 90 haec
1153 1453 236 90 scientia
1330 1453 138 90 non
1409 1453 216 90 asserit
1566 1453 157 90 nisi
1664 1453 197 90 fidem.
1782 1453 138 90 Dicem

168 1534 111 59 dum
231 1534 127 59 quod
311 1534 142 59 verum
406 1534 127 59 est:
485 1534 127 59 quia
564 1534 111 59 non
627 1534 174 59 asserit
754 1534 127 59 nisi
833 1534 95 59 ea
880 1534 127 59 quae
959 1534 127 59 sunt
1039 1534 158 59 fidei.
1149 1534 111 59 sed
1213 1534 95 59 ea
1260 1534 127 59 quae
1339 1534 127 59 sunt
1418 1534 158 59 fidei,
1529 1534 190 59 cognosci
1672 1534 174 59 possunt
1782 1534 127 59 discer

179 1582 145 76 nendo
276 1582 129 76 quae
356 1582 193 76 credenda
501 1582 145 76 sunt:
598 1582 81 76 &
630 1582 129 76 quae
711 1582 129 76 non.
791 1582 129 76 quod
872 1582 161 76 potest
984 1582 145 76 fieri
1081 1582 129 76 solo
1162 1582 161 76 lumine
1275 1582 161 76 fidei,
1387 1582 113 76 vel
1452 1582 258 76 conspiciendo
1661 1582 177 76 quomodo
1790 1582 97 76 ea
1822 1582 97 76 piis

163 1636 217 99 opitulari
330 1636 184 99 debent:
464 1636 84 99 &
498 1636 167 99 contra
615 1636 167 99 impios
732 1636 234 99 defensari:
916 1636 100 99 ad
966 1636 134 99 quod
1050 1636 234 99 necessario
1233 1636 234 99 requiritur
1417 1636 251 99 illustratio
1618 1636 201 99 superior
1752 1636 167 99 illustra

177 1696 147 85 tione
275 1696 163 85 fidei:
389 1696 147 85 sicut
487 1696 114 85 est
552 1696 196 85 superior
683 1696 179 85 cognitio.

514 1752 130 102 Irca
595 1752 179 102 quintum
726 1752 212 102 arguitur,
889 1752 130 102 quod
970 1752 98 102 ad
1019 1752 196 102 notitiam
1166 1752 147 102 huius
1264 1752 212 102 scientiae
1427 1752 228 102 requiritur
1606 1752 147 102 donum
1704 1752 179 102 gratiae
1818 1752 98 102 gra-

508 1843 118 67 tum
576 1843 236 67 facientis.
761 1843 152 67 Primo
862 1843 135 67 sic.
946 1843 135 67 homo
1030 1843 118 67 non
1098 1843 168 67 potest
1216 1843 219 67 addiscere
1384 1843 135 67 hanc
1468 1843 219 67 scientiam
1637 1843 135 67 nisi
1704 1843 202 67 requiescat

518 1888 98 71 in
567 1888 98 71 eo
615 1888 195 71 spiritus
762 1888 195 71 sanctus.
908 1888 114 71 Sed
973 1888 114 71 non
1038 1888 228 71 requiescit
1217 1888 98 71 in
1266 1888 163 71 aliquo
1379 1888 130 71 nisi
1461 1888 114 71 per
1526 1888 146 71 donum
1623 1888 179 71 gratiae
1753 1888 163 71 gratum
1851 1888 65 71 fa

512 1943 200 65 cientis:
662 1943 133 65 quia
745 1943 133 65 deus
828 1943 200 65 charitas
978 1943 133 65 est.
1061 1943 133 65 ergo
1145 1943 116 65 &c.
1211 1943 200 65 Probatio
1361 1943 183 65 maioris
1494 1943 133 65 est.
1577 1943 233 65 Chrysosto.
1760 1943 150 65 dicit
1843 1943 67 65 su

507 1996 126 71 per
579 1996 162 71 illud
687 1996 180 71 Matth.
812 1996 144 71 vii.
902 1996 108 71 Et
956 1996 126 71 ego
1028 1996 126 71 sum
1100 1996 144 71 homo
1190 1996 198 71 positus
1333 1996 126 71 sub
1405 1996 251 71 potestate.
1603 1996 126 71 Non
1675 1996 144 71 quia
1746 1996 162 71 obscura

500 2049 148 67 sunt
593 2049 130 67 aut
667 2049 223 67 profunda
835 2049 223 67 mysteria
1002 2049 241 67 veritatis
1187 2049 130 67 non
1261 2049 167 67 omnes
1373 2049 111 67 ea
1428 2049 278 67 cognoscunt:
1651 2049 130 67 sed
1725 2049 148 67 quia
1800 2049 111 67 per-

167 2103 146 66 uersa
264 2103 129 66 sunt
345 2103 146 66 corda
442 2103 162 66 eorum:
555 2103 81 66 &
587 2103 113 66 non
652 2103 226 66 requiescit
830 2103 97 66 in
878 2103 113 66 eis
943 2103 194 66 spiritus
1088 2103 226 66 veritatis.
1266 2103 210 66 propterea
1428 2103 129 66 ergo
1509 2103 194 66 spiritus
1654 2103 210 66 veritatis
1800 2103 113 66 fugit

165 2160 96 67 ab
213 2160 128 67 eis,
293 2160 112 67 qui
357 2160 160 67 rectus
469 2160 112 67 est
532 2160 160 67 corde,
644 2160 96 67 vt
692 2160 224 67 requiescat
868 2160 96 67 in
916 2160 96 67 eo
964 2160 192 67 spiritus
1107 2160 224 67 veritatis,
1283 2160 112 67 non
1347 2160 160 67 potest
1459 2160 144 67 longe
1555 2160 128 67 esse
1634 2160 80 67 a
1666 2160 208 67 veritate.
1842 2160 64 67 Se

166 2211 154 69 cundo
268 2211 136 69 sic.
354 2211 239 69 Augustinus
541 2211 102 69 in
592 2211 136 69 ser.
678 2211 171 69 quodam
797 2211 102 69 de
848 2211 119 69 dei
917 2211 171 69 timore
1036 2211 171 69 dicit.
1155 2211 171 69 Multos
1275 2211 222 69 reperimus
1445 2211 341 69 negligentissimos
1718 2211 188 69 iustitiae

170 2263 85 67 &
204 2263 256 67 auidissimos
409 2263 256 67 sapientiae.
614 2263 120 67 Hos
682 2263 154 67 docet
785 2263 171 67 diuina
904 2263 222 67 scriptura
1075 2263 222 67 peruenire
1246 2263 120 67 non
1314 2263 154 67 posse
1417 2263 102 67 ad
1468 2263 102 67 id
1519 2263 137 67 quod
1605 2263 205 67 appetunt
1758 2263 137 67 nisi
1827 2263 85 67 ser

167 2317 136 73 uando
257 2317 121 73 quod
333 2317 211 73 negligunt.
499 2317 136 73 Serua
589 2317 181 73 (inquit)
725 2317 211 73 iustitiam:
891 2317 75 73 &
921 2317 196 73 praebebit
1072 2317 121 73 tibi
1147 2317 151 73 domins
1253 2317 121 73 quam
1328 2317 136 73 cupis
1418 2317 226 73 sapientiam.
1599 2317 106 73 sed
1660 2317 121 73 illa
1735 2317 106 73 non
1780 2317 121 73 potest

166 2370 182 74 seruari
299 2370 133 74 sine
382 2370 133 74 dono
465 2370 166 74 gratum
581 2370 215 74 faciente.
746 2370 133 74 ergo
829 2370 116 74 &c.
929 2370 99 74 In
978 2370 215 74 oppositum
1144 2370 116 74 est
1210 2370 149 74 Glos.
1310 2370 149 74 super
1409 2370 166 74 illud.
1525 2370 99 74 i.
1575 2370 182 74 Corith.
1707 2370 149 74 xiii.
1807 2370 99 74 Si
1840 2370 66 74 no

160 2424 149 83 uero
254 2424 168 83 omnia
366 2424 243 83 mysteria.
553 2424 112 83 vt
609 2424 187 83 dictum
739 2424 131 83 est
796 2424 149 83 supra.

202 2490 259 73 Dicendum
396 2490 130 73 ad
461 2490 173 73 hoc:
569 2490 173 73 quod
677 2490 238 73 triplex
850 2490 151 73 est
936 2490 194 73 modus
1066 2490 238 73 sciendi
1238 2490 173 73 hanc
1346 2490 302 73 scientiam.
1584 2490 173 73 vnus
1692 2490 194 73 modus
1800 2490 108 73 est

160 2551 119 74 quo
228 2551 136 74 quis
313 2551 102 74 ea
364 2551 136 74 quae
450 2551 136 74 sunt
535 2551 153 74 huius
637 2551 222 74 scientiae
807 2551 136 74 sola
893 2551 136 74 fide
978 2551 239 74 discernit.
1165 2551 153 74 Alius
1268 2551 119 74 quo
1336 2551 102 74 ea
1387 2551 222 74 defensare
1557 2551 170 74 nouit.
1676 2551 102 74 de
1728 2551 170 74 quibus
1830 2551 85 74 di-

167 2608 122 65 ctum
243 2608 107 65 est
304 2608 92 65 in
350 2608 244 65 praecedenti.
548 2608 122 65 quod
625 2608 168 65 Tertius
747 2608 107 65 est
808 2608 107 65 quo
869 2608 92 65 ea
915 2608 122 65 quae
991 2608 137 65 nouit
1083 2608 214 65 intellectu
1251 2608 183 65 assentit
1388 2608 183 65 affectu:
1525 2608 92 65 vt
1571 2608 92 65 ei
1617 2608 168 65 sapiant
1739 2608 92 65 in
1770 2608 137 65 affectu

160 2661 127 63 quae
240 2661 143 63 nouit
335 2661 239 63 intellectu.
527 2661 96 63 vt
574 2661 143 63 iuxta
670 2661 255 63 proprietatem
877 2661 191 63 vocabuli
1021 2661 127 63 haec
1100 2661 191 63 scientia
1244 2661 112 63 sit
1307 2661 175 63 proprie
1435 2661 239 63 sapientiai.
1626 2661 96 63 i.
1674 2661 159 63 sapida
1770 2661 127 63 scien-

162 2714 140 65 tia.
250 2714 175 65 Primis
373 2714 175 65 duobus
495 2714 158 65 modis
600 2714 140 65 bene
688 2714 228 65 contingit
863 2714 228 65 addiscere
1039 2714 140 65 hanc
1126 2714 228 65 scientiam
1301 2714 140 65 sine
1389 2714 140 65 dono
1477 2714 175 65 gratum
1599 2714 228 65 faciente:
1774 2714 123 65 sed
1827 2714 70 65 so

162 2767 129 59 lum
235 2767 148 59 dono
328 2767 185 59 gratis
457 2767 166 59 dato.
568 2767 111 59 vt
623 2767 129 59 per
697 2767 166 59 donum
808 2767 166 59 fidei
918 2767 222 59 informis
1085 2767 129 59 quo
1159 2767 111 59 ad
1214 2767 185 59 primum
1343 2767 185 59 modum,
1472 2767 129 59 vel
1546 2767 129 59 per
1620 2767 166 59 donum
1712 2767 185 59 alicuius

169 2821 321 57 illustrationis
436 2821 196 57 diuinae
579 2821 160 57 vltra
686 2821 178 57 gradum
810 2821 321 57 illustrationis
1078 2821 232 57 communis:
1256 2821 89 57 &
1291 2821 125 57 hoc
1363 2821 125 57 quo
1434 2821 107 57 ad
1487 2821 214 57 secundum
1648 2821 178 57 modum.
1755 2821 143 57 Tertio

153 2875 164 62 autem
262 2875 146 62 modo
353 2875 127 62 non
426 2875 236 62 contingit
608 2875 182 62 omnino
735 2875 127 62 eam
808 2875 236 62 addiscere
990 2875 146 62 sine
1080 2875 182 62 gratia
1208 2875 182 62 gratum
1335 2875 236 62 faciente:
1517 2875 146 62 quia
1608 2875 146 62 illa
1699 2875 164 62 solum
1808 2875 127 62 fa-

156 2929 112 62 cit
220 2929 96 62 vt
268 2929 176 62 homines
396 2929 272 62 spiritualiter
620 2929 176 62 sapiant
748 2929 128 62 quae
828 2929 192 62 audiunt:
972 2929 80 62 &
1004 2929 128 62 tali
1085 2929 192 62 auditori
1229 2929 208 62 solummodo
1389 2929 128 62 ista
1469 2929 192 62 scientia
1613 2929 144 62 valet
1709 2929 96 62 ad
1741 2929 160 62 salutem.

164 2982 82 58 &
196 2982 212 58 solummodo
359 2982 147 58 talis
457 2982 147 58 valet
555 2982 130 58 huic
637 2982 212 58 scientiae
800 2982 98 58 ad
849 2982 114 58 eam
914 2982 277 58 perseueranter
1142 2982 261 58 sustinendam,
1354 2982 147 58 sicut
1452 2982 147 58 verus
1550 2982 130 58 eius
1632 2982 163 58 amator
1746 2982 82 58 &
1762 2982 147 58 amicus.

164 3038 168 52 secundum
290 3038 112 52 quod
360 3038 126 52 dicit
444 3038 196 52 Augustinus
598 3038 84 52 in
639 3038 168 52 epistola
765 3038 84 52 ad
807 3038 168 52 Vitalem.
933 3038 84 52 Id
975 3038 112 52 opus
1045 3038 98 52 est
1101 3038 168 52 gratiae:
1227 3038 112 52 quam
1297 3038 112 52 quid
1367 3038 182 52 accipiunt
1506 3038 182 52 doctrinae
1646 3038 168 52 salutari
1758 3038 154 52 sanctarum

166 3090 243 58 scripturarum
364 3090 122 58 etsi
440 3090 152 58 fuerit
546 3090 167 58 inimici
668 3090 137 58 fiunt
759 3090 152 58 amici:
866 3090 122 58 quam
942 3090 106 58 qui
1002 3090 167 58 audiunt
1124 3090 76 58 &
1155 3090 152 58 legunt
1261 3090 122 58 sine
1337 3090 152 58 gratia
1444 3090 122 58 dei,
1520 3090 122 58 eius
1596 3090 167 58 peiores
1702 3090 198 58 efficiuntur

159 3143 190 68 inimici:
302 3143 79 68 &
334 3143 111 68 lex
397 3143 111 68 dei
461 3143 143 68 atque
556 3143 190 68 doctrina
699 3143 175 68 quamuis
826 3143 159 68 sancta
937 3143 79 68 &
969 3143 143 68 iusta
1064 3143 79 68 &
1096 3143 143 68 bona:
1191 3143 143 68 tamen
1286 3143 175 68 occidit
1413 3143 95 68 si
1461 3143 111 68 non
1524 3143 206 68 viuificat
1683 3143 206 68 spiritus:
1826 3143 79 68 per

164 3197 139 88 quem
251 3197 157 88 fitvt
355 3197 122 88 non
425 3197 209 88 audiendo
582 3197 122 88 sed
652 3197 244 88 obediendo:
844 3197 157 88 neque
948 3197 105 88 vt
1000 3197 227 88 lectione:
1175 3197 122 88 sed
1244 3197 244 88 dilectione
1436 3197 192 88 teneat.
1576 3197 244 88 Agnoscamus
1750 3197 157 88 gratiam
