2333 3747
402 271 138 96 quae
488 271 155 96 fecit
591 271 207 96 prodesse
746 271 241 96 doctrinam,
936 271 138 96 quae
1022 271 172 96 gratia
1142 271 103 96 si
1194 271 172 96 desit,
1314 271 189 96 videmus
1452 271 155 96 etiam
1555 271 172 96 obesse
1676 271 241 96 doctrinam.
1865 271 103 96 De
1917 271 172 96 primis
2020 271 138 96 duobus

398 344 151 69 modis
499 344 201 69 discendi
649 344 201 69 procedit
800 344 151 69 ratio
900 344 201 69 secunda.
1051 344 100 69 de
1101 344 167 69 tertio
1218 344 201 69 procedit
1369 344 167 69 prima:
1486 344 84 69 &
1520 344 117 69 est
1587 344 134 69 iste
1670 344 234 69 verissimus
1854 344 84 69 &
1871 344 268 69 perfectissimus

406 403 159 59 modus
512 403 211 59 discendi
671 403 141 59 hanc
759 403 247 59 scientiam:
952 403 88 59 &
988 403 123 59 sic
1058 403 229 59 addiscens
1234 403 123 59 eam
1305 403 299 59 propriissimus
1551 403 194 59 auditor
1692 403 141 59 eius
1780 403 141 59 est:
1868 403 141 59 quia
1956 403 141 59 ipse
2027 403 123 59 solus

409 452 184 72 perfecte
547 452 200 72 percipere
700 452 154 72 potest
808 452 92 72 ea
854 452 123 72 quae
931 452 107 72 dei
992 452 138 72 sunt:
1084 452 123 72 quae
1161 452 107 72 non
1222 452 154 72 potest
1330 452 200 72 percipere
1483 452 184 72 animalis
1622 452 138 72 homo:
1714 452 154 72 qualis
1821 452 107 72 est
1883 452 138 72 omnis
1975 452 123 72 sine
2036 452 123 72 gratia

408 512 163 68 gratum
522 512 196 68 faciente
669 512 213 68 existens.
833 512 131 68 Vnde
914 512 82 68 &
947 512 131 68 iste
1029 512 147 68 solus
1127 512 147 68 finem
1225 512 147 68 huius
1323 512 213 68 scientiae
1487 512 163 68 potest
1601 512 229 68 attingere.
1781 512 196 68 secundum
1928 512 131 68 quod
2010 512 147 68 dicit
2092 512 65 68 Au

408 563 145 67 gust.
505 563 145 67 talem
601 563 209 67 auditorem
762 563 193 67 hortando
907 563 97 67 ad
956 563 177 67 auditum
1085 563 145 67 huius
1181 563 226 67 scientiae,
1359 563 97 67 in
1407 563 129 67 fine
1487 563 145 67 primi
1584 563 97 67 de
1632 563 193 67 doctriu,
1777 563 209 67 christia.
1939 563 113 67 Cum
2003 563 177 67 quisque

413 619 239 54 cognouerit
601 619 154 54 finem
704 619 222 54 praecepti
875 619 137 54 esse
960 619 239 54 charitatem
1148 619 103 54 de
1199 619 154 54 corde
1302 619 137 54 puro
1388 619 85 54 &
1422 619 256 54 conscientia
1627 619 137 54 bona
1712 619 85 54 &
1747 619 137 54 fide
1832 619 120 54 non
1901 619 171 54 ficta:
2020 619 103 54 ad
2054 619 103 54 tra-

408 664 241 70 ctationem
594 664 204 70 illorum
742 664 222 70 librorum
909 664 204 70 securus
1057 664 222 70 accedat.
1224 664 148 70 Vnde
1317 664 93 70 &
1354 664 130 70 qui
1428 664 130 70 hoc
1502 664 148 70 modo
1595 664 148 70 scit
1688 664 148 70 hanc
1780 664 241 70 scientiam
1966 664 111 70 vt
2003 664 148 70 capiat

407 714 193 60 affectu:
551 714 128 60 quae
632 714 225 60 intelligit
808 714 241 60 intellectu:
1001 714 144 60 solum
1097 714 193 60 perfecte
1241 714 80 60 &
1273 714 128 60 vere
1354 714 144 60 nouit
1450 714 128 60 hanc
1530 714 225 60 scientiam.
1707 714 193 60 secundum
1851 714 128 60 quod
1931 714 144 60 dicit
2012 714 144 60 Chryso.

413 772 143 62 super
509 772 143 62 illud
604 772 159 62 Matth.
716 772 96 62 Et
763 772 159 62 aperti
875 772 127 62 sunt
954 772 96 62 ei
1002 772 159 62 caeli.
1113 772 143 62 Caeli
1209 772 191 62 (inquit)
1352 772 127 62 sunt
1432 772 223 62 scripturae
1607 772 175 62 diuinae
1734 772 96 62 in
1782 772 159 62 quibus
1893 772 175 62 habitat
2021 772 143 62 deus.
2100 772 64 62 Si

408 825 122 58 cut
477 825 140 58 enim
565 825 105 58 in
617 825 157 58 caelo
722 825 192 58 celatur
862 825 157 58 deus:
967 825 122 58 ita
1037 825 87 58 &
1072 825 105 58 in
1124 825 245 58 scripturis
1317 825 280 58 absconditur:
1544 825 87 58 &
1579 825 157 58 sicut
1684 825 122 58 hoc
1754 825 175 58 caelum
1876 825 227 58 corporale
2034 825 122 58 omnes

417 884 177 63 quidem
541 884 194 63 homines
682 884 194 63 vident:
823 884 124 63 non
894 884 159 63 autem
1000 884 229 63 aspiciunt
1176 884 141 63 deum
1265 884 282 63 inhabitantem
1494 884 106 63 in
1547 884 124 63 eo:
1618 884 124 63 ita
1688 884 88 63 &
1724 884 194 63 diuinas
1865 884 247 63 scripturas
2041 884 124 63 omnes

410 934 177 69 quidem
534 934 195 69 homines
676 934 195 69 legunt:
818 934 124 69 non
889 934 160 69 tamen
996 934 160 69 omnes
1102 934 266 69 intelligunt
1315 934 142 69 deum
1404 934 231 69 veritatis
1581 934 195 69 positum
1723 934 106 69 in
1777 934 266 69 scripturis:
1990 934 142 69 nisi
2078 934 124 69 qui

420 988 168 65 fuerit
538 988 252 65 baptizatus,
740 988 101 65 vt
790 988 202 65 accipiat
941 988 202 65 spiritum
1093 988 202 65 sanctum.
1244 988 135 65 Vnde
1328 988 84 65 &
1362 988 219 65 apostolis
1530 988 219 65 priusquam
1698 988 219 65 baptiaati
1866 988 151 65 erant
1950 988 202 65 spiritusan

423 1038 130 60 cto:
504 1038 146 60 erant
601 1038 178 60 clausae
730 1038 243 60 scripturae.
925 1038 194 60 postquam
1070 1038 178 60 aperuit
1200 1038 113 60 eis
1265 1038 162 60 sensum
1378 1038 227 60 insuffians
1556 1038 113 60 eis
1621 1038 194 60 spiritum
1766 1038 194 60 sanctum:
1912 1038 130 60 tunc
1977 1038 178 60 reseratae

421 1091 141 61 sunt
510 1091 159 61 omnes
616 1091 247 61 scripturae
810 1091 141 61 ante
898 1091 177 61 oculos
1022 1091 177 61 cordis
1146 1091 177 61 eorum.
1269 1091 141 61 Ergo
1358 1091 124 61 qui
1429 1091 247 61 baptizatus
1623 1091 141 61 est:
1711 1091 88 61 &
1747 1091 194 61 meretur
1888 1091 212 61 accipere
2029 1091 124 61 spiri

409 1152 117 61 tum
476 1152 200 61 sanctum,
626 1152 233 61 aperiuntur
809 1152 100 61 ei
859 1152 150 61 omnes
959 1152 250 61 scripturae:
1158 1152 100 61 vt
1208 1152 233 61 intelligat
1391 1152 133 61 quae
1475 1152 117 61 ibi
1541 1152 166 61 posita
1658 1152 133 61 sunt
1741 1152 200 61 mysteria
1891 1152 233 61 veritatis.
2057 1152 100 61 Pro-

405 1202 185 64 pterea
535 1202 167 64 autem
646 1202 130 64 non
720 1202 259 64 aperiuntur
924 1202 222 64 omnibus:
1091 1202 204 64 quoniam
1239 1202 185 64 quidam
1369 1202 185 64 falsum
1498 1202 222 64 baptisma
1665 1202 222 64 habentes
1832 1202 130 64 non
1906 1202 204 64 possunt
2035 1202 130 64 acci-

417 1253 148 69 pere
509 1253 222 69 spiritum
675 1253 259 69 veritatis.
879 1253 203 69 Quosdam
1027 1253 166 69 autem
1138 1253 129 69 non
1212 1253 240 69 baptismus
1397 1253 203 69 impedit
1545 1253 111 69 ne
1600 1253 240 69 accipiant
1785 1253 222 69 spiritum
1952 1253 222 69 sanctum,
2100 1253 55 69 &

420 1314 235 63 aperiantur
605 1314 117 63 eis
672 1314 251 63 scripturae:
873 1314 117 63 sed
940 1314 235 63 propositum
1124 1314 168 63 malum,
1241 1314 184 63 quamuis
1375 1314 134 63 bene
1459 1314 168 63 fuerit
1576 1314 235 63 baptizati.
1761 1314 134 63 ldem
1845 1314 151 63 super
1945 1314 151 63 illud
2029 1314 134 63 Petite

408 1362 91 63 &
444 1362 273 63 accipietis.
662 1362 109 63 Et
717 1362 127 63 non
790 1362 218 63 timentes
953 1362 146 63 deum
1044 1362 236 63 inueniunt
1226 1362 236 63 scientiam
1408 1362 200 63 legendo
1554 1362 91 63 &
1590 1362 236 63 studendo:
1772 1362 127 63 sed
1845 1362 127 63 non
1917 1362 164 63 illam
2027 1362 146 63 quae
2099 1362 73 63 ex

416 1415 122 67 deo
485 1415 139 67 est:
572 1415 122 67 sed
642 1415 139 67 hanc
729 1415 139 67 quae
816 1415 104 67 ex
868 1415 174 67 natura
990 1415 191 67 carnali
1129 1415 122 67 per
1198 1415 313 67 exercitationem
1459 1415 174 67 carnis
1581 1415 261 67 acquiritur:
1790 1415 139 67 quam
1877 1415 226 67 habuerunt
2033 1415 122 67 etiam

425 1471 87 61 &
459 1471 227 61 gentilium
634 1471 227 61 studiosi.
808 1471 122 61 Qui
878 1471 140 61 enim
965 1471 244 61 actionibus
1157 1471 122 61 non
1227 1471 192 61 instat:
1367 1471 122 61 nec
1436 1471 209 61 operibus
1593 1471 174 61 bonis:
1715 1471 122 61 sed
1785 1471 122 61 per
1855 1471 157 61 solum
1960 1471 192 61 studium
2082 1471 87 61 le-

427 1521 169 60 ctionum
550 1521 154 60 factus
658 1521 108 60 est
719 1521 185 60 sapiens:
858 1521 154 60 quando
965 1521 139 60 aliis
1058 1521 200 60 praedicat
1212 1521 123 60 ipse
1289 1521 123 60 sibi
1366 1521 108 60 non
1427 1521 154 60 sentit
1535 1521 123 60 quod
1612 1521 216 60 praedicat:
1781 1521 139 60 alios
1874 1521 185 60 forsitam
2012 1521 169 60 terret:

422 1576 124 67 ipse
500 1576 140 67 tamen
593 1576 109 67 non
656 1576 155 67 timet:
765 1576 140 67 alios
858 1576 171 67 admonet
982 1576 187 67 credere:
1122 1576 78 67 &
1153 1576 124 67 ipse
1231 1576 109 67 non
1293 1576 155 67 credit
1402 1576 124 67 quae
1480 1576 155 67 dicit,
1589 1576 155 67 quando
1698 1576 140 67 alios
1791 1576 155 67 docet:
1900 1576 171 67 abintus
2009 1576 155 67 conscien

419 1630 112 67 tia
483 1630 128 67 eius
563 1630 144 67 ridet
658 1630 128 67 sibi
738 1630 96 67 de
786 1630 159 67 verbis
897 1630 144 67 suis:
993 1630 128 67 quia
1073 1630 191 67 scientia
1216 1630 128 67 quae
1296 1630 112 67 est
1360 1630 96 67 ex
1408 1630 144 67 solis
1503 1630 239 67 lectionibus
1695 1630 96 67 ex
1742 1630 112 67 ore
1806 1630 207 67 procedit:
1966 1630 128 67 quae
2045 1630 144 67 autem

420 1685 100 62 de
470 1685 183 62 spiritu
603 1685 166 62 sancto
720 1685 133 62 est:
803 1685 100 62 ex
853 1685 150 62 corde
952 1685 233 62 profertur.
1135 1685 83 62 &
1169 1685 133 62 ideo
1252 1685 249 62 spiritualis
1451 1685 200 62 scientia
1601 1685 116 62 non
1667 1685 150 62 solum
1767 1685 216 62 discitur:
1933 1685 116 62 sed
2000 1685 150 62 etiam
2100 1685 100 62 an

414 1738 96 53 te
462 1738 177 53 scitur,
591 1738 112 53 non
655 1738 161 53 tantum
767 1738 96 53 in
816 1738 225 53 scripturis
992 1738 193 53 legitur:
1137 1738 112 53 sed
1201 1738 96 53 ex
1249 1738 145 53 corde
1346 1738 241 53 suggeritur.
1538 1738 80 53 &
1571 1738 96 53 si
1619 1738 145 53 alios
1715 1738 177 53 terret:
1844 1738 129 53 ipse
1924 1738 177 53 amplius
2036 1738 129 53 timet.

419 1786 90 65 &
455 1786 144 65 omne
545 1786 144 65 quod
635 1786 234 65 loquitur,
816 1786 126 65 non
888 1786 216 65 lectione
1050 1786 126 65 sed
1122 1786 361 65 experimentatione
1429 1786 198 65 probat.
1573 1786 108 65 De
1627 1786 126 65 quo
1699 1786 198 65 dicitur
1843 1786 108 65 in
1898 1786 198 65 collat.
2024 1786 144 65 patrum

420 1851 218 63 exponendo
588 1851 151 63 illud
688 1851 151 63 Psal.
789 1851 168 63 Montes
906 1851 184 63 excelsi
1040 1851 184 63 ceruis.
1174 1851 201 63 Quisquis
1325 1851 268 63 discretionis
1543 1851 184 63 virtute
1677 1851 184 63 munitus
1811 1851 101 63 ad
1861 1851 184 63 figuram
1995 1851 201 63 rationa-

416 1894 116 58 lis
483 1894 149 58 cerui
582 1894 165 58 mentis
697 1894 231 58 alacritate
879 1894 215 58 peruenit:
1044 1894 198 58 pascitur
1193 1894 99 58 in
1243 1894 248 58 propheticis
1441 1894 83 58 &
1474 1894 248 58 apostolicis
1672 1894 198 58 montibus
1821 1894 99 58 i.
1871 1894 99 58 i.
1904 1894 264 58 excellentissi-

423 1950 117 56 mis
490 1950 151 56 eorum
591 1950 101 56 ac
641 1950 285 56 subtilissimis
876 1950 268 56 sacramentis:
1094 1950 101 56 vt
1145 1950 151 56 omnes
1245 1950 168 56 quoque
1363 1950 218 56 psalmorum
1530 1950 201 56 affectus
1681 1950 101 56 in
1732 1950 101 56 se
1782 1950 218 56 recipiens
1950 1950 117 56 ita
2000 1950 168 56 incipiat

425 2004 244 56 decantare:
617 2004 105 56 vt
669 2004 122 56 eos
739 2004 122 56 non
809 2004 192 56 tanquam
948 2004 87 56 a
983 2004 209 56 propheta
1140 2004 262 56 compositos,
1350 2004 122 56 sed
1419 2004 157 56 velut
1524 2004 87 56 a
1559 2004 105 56 se
1611 2004 175 56 editos
1734 2004 157 56 quasi
1838 2004 227 56 orationem
1995 2004 175 56 propriam

418 2062 209 67 profunda
574 2062 174 67 cordis
696 2062 279 67 compunctione
923 2062 226 67 depromat,
1097 2062 122 67 vel
1166 2062 157 67 certe
1271 2062 104 67 ad
1323 2062 139 67 suam
1410 2062 209 67 personam
1567 2062 209 67 aestimet
1724 2062 122 67 eos
1793 2062 174 67 fuisse
1915 2062 226 67 directos:
2072 2062 87 67 eo-

426 2118 176 60 rumque
549 2118 246 60 sententias
742 2118 123 60 non
813 2118 140 60 tunc
900 2118 246 60 tantummodo
1093 2118 246 60 prophetam,
1286 2118 123 60 aut
1357 2118 105 60 in
1409 2118 211 60 propheta
1567 2118 176 60 fuisse
1690 2118 246 60 completas:
1883 2118 123 60 sed
1953 2118 105 60 in
2006 2118 105 60 se
2059 2118 140 60 quo-

435 2162 158 73 tidie
540 2162 140 73 geri
627 2162 245 73 implerique
820 2162 245 73 cognoscat.
1012 2162 140 73 Tunc
1100 2162 140 73 enim
1187 2162 245 73 scripturae
1380 2162 193 73 diuinae
1520 2162 158 73 nobis
1625 2162 193 73 clarius
1765 2162 298 73 perpatescunt:
2010 2162 88 73 &
2027 2162 140 73 quodam

430 2221 138 64 modo
516 2221 155 64 venae
619 2221 259 64 medullaeque
826 2221 241 64 panduntur:
1016 2221 172 64 quando
1137 2221 259 64 experientia
1343 2221 172 64 nostra
1464 2221 121 64 non
1533 2221 121 64 eas
1602 2221 172 64 tantum
1723 2221 224 64 percipit:
1895 2221 121 64 sed
1964 2221 155 64 etiam
2050 2221 121 64 prae-

428 2271 168 58 uenit
540 2271 242 58 notionem:
726 2271 242 58 sensusque
912 2271 223 58 verborum
1080 2271 130 58 non
1155 2271 130 58 per
1229 2271 298 58 expositionem
1471 2271 186 58 nobis:
1601 2271 130 58 sed
1676 2271 130 58 per
1750 2271 242 58 documenta
1918 2271 242 58 reserantur.

428 2322 170 65 Eundem
547 2322 170 65 namque
666 2322 289 65 praecipientes
904 2322 170 65 cordis
1023 2322 221 65 affectum:
1193 2322 119 65 quo
1261 2322 187 65 quisque
1398 2322 238 65 decantatus
1585 2322 119 65 vel
1653 2322 238 65 descriptus
1840 2322 119 65 est
1908 2322 204 65 Psalmus,
2044 2322 119 65 velut

419 2381 214 65 auctores
580 2381 143 65 eius
669 2381 161 65 facti
776 2381 268 65 praecedimus
991 2381 161 65 magis
1098 2381 268 65 intellectum
1312 2381 179 65 ipsius
1437 2381 143 65 quam
1527 2381 232 65 sequamur,
1705 2381 107 65 id
1759 2381 143 65 est:
1848 2381 107 65 vt
1902 2381 161 65 prius
1991 2381 179 65 dictorum

433 2430 215 62 veritatem
599 2430 132 62 quam
682 2430 199 62 notitiam
831 2430 265 62 colligentes,
1046 2430 132 62 quid
1128 2430 99 62 in
1178 2430 149 62 nobis
1277 2430 165 62 gestum
1393 2430 132 62 sit,
1476 2430 116 62 vel
1542 2430 248 62 quotidianis
1740 2430 182 62 geratur
1873 2430 248 62 incursibus,
2055 2430 99 62 sem-

418 2484 124 71 per
489 2484 284 71 praeueniente
720 2484 266 71 meditatione
933 2484 249 71 quodammodo
1128 2484 249 71 recordemur
1324 2484 107 71 in
1377 2484 160 71 Psal.
1483 2484 89 71 &
1519 2484 160 71 velut
1625 2484 107 71 in
1679 2484 195 71 speculo
1821 2484 231 71 purissimo
1980 2484 178 71 paruidem

418 2545 118 56 tes
486 2545 237 56 efficacius
672 2545 271 56 cognoscamus:
892 2545 85 56 &
926 2545 118 56 ita
993 2545 203 56 magistri
1146 2545 237 56 affectibus
1332 2545 203 56 eruditi:
1484 2545 118 56 non
1552 2545 102 56 vt
1603 2545 186 56 audita:
1738 2545 118 56 sed
1806 2545 186 56 tanquam
1941 2545 237 56 perspecta:
2110 2545 51 56 &

423 2592 223 67 memoriae
591 2592 260 67 commendata
795 2592 241 67 palpemus:
981 2592 93 67 &
1018 2592 167 67 velut
1129 2592 149 67 ipsi
1222 2592 167 67 rerum
1333 2592 204 67 naturae
1482 2592 186 67 insita
1612 2592 111 67 de
1668 2592 204 67 interno
1816 2592 186 67 cordis
1928 2592 241 67 parturiamus

419 2657 216 58 affectu,
581 2657 108 58 vt
635 2657 162 58 eorum
744 2657 180 58 sensum
870 2657 126 58 non
942 2657 162 58 textu
1050 2657 234 58 lectionis
1230 2657 126 58 sed
1303 2657 270 58 experientia
1519 2657 270 58 praecedente
1735 2657 270 58 penetremus.
1952 2657 108 58 Vt
2006 2657 162 58 autem
2096 2657 72 58 ta

419 2699 102 66 li
470 2699 136 66 modo
555 2699 188 66 sciamus
692 2699 136 66 hanc
777 2699 239 66 scientiam,
965 2699 119 66 non
1033 2699 205 66 sufficit
1186 2699 153 66 fides
1288 2699 239 66 quaecunque
1476 2699 119 66 aut
1544 2699 273 66 illustratio:
1766 2699 119 66 sed
1834 2699 239 66 necessario
2005 2699 153 66 requiri

432 2759 118 60 tur
499 2759 151 60 fides
600 2759 185 60 operans
735 2759 118 60 per
802 2759 269 60 dilectionem.
1020 2759 101 60 de
1070 2759 118 60 quo
1138 2759 151 60 dicit
1238 2759 218 60 Christus.
1406 2759 151 60 loan.
1507 2759 134 60 vii.
1591 2759 168 60 Siquis
1709 2759 202 60 voluerit
1860 2759 168 60 facere
1960 2759 202 60 voluntatem

421 2810 125 62 eius
500 2810 110 62 qui
562 2810 141 62 misit
656 2810 110 62 me:
719 2810 204 62 cognoscet
876 2810 94 62 de
923 2810 188 62 doctrina
1064 2810 141 62 eius,
1158 2810 125 62 quod
1236 2810 188 62 exponens
1377 2810 219 62 Augustinus
1550 2810 125 62 ser.
1628 2810 141 62 xxix.
1722 2810 157 62 dicit.
1832 2810 125 62 Quid
1910 2810 110 62 est
1957 2810 204 62 cognoscetes

415 2862 116 69 hoc
482 2862 116 69 est
548 2862 249 69 intelliget,
748 2862 133 69 quid
831 2862 116 69 est
897 2862 233 69 voluntatem
1080 2862 133 69 eius
1163 2862 183 69 facere:
1296 2862 116 69 hoc
1362 2862 116 69 est
1429 2862 199 69 credere,
1578 2862 100 69 vt
1628 2862 199 69 credatis
1778 2862 100 69 in
1828 2862 133 69 eum.
1911 2862 133 69 quid
1994 2862 116 69 est
2044 2862 116 69 crede

424 2915 103 67 re
475 2915 103 67 in
526 2915 137 67 eum:
612 2915 205 67 credendo
766 2915 171 67 amare:
886 2915 205 67 credendo
1039 2915 103 67 in
1091 2915 120 67 eum
1159 2915 137 67 ire:
1245 2915 85 67 &
1279 2915 137 67 eius
1364 2915 188 67 membris
1501 2915 274 67 incorporari.
1723 2915 137 67 lpsa
1809 2915 120 67 est
1877 2915 137 67 ergo
1963 2915 154 67 fides
2065 2915 137 67 quae

425 2971 96 62 per
480 2971 205 62 dilectionem
644 2971 177 62 operatur:
780 2971 109 62 haec
848 2971 82 62 in
889 2971 82 62 te
930 2971 109 62 sit:
998 2971 68 62 &
1026 2971 191 62 intelliges
1176 2971 177 62 doctrinam
1312 2971 109 62 dei.
1381 2971 109 62 Hinc
1449 2971 123 62 dicit
1531 2971 164 62 lxxxiii,
1653 2971 232 62 quaestionibus
1845 2971 123 62 quaes
1926 2971 96 62 ine
1981 2971 150 62 vlviii.
2090 2971 109 62 Quae

433 3029 156 63 primo
537 3029 226 63 creduntur
711 3029 87 63 &
745 3029 174 63 postea
867 3029 313 63 intelliguntur:
1128 3029 139 63 sunt
1215 3029 139 63 illa
1302 3029 139 63 quae
1388 3029 104 63 in
1441 3029 191 63 diuinis
1580 3029 156 63 rebus
1684 3029 122 63 non
1753 3029 191 63 possunt
1892 3029 226 63 intelligi
2049 3029 104 63 nisi

419 3074 104 72 ab
471 3074 121 72 his
540 3074 121 72 qui
609 3074 156 72 mundo
713 3074 138 72 sunt
800 3074 173 72 corde,
921 3074 138 72 quod
1007 3074 121 72 sit
1076 3074 242 72 praeceptis
1267 3074 208 72 seruatis
1423 3074 138 72 quae
1509 3074 104 72 de
1561 3074 138 72 bene
1648 3074 190 72 viuendo
1786 3074 277 72 accipiuntur.
2011 3074 104 72 Et
2063 3074 138 72 ideo

434 3129 154 61 dicit.
541 3129 92 61 i.
587 3129 123 61 par.
664 3129 138 61 super
757 3129 185 61 loannem.
895 3129 123 61 ser.
972 3129 154 61 xviii.
1079 3129 138 61 Mores
1172 3129 200 61 perducunt
1325 3129 92 61 ad
1372 3129 292 61 intelligentiam.
1618 3129 138 61 genus
1710 3129 138 61 vitae
1802 3129 185 61 perducit
1940 3129 92 61 ad
1987 3129 138 61 genus
2063 3129 108 61 scien

418 3186 150 70 tiae.
519 3186 134 70 ltem
602 3186 100 70 in
652 3186 134 70 ser.
736 3186 100 70 de
786 3186 150 70 lacob
886 3186 84 70 &
920 3186 150 70 Esau.
1020 3186 167 70 Vultis
1137 3186 134 70 plus
1221 3186 184 70 capere:
1355 3186 217 70 crescite:
1522 3186 167 70 vultis
1639 3186 217 70 crescere:
1806 3186 134 70 bene
1890 3186 184 70 viuite,
2024 3186 117 70 qui
2074 3186 100 70 enim
