<?xml version="1.0" encoding="UTF-8"?>
<alto xmlns:xsi="http://www.w3.org/2001/XMLSchema-instance"
      xmlns="http://www.loc.gov/standards/alto/ns-v2#"
      xmlns:page="http://schema.primaresearch.org/PAGE/gts/pagecontent/2013-07-15"
      xsi:schemaLocation="http://www.loc.gov/standards/alto/ns-v2# http://www.loc.gov/standards/alto/alto.xsd">
   <Description>
      <MeasurementUnit>pixel</MeasurementUnit>
      <OCRProcessing ID="IdOcr">
         <ocrProcessingStep>
            <processingDateTime>2020-05-22T18:53:13.784-04:00</processingDateTime>
            <processingSoftware>
               <softwareCreator>READ COOP</softwareCreator>
               <softwareName>Transkribus</softwareName>
            </processingSoftware>
         </ocrProcessingStep>
      </OCRProcessing>
   </Description>
   <Layout>
      <Page ID="Page1" PHYSICAL_IMG_NR="1" HEIGHT="3781" WIDTH="2375">
         <TopMargin HEIGHT="0" WIDTH="2375" VPOS="0" HPOS="0"/>
         <LeftMargin HEIGHT="3781" WIDTH="0" VPOS="0" HPOS="0"/>
         <RightMargin HEIGHT="3781" WIDTH="0" VPOS="0" HPOS="2375"/>
         <BottomMargin HEIGHT="0" WIDTH="2375" VPOS="3781" HPOS="0"/>
         <PrintSpace HEIGHT="3781" WIDTH="2375" VPOS="0" HPOS="0">
            <TextBlock ID="TextRegion_1587440846523_1889"
                       HEIGHT="2801"
                       WIDTH="1743"
                       VPOS="332"
                       HPOS="483">
               <Shape>
                  <Polygon POINTS="483,332 2226,332 2226,3133 483,3133"/>
               </Shape>
               <TextLine ID="r2l2"
                         BASELINE="407"
                         HEIGHT="78"
                         WIDTH="1748"
                         VPOS="329"
                         HPOS="490">
                  <String HEIGHT="78"
                          WIDTH="149"
                          VPOS="329"
                          HPOS="471"
                          CONTENT="quia"/>
                  <SP HEIGHT="78" WIDTH="19" VPOS="329" HPOS="620"/>
                  <String HEIGHT="78"
                          WIDTH="279"
                          VPOS="329"
                          HPOS="564"
                          CONTENT="impossibile"/>
                  <SP HEIGHT="78" WIDTH="19" VPOS="329" HPOS="843"/>
                  <String HEIGHT="78" WIDTH="130" VPOS="329" HPOS="788" CONTENT="est"/>
                  <SP HEIGHT="78" WIDTH="19" VPOS="329" HPOS="918"/>
                  <String HEIGHT="78"
                          WIDTH="186"
                          VPOS="329"
                          HPOS="862"
                          CONTENT="aliter"/>
                  <SP HEIGHT="78" WIDTH="19" VPOS="329" HPOS="1048"/>
                  <String HEIGHT="78" WIDTH="112" VPOS="329" HPOS="992" CONTENT="se"/>
                  <SP HEIGHT="78" WIDTH="19" VPOS="329" HPOS="1104"/>
                  <String HEIGHT="78"
                          WIDTH="205"
                          VPOS="329"
                          HPOS="1048"
                          CONTENT="habere,"/>
                  <SP HEIGHT="78" WIDTH="19" VPOS="329" HPOS="1252"/>
                  <String HEIGHT="78"
                          WIDTH="149"
                          VPOS="329"
                          HPOS="1197"
                          CONTENT="quod"/>
                  <SP HEIGHT="78" WIDTH="19" VPOS="329" HPOS="1345"/>
                  <String HEIGHT="78"
                          WIDTH="167"
                          VPOS="329"
                          HPOS="1290"
                          CONTENT="autem"/>
                  <SP HEIGHT="78" WIDTH="19" VPOS="329" HPOS="1457"/>
                  <String HEIGHT="78"
                          WIDTH="223"
                          VPOS="329"
                          HPOS="1401"
                          CONTENT="opinatur"/>
                  <SP HEIGHT="78" WIDTH="19" VPOS="329" HPOS="1624"/>
                  <String HEIGHT="78"
                          WIDTH="167"
                          VPOS="329"
                          HPOS="1569"
                          CONTENT="quis,"/>
                  <SP HEIGHT="78" WIDTH="19" VPOS="329" HPOS="1736"/>
                  <String HEIGHT="78"
                          WIDTH="242"
                          VPOS="329"
                          HPOS="1680"
                          CONTENT="inquantum"/>
                  <SP HEIGHT="78" WIDTH="19" VPOS="329" HPOS="1922"/>
                  <String HEIGHT="78"
                          WIDTH="298"
                          VPOS="329"
                          HPOS="1866"
                          CONTENT="huiusmodiae,"/>
                  <SP HEIGHT="78" WIDTH="19" VPOS="329" HPOS="2164"/>
                  <String HEIGHT="78"
                          WIDTH="149"
                          VPOS="329"
                          HPOS="2089"
                          CONTENT="stimat"/>
               </TextLine>
               <TextLine ID="r2l3"
                         BASELINE="453"
                         HEIGHT="56"
                         WIDTH="1746"
                         VPOS="397"
                         HPOS="474">
                  <String HEIGHT="56"
                          WIDTH="154"
                          VPOS="397"
                          HPOS="457"
                          CONTENT="posse"/>
                  <SP HEIGHT="56" WIDTH="17" VPOS="397" HPOS="611"/>
                  <String HEIGHT="56"
                          WIDTH="171"
                          VPOS="397"
                          HPOS="560"
                          CONTENT="aliter"/>
                  <SP HEIGHT="56" WIDTH="17" VPOS="397" HPOS="731"/>
                  <String HEIGHT="56" WIDTH="103" VPOS="397" HPOS="679" CONTENT="se"/>
                  <SP HEIGHT="56" WIDTH="17" VPOS="397" HPOS="782"/>
                  <String HEIGHT="56"
                          WIDTH="188"
                          VPOS="397"
                          HPOS="731"
                          CONTENT="habere,"/>
                  <SP HEIGHT="56" WIDTH="17" VPOS="397" HPOS="919"/>
                  <String HEIGHT="56"
                          WIDTH="137"
                          VPOS="397"
                          HPOS="868"
                          CONTENT="quod"/>
                  <SP HEIGHT="56" WIDTH="17" VPOS="397" HPOS="1005"/>
                  <String HEIGHT="56"
                          WIDTH="154"
                          VPOS="397"
                          HPOS="953"
                          CONTENT="autem"/>
                  <SP HEIGHT="56" WIDTH="17" VPOS="397" HPOS="1107"/>
                  <String HEIGHT="56"
                          WIDTH="205"
                          VPOS="397"
                          HPOS="1056"
                          CONTENT="creditur"/>
                  <SP HEIGHT="56" WIDTH="17" VPOS="397" HPOS="1261"/>
                  <String HEIGHT="56" WIDTH="86" VPOS="397" HPOS="1210" CONTENT="&amp;"/>
                  <SP HEIGHT="56" WIDTH="17" VPOS="397" HPOS="1296"/>
                  <String HEIGHT="56"
                          WIDTH="137"
                          VPOS="397"
                          HPOS="1244"
                          CONTENT="fide"/>
                  <SP HEIGHT="56" WIDTH="17" VPOS="397" HPOS="1381"/>
                  <String HEIGHT="56"
                          WIDTH="205"
                          VPOS="397"
                          HPOS="1330"
                          CONTENT="tenetur,"/>
                  <SP HEIGHT="56" WIDTH="17" VPOS="397" HPOS="1535"/>
                  <String HEIGHT="56"
                          WIDTH="188"
                          VPOS="397"
                          HPOS="1484"
                          CONTENT="propter"/>
                  <SP HEIGHT="56" WIDTH="17" VPOS="397" HPOS="1672"/>
                  <String HEIGHT="56"
                          WIDTH="154"
                          VPOS="397"
                          HPOS="1621"
                          CONTENT="fidei"/>
                  <SP HEIGHT="56" WIDTH="17" VPOS="397" HPOS="1775"/>
                  <String HEIGHT="56"
                          WIDTH="291"
                          VPOS="397"
                          HPOS="1724"
                          CONTENT="certitudinem,"/>
                  <SP HEIGHT="56" WIDTH="17" VPOS="397" HPOS="2015"/>
                  <String HEIGHT="56"
                          WIDTH="291"
                          VPOS="397"
                          HPOS="1963"
                          CONTENT="quantumcunque"/>
                  <SP HEIGHT="56" WIDTH="17" VPOS="397" HPOS="2254"/>
                  <String HEIGHT="56" WIDTH="34" VPOS="397" HPOS="2186" CONTENT=""/>
               </TextLine>
               <TextLine ID="r2l4"
                         BASELINE="503"
                         HEIGHT="58"
                         WIDTH="1743"
                         VPOS="445"
                         HPOS="487">
                  <String HEIGHT="58" WIDTH="125" VPOS="445" HPOS="469" CONTENT="sit"/>
                  <SP HEIGHT="58" WIDTH="18" VPOS="445" HPOS="594"/>
                  <String HEIGHT="58"
                          WIDTH="196"
                          VPOS="445"
                          HPOS="540"
                          CONTENT="obscura"/>
                  <SP HEIGHT="58" WIDTH="18" VPOS="445" HPOS="736"/>
                  <String HEIGHT="58"
                          WIDTH="213"
                          VPOS="445"
                          HPOS="683"
                          CONTENT="notitia,"/>
                  <SP HEIGHT="58" WIDTH="18" VPOS="445" HPOS="896"/>
                  <String HEIGHT="58"
                          WIDTH="196"
                          VPOS="445"
                          HPOS="843"
                          CONTENT="tenetur"/>
                  <SP HEIGHT="58" WIDTH="18" VPOS="445" HPOS="1038"/>
                  <String HEIGHT="58"
                          WIDTH="142"
                          VPOS="445"
                          HPOS="985"
                          CONTENT="quia"/>
                  <SP HEIGHT="58" WIDTH="18" VPOS="445" HPOS="1127"/>
                  <String HEIGHT="58"
                          WIDTH="267"
                          VPOS="445"
                          HPOS="1074"
                          CONTENT="impossibile"/>
                  <SP HEIGHT="58" WIDTH="18" VPOS="445" HPOS="1341"/>
                  <String HEIGHT="58"
                          WIDTH="125"
                          VPOS="445"
                          HPOS="1287"
                          CONTENT="sit"/>
                  <SP HEIGHT="58" WIDTH="18" VPOS="445" HPOS="1412"/>
                  <String HEIGHT="58"
                          WIDTH="178"
                          VPOS="445"
                          HPOS="1359"
                          CONTENT="aliter"/>
                  <SP HEIGHT="58" WIDTH="18" VPOS="445" HPOS="1536"/>
                  <String HEIGHT="58" WIDTH="107" VPOS="445" HPOS="1483" CONTENT="se"/>
                  <SP HEIGHT="58" WIDTH="18" VPOS="445" HPOS="1590"/>
                  <String HEIGHT="58"
                          WIDTH="196"
                          VPOS="445"
                          HPOS="1536"
                          CONTENT="habere."/>
                  <SP HEIGHT="58" WIDTH="18" VPOS="445" HPOS="1732"/>
                  <String HEIGHT="58"
                          WIDTH="249"
                          VPOS="445"
                          HPOS="1679"
                          CONTENT="Opponuntur"/>
                  <SP HEIGHT="58" WIDTH="18" VPOS="445" HPOS="1928"/>
                  <String HEIGHT="58"
                          WIDTH="142"
                          VPOS="445"
                          HPOS="1874"
                          CONTENT="ergo"/>
                  <SP HEIGHT="58" WIDTH="18" VPOS="445" HPOS="2017"/>
                  <String HEIGHT="58"
                          WIDTH="213"
                          VPOS="445"
                          HPOS="1963"
                          CONTENT="scientia"/>
                  <SP HEIGHT="58" WIDTH="18" VPOS="445" HPOS="2177"/>
                  <String HEIGHT="58" WIDTH="89" VPOS="445" HPOS="2123" CONTENT="&amp;"/>
                  <SP HEIGHT="58" WIDTH="18" VPOS="445" HPOS="2212"/>
                  <String HEIGHT="58" WIDTH="89" VPOS="445" HPOS="2141" CONTENT="opi"/>
               </TextLine>
               <TextLine ID="r2l5"
                         BASELINE="568"
                         HEIGHT="67"
                         WIDTH="1763"
                         VPOS="501"
                         HPOS="472">
                  <String HEIGHT="67"
                          WIDTH="145"
                          VPOS="501"
                          HPOS="454"
                          CONTENT="nio:"/>
                  <SP HEIGHT="67" WIDTH="18" VPOS="501" HPOS="599"/>
                  <String HEIGHT="67" WIDTH="127" VPOS="501" HPOS="545" CONTENT="non"/>
                  <SP HEIGHT="67" WIDTH="18" VPOS="501" HPOS="672"/>
                  <String HEIGHT="67"
                          WIDTH="164"
                          VPOS="501"
                          HPOS="617"
                          CONTENT="solum"/>
                  <SP HEIGHT="67" WIDTH="18" VPOS="501" HPOS="781"/>
                  <String HEIGHT="67"
                          WIDTH="164"
                          VPOS="501"
                          HPOS="726"
                          CONTENT="sicut"/>
                  <SP HEIGHT="67" WIDTH="18" VPOS="501" HPOS="890"/>
                  <String HEIGHT="67"
                          WIDTH="254"
                          VPOS="501"
                          HPOS="836"
                          CONTENT="contraria:"/>
                  <SP HEIGHT="67" WIDTH="18" VPOS="501" HPOS="1090"/>
                  <String HEIGHT="67"
                          WIDTH="145"
                          VPOS="501"
                          HPOS="1035"
                          CONTENT="quae"/>
                  <SP HEIGHT="67" WIDTH="18" VPOS="501" HPOS="1181"/>
                  <String HEIGHT="67"
                          WIDTH="200"
                          VPOS="501"
                          HPOS="1126"
                          CONTENT="possunt"/>
                  <SP HEIGHT="67" WIDTH="18" VPOS="501" HPOS="1326"/>
                  <String HEIGHT="67"
                          WIDTH="182"
                          VPOS="501"
                          HPOS="1272"
                          CONTENT="habere"/>
                  <SP HEIGHT="67" WIDTH="18" VPOS="501" HPOS="1453"/>
                  <String HEIGHT="67"
                          WIDTH="200"
                          VPOS="501"
                          HPOS="1399"
                          CONTENT="medium,"/>
                  <SP HEIGHT="67" WIDTH="18" VPOS="501" HPOS="1599"/>
                  <String HEIGHT="67"
                          WIDTH="218"
                          VPOS="501"
                          HPOS="1544"
                          CONTENT="scilicet"/>
                  <SP HEIGHT="67" WIDTH="18" VPOS="501" HPOS="1762"/>
                  <String HEIGHT="67" WIDTH="109" VPOS="501" HPOS="1708" CONTENT="vt"/>
                  <SP HEIGHT="67" WIDTH="18" VPOS="501" HPOS="1817"/>
                  <String HEIGHT="67"
                          WIDTH="218"
                          VPOS="501"
                          HPOS="1762"
                          CONTENT="obscurum"/>
                  <SP HEIGHT="67" WIDTH="18" VPOS="501" HPOS="1981"/>
                  <String HEIGHT="67" WIDTH="91" VPOS="501" HPOS="1926" CONTENT="&amp;"/>
                  <SP HEIGHT="67" WIDTH="18" VPOS="501" HPOS="2017"/>
                  <String HEIGHT="67"
                          WIDTH="200"
                          VPOS="501"
                          HPOS="1962"
                          CONTENT="clarum:"/>
                  <SP HEIGHT="67" WIDTH="18" VPOS="501" HPOS="2162"/>
                  <String HEIGHT="67"
                          WIDTH="127"
                          VPOS="501"
                          HPOS="2108"
                          CONTENT="sed"/>
                  <SP HEIGHT="67" WIDTH="18" VPOS="501" HPOS="2235"/>
                  <String HEIGHT="67" WIDTH="73" VPOS="501" HPOS="2162" CONTENT="si"/>
               </TextLine>
               <TextLine ID="r2l6"
                         BASELINE="614"
                         HEIGHT="59"
                         WIDTH="1741"
                         VPOS="555"
                         HPOS="480">
                  <String HEIGHT="59" WIDTH="122" VPOS="555" HPOS="463" CONTENT="cut"/>
                  <SP HEIGHT="59" WIDTH="17" VPOS="555" HPOS="584"/>
                  <String HEIGHT="59"
                          WIDTH="313"
                          VPOS="555"
                          HPOS="532"
                          CONTENT="contradictoria"/>
                  <SP HEIGHT="59" WIDTH="17" VPOS="555" HPOS="846"/>
                  <String HEIGHT="59"
                          WIDTH="157"
                          VPOS="555"
                          HPOS="793"
                          CONTENT="inter"/>
                  <SP HEIGHT="59" WIDTH="17" VPOS="555" HPOS="950"/>
                  <String HEIGHT="59"
                          WIDTH="139"
                          VPOS="555"
                          HPOS="898"
                          CONTENT="quae"/>
                  <SP HEIGHT="59" WIDTH="17" VPOS="555" HPOS="1037"/>
                  <String HEIGHT="59" WIDTH="122" VPOS="555" HPOS="985" CONTENT="non"/>
                  <SP HEIGHT="59" WIDTH="17" VPOS="555" HPOS="1107"/>
                  <String HEIGHT="59"
                          WIDTH="122"
                          VPOS="555"
                          HPOS="1055"
                          CONTENT="est"/>
                  <SP HEIGHT="59" WIDTH="17" VPOS="555" HPOS="1176"/>
                  <String HEIGHT="59"
                          WIDTH="174"
                          VPOS="555"
                          HPOS="1124"
                          CONTENT="medium"/>
                  <SP HEIGHT="59" WIDTH="17" VPOS="555" HPOS="1298"/>
                  <String HEIGHT="59"
                          WIDTH="209"
                          VPOS="555"
                          HPOS="1246"
                          CONTENT="scilicet"/>
                  <SP HEIGHT="59" WIDTH="17" VPOS="555" HPOS="1455"/>
                  <String HEIGHT="59" WIDTH="104" VPOS="555" HPOS="1403" CONTENT="vt"/>
                  <SP HEIGHT="59" WIDTH="17" VPOS="555" HPOS="1507"/>
                  <String HEIGHT="59"
                          WIDTH="226"
                          VPOS="555"
                          HPOS="1455"
                          CONTENT="possibile"/>
                  <SP HEIGHT="59" WIDTH="17" VPOS="555" HPOS="1681"/>
                  <String HEIGHT="59"
                          WIDTH="174"
                          VPOS="555"
                          HPOS="1629"
                          CONTENT="aliter"/>
                  <SP HEIGHT="59" WIDTH="17" VPOS="555" HPOS="1803"/>
                  <String HEIGHT="59" WIDTH="104" VPOS="555" HPOS="1751" CONTENT="se"/>
                  <SP HEIGHT="59" WIDTH="17" VPOS="555" HPOS="1855"/>
                  <String HEIGHT="59"
                          WIDTH="192"
                          VPOS="555"
                          HPOS="1803"
                          CONTENT="habere,"/>
                  <SP HEIGHT="59" WIDTH="17" VPOS="555" HPOS="1995"/>
                  <String HEIGHT="59" WIDTH="87" VPOS="555" HPOS="1942" CONTENT="&amp;"/>
                  <SP HEIGHT="59" WIDTH="17" VPOS="555" HPOS="2029"/>
                  <String HEIGHT="59"
                          WIDTH="122"
                          VPOS="555"
                          HPOS="1977"
                          CONTENT="non"/>
                  <SP HEIGHT="59" WIDTH="17" VPOS="555" HPOS="2099"/>
                  <String HEIGHT="59"
                          WIDTH="192"
                          VPOS="555"
                          HPOS="2029"
                          CONTENT="possibile"/>
               </TextLine>
               <TextLine ID="r2l7"
                         BASELINE="664"
                         HEIGHT="58"
                         WIDTH="1761"
                         VPOS="606"
                         HPOS="477">
                  <String HEIGHT="58"
                          WIDTH="182"
                          VPOS="606"
                          HPOS="459"
                          CONTENT="aliter"/>
                  <SP HEIGHT="58" WIDTH="18" VPOS="606" HPOS="640"/>
                  <String HEIGHT="58" WIDTH="109" VPOS="606" HPOS="586" CONTENT="se"/>
                  <SP HEIGHT="58" WIDTH="18" VPOS="606" HPOS="695"/>
                  <String HEIGHT="58"
                          WIDTH="200"
                          VPOS="606"
                          HPOS="640"
                          CONTENT="habere."/>
                  <SP HEIGHT="58" WIDTH="18" VPOS="606" HPOS="840"/>
                  <String HEIGHT="58" WIDTH="127" VPOS="606" HPOS="786" CONTENT="Non"/>
                  <SP HEIGHT="58" WIDTH="18" VPOS="606" HPOS="913"/>
                  <String HEIGHT="58" WIDTH="127" VPOS="606" HPOS="858" CONTENT="sic"/>
                  <SP HEIGHT="58" WIDTH="18" VPOS="606" HPOS="985"/>
                  <String HEIGHT="58"
                          WIDTH="163"
                          VPOS="606"
                          HPOS="931"
                          CONTENT="autem"/>
                  <SP HEIGHT="58" WIDTH="18" VPOS="606" HPOS="1094"/>
                  <String HEIGHT="58"
                          WIDTH="163"
                          VPOS="606"
                          HPOS="1040"
                          CONTENT="fides"/>
                  <SP HEIGHT="58" WIDTH="18" VPOS="606" HPOS="1203"/>
                  <String HEIGHT="58" WIDTH="91" VPOS="606" HPOS="1149" CONTENT="&amp;"/>
                  <SP HEIGHT="58" WIDTH="18" VPOS="606" HPOS="1239"/>
                  <String HEIGHT="58"
                          WIDTH="236"
                          VPOS="606"
                          HPOS="1185"
                          CONTENT="scientia:"/>
                  <SP HEIGHT="58" WIDTH="18" VPOS="606" HPOS="1421"/>
                  <String HEIGHT="58"
                          WIDTH="127"
                          VPOS="606"
                          HPOS="1367"
                          CONTENT="sed"/>
                  <SP HEIGHT="58" WIDTH="18" VPOS="606" HPOS="1494"/>
                  <String HEIGHT="58"
                          WIDTH="163"
                          VPOS="606"
                          HPOS="1439"
                          CONTENT="solum"/>
                  <SP HEIGHT="58" WIDTH="18" VPOS="606" HPOS="1603"/>
                  <String HEIGHT="58"
                          WIDTH="163"
                          VPOS="606"
                          HPOS="1548"
                          CONTENT="sicut"/>
                  <SP HEIGHT="58" WIDTH="18" VPOS="606" HPOS="1712"/>
                  <String HEIGHT="58"
                          WIDTH="218"
                          VPOS="606"
                          HPOS="1657"
                          CONTENT="obscurum"/>
                  <SP HEIGHT="58" WIDTH="18" VPOS="606" HPOS="1875"/>
                  <String HEIGHT="58" WIDTH="91" VPOS="606" HPOS="1820" CONTENT="&amp;"/>
                  <SP HEIGHT="58" WIDTH="18" VPOS="606" HPOS="1911"/>
                  <String HEIGHT="58"
                          WIDTH="200"
                          VPOS="606"
                          HPOS="1857"
                          CONTENT="clarum:"/>
                  <SP HEIGHT="58" WIDTH="18" VPOS="606" HPOS="2056"/>
                  <String HEIGHT="58" WIDTH="91" VPOS="606" HPOS="2002" CONTENT="&amp;"/>
                  <SP HEIGHT="58" WIDTH="18" VPOS="606" HPOS="2093"/>
                  <String HEIGHT="58"
                          WIDTH="127"
                          VPOS="606"
                          HPOS="2038"
                          CONTENT="ita"/>
                  <SP HEIGHT="58" WIDTH="18" VPOS="606" HPOS="2165"/>
                  <String HEIGHT="58" WIDTH="109" VPOS="606" HPOS="2111" CONTENT="vt"/>
                  <SP HEIGHT="58" WIDTH="18" VPOS="606" HPOS="2220"/>
                  <String HEIGHT="58" WIDTH="91" VPOS="606" HPOS="2147" CONTENT="con"/>
               </TextLine>
               <TextLine ID="r2l8"
                         BASELINE="724"
                         HEIGHT="60"
                         WIDTH="1742"
                         VPOS="664"
                         HPOS="483">
                  <String HEIGHT="60"
                          WIDTH="180"
                          VPOS="664"
                          HPOS="465"
                          CONTENT="traria"/>
                  <SP HEIGHT="60" WIDTH="18" VPOS="664" HPOS="645"/>
                  <String HEIGHT="60"
                          WIDTH="162"
                          VPOS="664"
                          HPOS="591"
                          CONTENT="inter"/>
                  <SP HEIGHT="60" WIDTH="18" VPOS="664" HPOS="752"/>
                  <String HEIGHT="60"
                          WIDTH="144"
                          VPOS="664"
                          HPOS="699"
                          CONTENT="quae"/>
                  <SP HEIGHT="60" WIDTH="18" VPOS="664" HPOS="842"/>
                  <String HEIGHT="60"
                          WIDTH="162"
                          VPOS="664"
                          HPOS="788"
                          CONTENT="cadit"/>
                  <SP HEIGHT="60" WIDTH="18" VPOS="664" HPOS="950"/>
                  <String HEIGHT="60"
                          WIDTH="198"
                          VPOS="664"
                          HPOS="896"
                          CONTENT="medium."/>
                  <SP HEIGHT="60" WIDTH="18" VPOS="664" HPOS="1094"/>
                  <String HEIGHT="60"
                          WIDTH="162"
                          VPOS="664"
                          HPOS="1040"
                          CONTENT="Licet"/>
                  <SP HEIGHT="60" WIDTH="18" VPOS="664" HPOS="1201"/>
                  <String HEIGHT="60"
                          WIDTH="144"
                          VPOS="664"
                          HPOS="1147"
                          CONTENT="ergo"/>
                  <SP HEIGHT="60" WIDTH="18" VPOS="664" HPOS="1291"/>
                  <String HEIGHT="60"
                          WIDTH="216"
                          VPOS="664"
                          HPOS="1237"
                          CONTENT="scientia"/>
                  <SP HEIGHT="60" WIDTH="18" VPOS="664" HPOS="1453"/>
                  <String HEIGHT="60" WIDTH="90" VPOS="664" HPOS="1399" CONTENT="&amp;"/>
                  <SP HEIGHT="60" WIDTH="18" VPOS="664" HPOS="1489"/>
                  <String HEIGHT="60"
                          WIDTH="180"
                          VPOS="664"
                          HPOS="1435"
                          CONTENT="opinio"/>
                  <SP HEIGHT="60" WIDTH="18" VPOS="664" HPOS="1614"/>
                  <String HEIGHT="60"
                          WIDTH="126"
                          VPOS="664"
                          HPOS="1561"
                          CONTENT="non"/>
                  <SP HEIGHT="60" WIDTH="18" VPOS="664" HPOS="1686"/>
                  <String HEIGHT="60"
                          WIDTH="198"
                          VPOS="664"
                          HPOS="1632"
                          CONTENT="possunt"/>
                  <SP HEIGHT="60" WIDTH="18" VPOS="664" HPOS="1830"/>
                  <String HEIGHT="60"
                          WIDTH="162"
                          VPOS="664"
                          HPOS="1776"
                          CONTENT="simul"/>
                  <SP HEIGHT="60" WIDTH="18" VPOS="664" HPOS="1938"/>
                  <String HEIGHT="60"
                          WIDTH="162"
                          VPOS="664"
                          HPOS="1884"
                          CONTENT="stare"/>
                  <SP HEIGHT="60" WIDTH="18" VPOS="664" HPOS="2045"/>
                  <String HEIGHT="60" WIDTH="108" VPOS="664" HPOS="1992" CONTENT="in"/>
                  <SP HEIGHT="60" WIDTH="18" VPOS="664" HPOS="2099"/>
                  <String HEIGHT="60"
                          WIDTH="162"
                          VPOS="664"
                          HPOS="2045"
                          CONTENT="eodem"/>
                  <SP HEIGHT="60" WIDTH="18" VPOS="664" HPOS="2207"/>
                  <String HEIGHT="60" WIDTH="90" VPOS="664" HPOS="2135" CONTENT="cir"/>
               </TextLine>
               <TextLine ID="r2l9"
                         BASELINE="784"
                         HEIGHT="69"
                         WIDTH="1746"
                         VPOS="715"
                         HPOS="489">
                  <String HEIGHT="69" WIDTH="114" VPOS="715" HPOS="470" CONTENT="ca"/>
                  <SP HEIGHT="69" WIDTH="19" VPOS="715" HPOS="584"/>
                  <String HEIGHT="69"
                          WIDTH="171"
                          VPOS="715"
                          HPOS="527"
                          CONTENT="idem:"/>
                  <SP HEIGHT="69" WIDTH="19" VPOS="715" HPOS="698"/>
                  <String HEIGHT="69"
                          WIDTH="152"
                          VPOS="715"
                          HPOS="641"
                          CONTENT="quia"/>
                  <SP HEIGHT="69" WIDTH="19" VPOS="715" HPOS="793"/>
                  <String HEIGHT="69" WIDTH="133" VPOS="715" HPOS="736" CONTENT="non"/>
                  <SP HEIGHT="69" WIDTH="19" VPOS="715" HPOS="869"/>
                  <String HEIGHT="69"
                          WIDTH="209"
                          VPOS="715"
                          HPOS="812"
                          CONTENT="possunt"/>
                  <SP HEIGHT="69" WIDTH="19" VPOS="715" HPOS="1020"/>
                  <String HEIGHT="69"
                          WIDTH="266"
                          VPOS="715"
                          HPOS="963"
                          CONTENT="concurrere"/>
                  <SP HEIGHT="69" WIDTH="19" VPOS="715" HPOS="1229"/>
                  <String HEIGHT="69" WIDTH="114" VPOS="715" HPOS="1172" CONTENT="in"/>
                  <SP HEIGHT="69" WIDTH="19" VPOS="715" HPOS="1286"/>
                  <String HEIGHT="69"
                          WIDTH="171"
                          VPOS="715"
                          HPOS="1229"
                          CONTENT="medio"/>
                  <SP HEIGHT="69" WIDTH="19" VPOS="715" HPOS="1400"/>
                  <String HEIGHT="69"
                          WIDTH="190"
                          VPOS="715"
                          HPOS="1343"
                          CONTENT="aliquo"/>
                  <SP HEIGHT="69" WIDTH="19" VPOS="715" HPOS="1533"/>
                  <String HEIGHT="69"
                          WIDTH="209"
                          VPOS="715"
                          HPOS="1476"
                          CONTENT="propter"/>
                  <SP HEIGHT="69" WIDTH="19" VPOS="715" HPOS="1685"/>
                  <String HEIGHT="69"
                          WIDTH="361"
                          VPOS="715"
                          HPOS="1628"
                          CONTENT="contradictionem"/>
                  <SP HEIGHT="69" WIDTH="19" VPOS="715" HPOS="1988"/>
                  <String HEIGHT="69"
                          WIDTH="152"
                          VPOS="715"
                          HPOS="1931"
                          CONTENT="quam"/>
                  <SP HEIGHT="69" WIDTH="19" VPOS="715" HPOS="2083"/>
                  <String HEIGHT="69"
                          WIDTH="209"
                          VPOS="715"
                          HPOS="2026"
                          CONTENT="habent:"/>
                  <SP HEIGHT="69" WIDTH="19" VPOS="715" HPOS="2235"/>
                  <String HEIGHT="69" WIDTH="76" VPOS="715" HPOS="2159" CONTENT="si"/>
               </TextLine>
               <TextLine ID="r2l10"
                         BASELINE="837"
                         HEIGHT="79"
                         WIDTH="1746"
                         VPOS="758"
                         HPOS="482">
                  <String HEIGHT="79" WIDTH="139" VPOS="758" HPOS="462" CONTENT="des"/>
                  <SP HEIGHT="79" WIDTH="20" VPOS="758" HPOS="601"/>
                  <String HEIGHT="79"
                          WIDTH="179"
                          VPOS="758"
                          HPOS="542"
                          CONTENT="tamen"/>
                  <SP HEIGHT="79" WIDTH="20" VPOS="758" HPOS="720"/>
                  <String HEIGHT="79" WIDTH="99" VPOS="758" HPOS="661" CONTENT="&amp;"/>
                  <SP HEIGHT="79" WIDTH="20" VPOS="758" HPOS="760"/>
                  <String HEIGHT="79"
                          WIDTH="298"
                          VPOS="758"
                          HPOS="700"
                          CONTENT="intellectus"/>
                  <SP HEIGHT="79" WIDTH="20" VPOS="758" HPOS="998"/>
                  <String HEIGHT="79"
                          WIDTH="159"
                          VPOS="758"
                          HPOS="938"
                          CONTENT="quia"/>
                  <SP HEIGHT="79" WIDTH="20" VPOS="758" HPOS="1097"/>
                  <String HEIGHT="79"
                          WIDTH="179"
                          VPOS="758"
                          HPOS="1038"
                          CONTENT="solum"/>
                  <SP HEIGHT="79" WIDTH="20" VPOS="758" HPOS="1216"/>
                  <String HEIGHT="79"
                          WIDTH="198"
                          VPOS="758"
                          HPOS="1157"
                          CONTENT="habent"/>
                  <SP HEIGHT="79" WIDTH="20" VPOS="758" HPOS="1355"/>
                  <String HEIGHT="79"
                          WIDTH="179"
                          VPOS="758"
                          HPOS="1295"
                          CONTENT="inter"/>
                  <SP HEIGHT="79" WIDTH="20" VPOS="758" HPOS="1474"/>
                  <String HEIGHT="79" WIDTH="119" VPOS="758" HPOS="1415" CONTENT="se"/>
                  <SP HEIGHT="79" WIDTH="20" VPOS="758" HPOS="1534"/>
                  <String HEIGHT="79"
                          WIDTH="357"
                          VPOS="758"
                          HPOS="1474"
                          CONTENT="contrarietatem"/>
                  <SP HEIGHT="79" WIDTH="20" VPOS="758" HPOS="1831"/>
                  <String HEIGHT="79"
                          WIDTH="159"
                          VPOS="758"
                          HPOS="1772"
                          CONTENT="quae"/>
                  <SP HEIGHT="79" WIDTH="20" VPOS="758" HPOS="1930"/>
                  <String HEIGHT="79" WIDTH="119" VPOS="758" HPOS="1871" CONTENT="in"/>
                  <SP HEIGHT="79" WIDTH="20" VPOS="758" HPOS="1990"/>
                  <String HEIGHT="79"
                          WIDTH="159"
                          VPOS="758"
                          HPOS="1930"
                          CONTENT="vnum"/>
                  <SP HEIGHT="79" WIDTH="20" VPOS="758" HPOS="2089"/>
                  <String HEIGHT="79"
                          WIDTH="198"
                          VPOS="758"
                          HPOS="2030"
                          CONTENT="medium"/>
                  <SP HEIGHT="79" WIDTH="20" VPOS="758" HPOS="2228"/>
                  <String HEIGHT="79" WIDTH="79" VPOS="758" HPOS="2149" CONTENT="po"/>
               </TextLine>
               <TextLine ID="r2l11"
                         BASELINE="887"
                         HEIGHT="65"
                         WIDTH="1748"
                         VPOS="822"
                         HPOS="484">
                  <String HEIGHT="65"
                          WIDTH="141"
                          VPOS="822"
                          HPOS="466"
                          CONTENT="test"/>
                  <SP HEIGHT="65" WIDTH="18" VPOS="822" HPOS="608"/>
                  <String HEIGHT="65"
                          WIDTH="265"
                          VPOS="822"
                          HPOS="555"
                          CONTENT="concurrere:"/>
                  <SP HEIGHT="65" WIDTH="18" VPOS="822" HPOS="819"/>
                  <String HEIGHT="65"
                          WIDTH="141"
                          VPOS="822"
                          HPOS="767"
                          CONTENT="bene"/>
                  <SP HEIGHT="65" WIDTH="18" VPOS="822" HPOS="908"/>
                  <String HEIGHT="65"
                          WIDTH="159"
                          VPOS="822"
                          HPOS="855"
                          CONTENT="citra"/>
                  <SP HEIGHT="65" WIDTH="18" VPOS="822" HPOS="1014"/>
                  <String HEIGHT="65"
                          WIDTH="141"
                          VPOS="822"
                          HPOS="961"
                          CONTENT="suas"/>
                  <SP HEIGHT="65" WIDTH="18" VPOS="822" HPOS="1102"/>
                  <String HEIGHT="65"
                          WIDTH="283"
                          VPOS="822"
                          HPOS="1049"
                          CONTENT="excellentias"/>
                  <SP HEIGHT="65" WIDTH="18" VPOS="822" HPOS="1332"/>
                  <String HEIGHT="65" WIDTH="106" VPOS="822" HPOS="1279" CONTENT="in"/>
                  <SP HEIGHT="65" WIDTH="18" VPOS="822" HPOS="1384"/>
                  <String HEIGHT="65"
                          WIDTH="230"
                          VPOS="822"
                          HPOS="1332"
                          CONTENT="terminis,"/>
                  <SP HEIGHT="65" WIDTH="18" VPOS="822" HPOS="1561"/>
                  <String HEIGHT="65"
                          WIDTH="194"
                          VPOS="822"
                          HPOS="1508"
                          CONTENT="possunt"/>
                  <SP HEIGHT="65" WIDTH="18" VPOS="822" HPOS="1702"/>
                  <String HEIGHT="65"
                          WIDTH="159"
                          VPOS="822"
                          HPOS="1649"
                          CONTENT="simul"/>
                  <SP HEIGHT="65" WIDTH="18" VPOS="822" HPOS="1808"/>
                  <String HEIGHT="65"
                          WIDTH="177"
                          VPOS="822"
                          HPOS="1755"
                          CONTENT="stare,"/>
                  <SP HEIGHT="65" WIDTH="18" VPOS="822" HPOS="1932"/>
                  <String HEIGHT="65" WIDTH="106" VPOS="822" HPOS="1879" CONTENT="vt"/>
                  <SP HEIGHT="65" WIDTH="18" VPOS="822" HPOS="1985"/>
                  <String HEIGHT="65"
                          WIDTH="159"
                          VPOS="822"
                          HPOS="1932"
                          CONTENT="patet"/>
                  <SP HEIGHT="65" WIDTH="18" VPOS="822" HPOS="2091"/>
                  <String HEIGHT="65" WIDTH="106" VPOS="822" HPOS="2038" CONTENT="ex"/>
                  <SP HEIGHT="65" WIDTH="18" VPOS="822" HPOS="2144"/>
                  <String HEIGHT="65"
                          WIDTH="159"
                          VPOS="822"
                          HPOS="2073"
                          CONTENT="determi"/>
               </TextLine>
               <TextLine ID="r2l12"
                         BASELINE="950"
                         HEIGHT="74"
                         WIDTH="1746"
                         VPOS="876"
                         HPOS="483">
                  <String HEIGHT="74"
                          WIDTH="182"
                          VPOS="876"
                          HPOS="465"
                          CONTENT="natis."/>
                  <SP HEIGHT="74" WIDTH="18" VPOS="876" HPOS="647"/>
                  <String HEIGHT="74" WIDTH="91" VPOS="876" HPOS="592" CONTENT="&amp;"/>
                  <SP HEIGHT="74" WIDTH="18" VPOS="876" HPOS="683"/>
                  <String HEIGHT="74" WIDTH="127" VPOS="876" HPOS="629" CONTENT="sic"/>
                  <SP HEIGHT="74" WIDTH="18" VPOS="876" HPOS="756"/>
                  <String HEIGHT="74"
                          WIDTH="218"
                          VPOS="876"
                          HPOS="701"
                          CONTENT="scientia"/>
                  <SP HEIGHT="74" WIDTH="18" VPOS="876" HPOS="920"/>
                  <String HEIGHT="74" WIDTH="91" VPOS="876" HPOS="865" CONTENT="&amp;"/>
                  <SP HEIGHT="74" WIDTH="18" VPOS="876" HPOS="956"/>
                  <String HEIGHT="74"
                          WIDTH="182"
                          VPOS="876"
                          HPOS="901"
                          CONTENT="opinio"/>
                  <SP HEIGHT="74" WIDTH="18" VPOS="876" HPOS="1083"/>
                  <String HEIGHT="74"
                          WIDTH="200"
                          VPOS="876"
                          HPOS="1029"
                          CONTENT="possent"/>
                  <SP HEIGHT="74" WIDTH="18" VPOS="876" HPOS="1229"/>
                  <String HEIGHT="74"
                          WIDTH="164"
                          VPOS="876"
                          HPOS="1174"
                          CONTENT="simul"/>
                  <SP HEIGHT="74" WIDTH="18" VPOS="876" HPOS="1338"/>
                  <String HEIGHT="74"
                          WIDTH="164"
                          VPOS="876"
                          HPOS="1283"
                          CONTENT="stare"/>
                  <SP HEIGHT="74" WIDTH="18" VPOS="876" HPOS="1447"/>
                  <String HEIGHT="74"
                          WIDTH="127"
                          VPOS="876"
                          HPOS="1392"
                          CONTENT="non"/>
                  <SP HEIGHT="74" WIDTH="18" VPOS="876" HPOS="1520"/>
                  <String HEIGHT="74"
                          WIDTH="255"
                          VPOS="876"
                          HPOS="1465"
                          CONTENT="impediente"/>
                  <SP HEIGHT="74" WIDTH="18" VPOS="876" HPOS="1720"/>
                  <String HEIGHT="74"
                          WIDTH="164"
                          VPOS="876"
                          HPOS="1665"
                          CONTENT="eorum"/>
                  <SP HEIGHT="74" WIDTH="18" VPOS="876" HPOS="1829"/>
                  <String HEIGHT="74"
                          WIDTH="327"
                          VPOS="876"
                          HPOS="1774"
                          CONTENT="contrarietate:"/>
                  <SP HEIGHT="74" WIDTH="18" VPOS="876" HPOS="2102"/>
                  <String HEIGHT="74" WIDTH="109" VPOS="876" HPOS="2047" CONTENT="si"/>
                  <SP HEIGHT="74" WIDTH="18" VPOS="876" HPOS="2156"/>
                  <String HEIGHT="74"
                          WIDTH="127"
                          VPOS="876"
                          HPOS="2102"
                          CONTENT="non"/>
                  <SP HEIGHT="74" WIDTH="18" VPOS="876" HPOS="2229"/>
                  <String HEIGHT="74" WIDTH="73" VPOS="876" HPOS="2156" CONTENT="im"/>
               </TextLine>
               <TextLine ID="r2l13"
                         BASELINE="999"
                         HEIGHT="73"
                         WIDTH="714"
                         VPOS="926"
                         HPOS="472">
                  <String HEIGHT="73"
                          WIDTH="218"
                          VPOS="926"
                          HPOS="452"
                          CONTENT="pediret"/>
                  <SP HEIGHT="73" WIDTH="20" VPOS="926" HPOS="670"/>
                  <String HEIGHT="73"
                          WIDTH="317"
                          VPOS="926"
                          HPOS="611"
                          CONTENT="contradictio"/>
                  <SP HEIGHT="73" WIDTH="20" VPOS="926" HPOS="928"/>
                  <String HEIGHT="73"
                          WIDTH="159"
                          VPOS="926"
                          HPOS="869"
                          CONTENT="quam"/>
                  <SP HEIGHT="73" WIDTH="20" VPOS="926" HPOS="1027"/>
                  <String HEIGHT="73"
                          WIDTH="238"
                          VPOS="926"
                          HPOS="948"
                          CONTENT="important."/>
               </TextLine>
               <TextLine ID="r2l14"
                         BASELINE="1116"
                         HEIGHT="97"
                         WIDTH="298"
                         VPOS="1019"
                         HPOS="1202">
                  <String HEIGHT="97"
                          WIDTH="258"
                          VPOS="1019"
                          HPOS="1182"
                          CONTENT="Quaestio."/>
                  <SP HEIGHT="97" WIDTH="20" VPOS="1019" HPOS="1440"/>
                  <String HEIGHT="97"
                          WIDTH="139"
                          VPOS="1019"
                          HPOS="1361"
                          CONTENT="VIll."/>
               </TextLine>
               <TextLine ID="r2l15"
                         BASELINE="1212"
                         HEIGHT="72"
                         WIDTH="1426"
                         VPOS="1140"
                         HPOS="805">
                  <String HEIGHT="72"
                          WIDTH="141"
                          VPOS="1140"
                          HPOS="787"
                          CONTENT="Irca"/>
                  <SP HEIGHT="72" WIDTH="18" VPOS="1140" HPOS="928"/>
                  <String HEIGHT="72"
                          WIDTH="194"
                          VPOS="1140"
                          HPOS="875"
                          CONTENT="octauum"/>
                  <SP HEIGHT="72" WIDTH="18" VPOS="1140" HPOS="1069"/>
                  <String HEIGHT="72"
                          WIDTH="211"
                          VPOS="1140"
                          HPOS="1016"
                          CONTENT="arguitur"/>
                  <SP HEIGHT="72" WIDTH="18" VPOS="1140" HPOS="1228"/>
                  <String HEIGHT="72"
                          WIDTH="141"
                          VPOS="1140"
                          HPOS="1175"
                          CONTENT="quod"/>
                  <SP HEIGHT="72" WIDTH="18" VPOS="1140" HPOS="1316"/>
                  <String HEIGHT="72"
                          WIDTH="141"
                          VPOS="1140"
                          HPOS="1263"
                          CONTENT="homo"/>
                  <SP HEIGHT="72" WIDTH="18" VPOS="1140" HPOS="1404"/>
                  <String HEIGHT="72"
                          WIDTH="123"
                          VPOS="1140"
                          HPOS="1351"
                          CONTENT="per"/>
                  <SP HEIGHT="72" WIDTH="18" VPOS="1140" HPOS="1474"/>
                  <String HEIGHT="72"
                          WIDTH="106"
                          VPOS="1140"
                          HPOS="1421"
                          CONTENT="se"/>
                  <SP HEIGHT="72" WIDTH="18" VPOS="1140" HPOS="1527"/>
                  <String HEIGHT="72"
                          WIDTH="141"
                          VPOS="1140"
                          HPOS="1474"
                          CONTENT="fine"/>
                  <SP HEIGHT="72" WIDTH="18" VPOS="1140" HPOS="1615"/>
                  <String HEIGHT="72"
                          WIDTH="194"
                          VPOS="1140"
                          HPOS="1562"
                          CONTENT="doctore"/>
                  <SP HEIGHT="72" WIDTH="18" VPOS="1140" HPOS="1756"/>
                  <String HEIGHT="72"
                          WIDTH="176"
                          VPOS="1140"
                          HPOS="1703"
                          CONTENT="possit"/>
                  <SP HEIGHT="72" WIDTH="18" VPOS="1140" HPOS="1879"/>
                  <String HEIGHT="72"
                          WIDTH="141"
                          VPOS="1140"
                          HPOS="1826"
                          CONTENT="hanc"/>
                  <SP HEIGHT="72" WIDTH="18" VPOS="1140" HPOS="1967"/>
                  <String HEIGHT="72"
                          WIDTH="229"
                          VPOS="1140"
                          HPOS="1914"
                          CONTENT="scientiam"/>
                  <SP HEIGHT="72" WIDTH="18" VPOS="1140" HPOS="2143"/>
                  <String HEIGHT="72"
                          WIDTH="158"
                          VPOS="1140"
                          HPOS="2073"
                          CONTENT="addisce"/>
               </TextLine>
               <TextLine ID="r2l16"
                         BASELINE="1265"
                         HEIGHT="66"
                         WIDTH="1452"
                         VPOS="1199"
                         HPOS="778">
                  <String HEIGHT="66"
                          WIDTH="142"
                          VPOS="1199"
                          HPOS="760"
                          CONTENT="sre."/>
                  <SP HEIGHT="66" WIDTH="18" VPOS="1199" HPOS="902"/>
                  <String HEIGHT="66"
                          WIDTH="159"
                          VPOS="1199"
                          HPOS="849"
                          CONTENT="Primo"/>
                  <SP HEIGHT="66" WIDTH="18" VPOS="1199" HPOS="1008"/>
                  <String HEIGHT="66"
                          WIDTH="142"
                          VPOS="1199"
                          HPOS="955"
                          CONTENT="sic,"/>
                  <SP HEIGHT="66" WIDTH="18" VPOS="1199" HPOS="1097"/>
                  <String HEIGHT="66"
                          WIDTH="124"
                          VPOS="1199"
                          HPOS="1044"
                          CONTENT="non"/>
                  <SP HEIGHT="66" WIDTH="18" VPOS="1199" HPOS="1168"/>
                  <String HEIGHT="66"
                          WIDTH="124"
                          VPOS="1199"
                          HPOS="1114"
                          CONTENT="est"/>
                  <SP HEIGHT="66" WIDTH="18" VPOS="1199" HPOS="1238"/>
                  <String HEIGHT="66"
                          WIDTH="195"
                          VPOS="1199"
                          HPOS="1185"
                          CONTENT="minoris"/>
                  <SP HEIGHT="66" WIDTH="18" VPOS="1199" HPOS="1380"/>
                  <String HEIGHT="66"
                          WIDTH="248"
                          VPOS="1199"
                          HPOS="1327"
                          CONTENT="efficaciae"/>
                  <SP HEIGHT="66" WIDTH="18" VPOS="1199" HPOS="1575"/>
                  <String HEIGHT="66"
                          WIDTH="159"
                          VPOS="1199"
                          HPOS="1522"
                          CONTENT="lumen"/>
                  <SP HEIGHT="66" WIDTH="18" VPOS="1199" HPOS="1681"/>
                  <String HEIGHT="66"
                          WIDTH="301"
                          VPOS="1199"
                          HPOS="1628"
                          CONTENT="supernaturale"/>
                  <SP HEIGHT="66" WIDTH="18" VPOS="1199" HPOS="1929"/>
                  <String HEIGHT="66"
                          WIDTH="106"
                          VPOS="1199"
                          HPOS="1876"
                          CONTENT="ad"/>
                  <SP HEIGHT="66" WIDTH="18" VPOS="1199" HPOS="1982"/>
                  <String HEIGHT="66"
                          WIDTH="283"
                          VPOS="1199"
                          HPOS="1929"
                          CONTENT="cognoscendum"/>
                  <SP HEIGHT="66" WIDTH="18" VPOS="1199" HPOS="2212"/>
                  <String HEIGHT="66"
                          WIDTH="89"
                          VPOS="1199"
                          HPOS="2141"
                          CONTENT="su"
                          SUBS_TYPE="HypPart1"
                          SUBS_CONTENT="supernaturalia,"/>
                  <HYP CONTENT="-"/>
               </TextLine>
               <TextLine ID="r2l17"
                         BASELINE="1317"
                         HEIGHT="55"
                         WIDTH="1457"
                         VPOS="1262"
                         HPOS="771">
                  <String HEIGHT="55"
                          WIDTH="330"
                          VPOS="1262"
                          HPOS="752"
                          CONTENT="pernaturalia,"
                          SUBS_TYPE="HypPart2"
                          SUBS_CONTENT="supernaturalia,"/>
                  <SP HEIGHT="55" WIDTH="19" VPOS="1262" HPOS="1082"/>
                  <String HEIGHT="55"
                          WIDTH="155"
                          VPOS="1262"
                          HPOS="1024"
                          CONTENT="quam"/>
                  <SP HEIGHT="55" WIDTH="19" VPOS="1262" HPOS="1179"/>
                  <String HEIGHT="55"
                          WIDTH="175"
                          VPOS="1262"
                          HPOS="1121"
                          CONTENT="lumen"/>
                  <SP HEIGHT="55" WIDTH="19" VPOS="1262" HPOS="1296"/>
                  <String HEIGHT="55"
                          WIDTH="233"
                          VPOS="1262"
                          HPOS="1237"
                          CONTENT="naturale"/>
                  <SP HEIGHT="55" WIDTH="19" VPOS="1262" HPOS="1470"/>
                  <String HEIGHT="55"
                          WIDTH="117"
                          VPOS="1262"
                          HPOS="1412"
                          CONTENT="ad"/>
                  <SP HEIGHT="55" WIDTH="19" VPOS="1262" HPOS="1529"/>
                  <String HEIGHT="55"
                          WIDTH="311"
                          VPOS="1262"
                          HPOS="1470"
                          CONTENT="cognoscendum"/>
                  <SP HEIGHT="55" WIDTH="19" VPOS="1262" HPOS="1781"/>
                  <String HEIGHT="55"
                          WIDTH="272"
                          VPOS="1262"
                          HPOS="1723"
                          CONTENT="naturalia."/>
                  <SP HEIGHT="55" WIDTH="19" VPOS="1262" HPOS="1995"/>
                  <String HEIGHT="55"
                          WIDTH="136"
                          VPOS="1262"
                          HPOS="1937"
                          CONTENT="sed"/>
                  <SP HEIGHT="55" WIDTH="19" VPOS="1262" HPOS="2073"/>
                  <String HEIGHT="55"
                          WIDTH="155"
                          VPOS="1262"
                          HPOS="2014"
                          CONTENT="homo"/>
                  <SP HEIGHT="55" WIDTH="19" VPOS="1262" HPOS="2170"/>
                  <String HEIGHT="55"
                          WIDTH="136"
                          VPOS="1262"
                          HPOS="2092"
                          CONTENT="adiu"
                          SUBS_TYPE="HypPart1"
                          SUBS_CONTENT="adiultorio"/>
                  <HYP CONTENT="-"/>
               </TextLine>
               <TextLine ID="r2l18"
                         BASELINE="1369"
                         HEIGHT="66"
                         WIDTH="1454"
                         VPOS="1303"
                         HPOS="769">
                  <String HEIGHT="66"
                          WIDTH="180"
                          VPOS="1303"
                          HPOS="751"
                          CONTENT="ltorio"
                          SUBS_TYPE="HypPart2"
                          SUBS_CONTENT="adiultorio"/>
                  <SP HEIGHT="66" WIDTH="18" VPOS="1303" HPOS="931"/>
                  <String HEIGHT="66"
                          WIDTH="197"
                          VPOS="1303"
                          HPOS="877"
                          CONTENT="luminis"/>
                  <SP HEIGHT="66" WIDTH="18" VPOS="1303" HPOS="1074"/>
                  <String HEIGHT="66"
                          WIDTH="233"
                          VPOS="1303"
                          HPOS="1020"
                          CONTENT="naturalis"/>
                  <SP HEIGHT="66" WIDTH="18" VPOS="1303" HPOS="1254"/>
                  <String HEIGHT="66"
                          WIDTH="126"
                          VPOS="1303"
                          HPOS="1200"
                          CONTENT="per"/>
                  <SP HEIGHT="66" WIDTH="18" VPOS="1303" HPOS="1325"/>
                  <String HEIGHT="66"
                          WIDTH="108"
                          VPOS="1303"
                          HPOS="1272"
                          CONTENT="se"/>
                  <SP HEIGHT="66" WIDTH="18" VPOS="1303" HPOS="1379"/>
                  <String HEIGHT="66"
                          WIDTH="144"
                          VPOS="1303"
                          HPOS="1325"
                          CONTENT="fine"/>
                  <SP HEIGHT="66" WIDTH="18" VPOS="1303" HPOS="1469"/>
                  <String HEIGHT="66"
                          WIDTH="197"
                          VPOS="1303"
                          HPOS="1415"
                          CONTENT="doctore"/>
                  <SP HEIGHT="66" WIDTH="18" VPOS="1303" HPOS="1613"/>
                  <String HEIGHT="66"
                          WIDTH="180"
                          VPOS="1303"
                          HPOS="1559"
                          CONTENT="potest"/>
                  <SP HEIGHT="66" WIDTH="18" VPOS="1303" HPOS="1738"/>
                  <String HEIGHT="66"
                          WIDTH="269"
                          VPOS="1303"
                          HPOS="1684"
                          CONTENT="inuestigare"/>
                  <SP HEIGHT="66" WIDTH="18" VPOS="1303" HPOS="1954"/>
                  <String HEIGHT="66"
                          WIDTH="215"
                          VPOS="1303"
                          HPOS="1900"
                          CONTENT="notitiam"/>
                  <SP HEIGHT="66" WIDTH="18" VPOS="1303" HPOS="2115"/>
                  <String HEIGHT="66"
                          WIDTH="180"
                          VPOS="1303"
                          HPOS="2043"
                          CONTENT="scibili"
                          SUBS_TYPE="HypPart1"
                          SUBS_CONTENT="scibilirGum"/>
                  <HYP CONTENT="-"/>
               </TextLine>
               <TextLine ID="r2l19"
                         BASELINE="1430"
                         HEIGHT="82"
                         WIDTH="1484"
                         VPOS="1348"
                         HPOS="752">
                  <String HEIGHT="82"
                          WIDTH="148"
                          VPOS="1348"
                          HPOS="733"
                          CONTENT="rGum"
                          SUBS_TYPE="HypPart2"
                          SUBS_CONTENT="scibilirGum"/>
                  <SP HEIGHT="82" WIDTH="19" VPOS="1348" HPOS="882"/>
                  <String HEIGHT="82"
                          WIDTH="278"
                          VPOS="1348"
                          HPOS="826"
                          CONTENT="naturalium,"/>
                  <SP HEIGHT="82" WIDTH="19" VPOS="1348" HPOS="1104"/>
                  <String HEIGHT="82"
                          WIDTH="111"
                          VPOS="1348"
                          HPOS="1049"
                          CONTENT="vt"/>
                  <SP HEIGHT="82" WIDTH="19" VPOS="1348" HPOS="1160"/>
                  <String HEIGHT="82"
                          WIDTH="204"
                          VPOS="1348"
                          HPOS="1104"
                          CONTENT="habitum"/>
                  <SP HEIGHT="82" WIDTH="19" VPOS="1348" HPOS="1309"/>
                  <String HEIGHT="82"
                          WIDTH="130"
                          VPOS="1348"
                          HPOS="1253"
                          CONTENT="est"/>
                  <SP HEIGHT="82" WIDTH="19" VPOS="1348" HPOS="1383"/>
                  <String HEIGHT="82"
                          WIDTH="186"
                          VPOS="1348"
                          HPOS="1327"
                          CONTENT="supra."/>
                  <SP HEIGHT="82" WIDTH="19" VPOS="1348" HPOS="1513"/>
                  <String HEIGHT="82"
                          WIDTH="148"
                          VPOS="1348"
                          HPOS="1457"
                          CONTENT="ergo"/>
                  <SP HEIGHT="82" WIDTH="19" VPOS="1348" HPOS="1605"/>
                  <String HEIGHT="82" WIDTH="93" VPOS="1348" HPOS="1550" CONTENT="&amp;"/>
                  <SP HEIGHT="82" WIDTH="19" VPOS="1348" HPOS="1642"/>
                  <String HEIGHT="82"
                          WIDTH="130"
                          VPOS="1348"
                          HPOS="1587"
                          CONTENT="per"/>
                  <SP HEIGHT="82" WIDTH="19" VPOS="1348" HPOS="1717"/>
                  <String HEIGHT="82"
                          WIDTH="111"
                          VPOS="1348"
                          HPOS="1661"
                          CONTENT="se"/>
                  <SP HEIGHT="82" WIDTH="19" VPOS="1348" HPOS="1772"/>
                  <String HEIGHT="82"
                          WIDTH="204"
                          VPOS="1348"
                          HPOS="1717"
                          CONTENT="propria"/>
                  <SP HEIGHT="82" WIDTH="19" VPOS="1348" HPOS="1921"/>
                  <String HEIGHT="82"
                          WIDTH="334"
                          VPOS="1348"
                          HPOS="1865"
                          CONTENT="inuestigatione"/>
                  <SP HEIGHT="82" WIDTH="19" VPOS="1348" HPOS="2199"/>
                  <String HEIGHT="82"
                          WIDTH="111"
                          VPOS="1348"
                          HPOS="2125"
                          CONTENT="sine"/>
               </TextLine>
               <TextLine ID="r2l20"
                         BASELINE="1482"
                         HEIGHT="66"
                         WIDTH="1469"
                         VPOS="1416"
                         HPOS="765">
                  <String HEIGHT="66"
                          WIDTH="213"
                          VPOS="1416"
                          HPOS="746"
                          CONTENT="doctore"/>
                  <SP HEIGHT="66" WIDTH="19" VPOS="1416" HPOS="958"/>
                  <String HEIGHT="66"
                          WIDTH="193"
                          VPOS="1416"
                          HPOS="900"
                          CONTENT="lumine"/>
                  <SP HEIGHT="66" WIDTH="19" VPOS="1416" HPOS="1094"/>
                  <String HEIGHT="66"
                          WIDTH="329"
                          VPOS="1416"
                          HPOS="1036"
                          CONTENT="supernaturali"/>
                  <SP HEIGHT="66" WIDTH="19" VPOS="1416" HPOS="1364"/>
                  <String HEIGHT="66"
                          WIDTH="193"
                          VPOS="1416"
                          HPOS="1306"
                          CONTENT="potest"/>
                  <SP HEIGHT="66" WIDTH="19" VPOS="1416" HPOS="1500"/>
                  <String HEIGHT="66"
                          WIDTH="232"
                          VPOS="1416"
                          HPOS="1442"
                          CONTENT="notitiam"/>
                  <SP HEIGHT="66" WIDTH="19" VPOS="1416" HPOS="1673"/>
                  <String HEIGHT="66"
                          WIDTH="251"
                          VPOS="1416"
                          HPOS="1615"
                          CONTENT="scibilium"/>
                  <SP HEIGHT="66" WIDTH="19" VPOS="1416" HPOS="1867"/>
                  <String HEIGHT="66"
                          WIDTH="367"
                          VPOS="1416"
                          HPOS="1809"
                          CONTENT="supernaturalium"/>
                  <SP HEIGHT="66" WIDTH="19" VPOS="1416" HPOS="2176"/>
                  <String HEIGHT="66"
                          WIDTH="135"
                          VPOS="1416"
                          HPOS="2099"
                          CONTENT="inue"
                          SUBS_TYPE="HypPart1"
                          SUBS_CONTENT="inuestigare."/>
                  <HYP CONTENT="-"/>
               </TextLine>
               <TextLine ID="line_1587440852676_1896"
                         BASELINE="1521"
                         HEIGHT="54"
                         WIDTH="1450"
                         VPOS="1467"
                         HPOS="788">
                  <String HEIGHT="54"
                          WIDTH="207"
                          VPOS="1467"
                          HPOS="771"
                          CONTENT="stigare."
                          SUBS_TYPE="HypPart2"
                          SUBS_CONTENT="inuestigare."/>
                  <SP HEIGHT="54" WIDTH="17" VPOS="1467" HPOS="978"/>
                  <String HEIGHT="54"
                          WIDTH="155"
                          VPOS="1467"
                          HPOS="926"
                          CONTENT="talia"/>
                  <SP HEIGHT="54" WIDTH="17" VPOS="1467" HPOS="1081"/>
                  <String HEIGHT="54"
                          WIDTH="138"
                          VPOS="1467"
                          HPOS="1030"
                          CONTENT="sunt"/>
                  <SP HEIGHT="54" WIDTH="17" VPOS="1467" HPOS="1168"/>
                  <String HEIGHT="54"
                          WIDTH="207"
                          VPOS="1467"
                          HPOS="1116"
                          CONTENT="scibilia"/>
                  <SP HEIGHT="54" WIDTH="17" VPOS="1467" HPOS="1323"/>
                  <String HEIGHT="54"
                          WIDTH="155"
                          VPOS="1467"
                          HPOS="1271"
                          CONTENT="huius"/>
                  <SP HEIGHT="54" WIDTH="17" VPOS="1467" HPOS="1427"/>
                  <String HEIGHT="54"
                          WIDTH="242"
                          VPOS="1467"
                          HPOS="1375"
                          CONTENT="scientiae."/>
                  <SP HEIGHT="54" WIDTH="17" VPOS="1467" HPOS="1617"/>
                  <String HEIGHT="54"
                          WIDTH="138"
                          VPOS="1467"
                          HPOS="1565"
                          CONTENT="ergo"/>
                  <SP HEIGHT="54" WIDTH="17" VPOS="1467" HPOS="1703"/>
                  <String HEIGHT="54" WIDTH="86" VPOS="1467" HPOS="1651" CONTENT="&amp;"/>
                  <SP HEIGHT="54" WIDTH="17" VPOS="1467" HPOS="1737"/>
                  <String HEIGHT="54"
                          WIDTH="207"
                          VPOS="1467"
                          HPOS="1686"
                          CONTENT="caetera."/>
                  <SP HEIGHT="54" WIDTH="17" VPOS="1467" HPOS="1893"/>
                  <String HEIGHT="54" WIDTH="86" VPOS="1467" HPOS="1841" CONTENT=""/>
                  <SP HEIGHT="54" WIDTH="17" VPOS="1467" HPOS="1927"/>
                  <String HEIGHT="54"
                          WIDTH="190"
                          VPOS="1467"
                          HPOS="1876"
                          CONTENT="Secundo"/>
                  <SP HEIGHT="54" WIDTH="17" VPOS="1467" HPOS="2065"/>
                  <String HEIGHT="54"
                          WIDTH="138"
                          VPOS="1467"
                          HPOS="2014"
                          CONTENT="sic."/>
                  <SP HEIGHT="54" WIDTH="17" VPOS="1467" HPOS="2152"/>
                  <String HEIGHT="54"
                          WIDTH="155"
                          VPOS="1467"
                          HPOS="2083"
                          CONTENT="Augusti"/>
               </TextLine>
               <TextLine ID="r2l22"
                         BASELINE="1586"
                         HEIGHT="66"
                         WIDTH="1742"
                         VPOS="1520"
                         HPOS="484">
                  <String HEIGHT="66"
                          WIDTH="123"
                          VPOS="1520"
                          HPOS="466"
                          CONTENT="nus"/>
                  <SP HEIGHT="66" WIDTH="18" VPOS="1520" HPOS="590"/>
                  <String HEIGHT="66"
                          WIDTH="141"
                          VPOS="1520"
                          HPOS="537"
                          CONTENT="post"/>
                  <SP HEIGHT="66" WIDTH="18" VPOS="1520" HPOS="678"/>
                  <String HEIGHT="66"
                          WIDTH="246"
                          VPOS="1520"
                          HPOS="625"
                          CONTENT="principium"/>
                  <SP HEIGHT="66" WIDTH="18" VPOS="1520" HPOS="871"/>
                  <String HEIGHT="66" WIDTH="106" VPOS="1520" HPOS="818" CONTENT="de"/>
                  <SP HEIGHT="66" WIDTH="18" VPOS="1520" HPOS="924"/>
                  <String HEIGHT="66"
                          WIDTH="211"
                          VPOS="1520"
                          HPOS="871"
                          CONTENT="doctrina"/>
                  <SP HEIGHT="66" WIDTH="18" VPOS="1520" HPOS="1082"/>
                  <String HEIGHT="66"
                          WIDTH="264"
                          VPOS="1520"
                          HPOS="1029"
                          CONTENT="Christiana,"/>
                  <SP HEIGHT="66" WIDTH="18" VPOS="1520" HPOS="1293"/>
                  <String HEIGHT="66"
                          WIDTH="194"
                          VPOS="1520"
                          HPOS="1241"
                          CONTENT="loquens"/>
                  <SP HEIGHT="66" WIDTH="18" VPOS="1520" HPOS="1434"/>
                  <String HEIGHT="66"
                          WIDTH="106"
                          VPOS="1520"
                          HPOS="1381"
                          CONTENT="de"/>
                  <SP HEIGHT="66" WIDTH="18" VPOS="1520" HPOS="1487"/>
                  <String HEIGHT="66"
                          WIDTH="158"
                          VPOS="1520"
                          HPOS="1434"
                          CONTENT="beato"/>
                  <SP HEIGHT="66" WIDTH="18" VPOS="1520" HPOS="1593"/>
                  <String HEIGHT="66"
                          WIDTH="194"
                          VPOS="1520"
                          HPOS="1540"
                          CONTENT="Antonio"/>
                  <SP HEIGHT="66" WIDTH="18" VPOS="1520" HPOS="1733"/>
                  <String HEIGHT="66"
                          WIDTH="176"
                          VPOS="1520"
                          HPOS="1681"
                          CONTENT="dicit:"/>
                  <SP HEIGHT="66" WIDTH="18" VPOS="1520" HPOS="1856"/>
                  <String HEIGHT="66"
                          WIDTH="141"
                          VPOS="1520"
                          HPOS="1804"
                          CONTENT="quod"/>
                  <SP HEIGHT="66" WIDTH="18" VPOS="1520" HPOS="1944"/>
                  <String HEIGHT="66"
                          WIDTH="141"
                          VPOS="1520"
                          HPOS="1892"
                          CONTENT="sine"/>
                  <SP HEIGHT="66" WIDTH="18" VPOS="1520" HPOS="2032"/>
                  <String HEIGHT="66"
                          WIDTH="141"
                          VPOS="1520"
                          HPOS="1980"
                          CONTENT="vlla"/>
                  <SP HEIGHT="66" WIDTH="18" VPOS="1520" HPOS="2120"/>
                  <String HEIGHT="66"
                          WIDTH="176"
                          VPOS="1520"
                          HPOS="2050"
                          CONTENT="scientia"/>
               </TextLine>
               <TextLine ID="r2l23"
                         BASELINE="1632"
                         HEIGHT="71"
                         WIDTH="1741"
                         VPOS="1561"
                         HPOS="487">
                  <String HEIGHT="71"
                          WIDTH="241"
                          VPOS="1561"
                          HPOS="468"
                          CONTENT="literarum"/>
                  <SP HEIGHT="71" WIDTH="19" VPOS="1561" HPOS="709"/>
                  <String HEIGHT="71"
                          WIDTH="259"
                          VPOS="1561"
                          HPOS="654"
                          CONTENT="scripturas"/>
                  <SP HEIGHT="71" WIDTH="19" VPOS="1561" HPOS="913"/>
                  <String HEIGHT="71"
                          WIDTH="204"
                          VPOS="1561"
                          HPOS="857"
                          CONTENT="diuinas"/>
                  <SP HEIGHT="71" WIDTH="19" VPOS="1561" HPOS="1061"/>
                  <String HEIGHT="71" WIDTH="93" VPOS="1561" HPOS="1006" CONTENT="&amp;"/>
                  <SP HEIGHT="71" WIDTH="19" VPOS="1561" HPOS="1098"/>
                  <String HEIGHT="71"
                          WIDTH="241"
                          VPOS="1561"
                          HPOS="1043"
                          CONTENT="memoriter"/>
                  <SP HEIGHT="71" WIDTH="19" VPOS="1561" HPOS="1283"/>
                  <String HEIGHT="71"
                          WIDTH="204"
                          VPOS="1561"
                          HPOS="1228"
                          CONTENT="tenuit:"/>
                  <SP HEIGHT="71" WIDTH="19" VPOS="1561" HPOS="1432"/>
                  <String HEIGHT="71" WIDTH="93" VPOS="1561" HPOS="1376" CONTENT="&amp;"/>
                  <SP HEIGHT="71" WIDTH="19" VPOS="1561" HPOS="1469"/>
                  <String HEIGHT="71"
                          WIDTH="241"
                          VPOS="1561"
                          HPOS="1413"
                          CONTENT="prudenter"/>
                  <SP HEIGHT="71" WIDTH="19" VPOS="1561" HPOS="1654"/>
                  <String HEIGHT="71"
                          WIDTH="278"
                          VPOS="1561"
                          HPOS="1598"
                          CONTENT="intellexit."/>
                  <SP HEIGHT="71" WIDTH="19" VPOS="1561" HPOS="1876"/>
                  <String HEIGHT="71"
                          WIDTH="130"
                          VPOS="1561"
                          HPOS="1821"
                          CONTENT="sed"/>
                  <SP HEIGHT="71" WIDTH="19" VPOS="1561" HPOS="1950"/>
                  <String HEIGHT="71"
                          WIDTH="130"
                          VPOS="1561"
                          HPOS="1895"
                          CONTENT="hoc"/>
                  <SP HEIGHT="71" WIDTH="19" VPOS="1561" HPOS="2024"/>
                  <String HEIGHT="71"
                          WIDTH="130"
                          VPOS="1561"
                          HPOS="1969"
                          CONTENT="non"/>
                  <SP HEIGHT="71" WIDTH="19" VPOS="1561" HPOS="2098"/>
                  <String HEIGHT="71"
                          WIDTH="148"
                          VPOS="1561"
                          HPOS="2043"
                          CONTENT="fuit"/>
                  <SP HEIGHT="71" WIDTH="19" VPOS="1561" HPOS="2191"/>
                  <String HEIGHT="71"
                          WIDTH="111"
                          VPOS="1561"
                          HPOS="2117"
                          CONTENT="nisi"/>
               </TextLine>
               <TextLine ID="r2l24"
                         BASELINE="1688"
                         HEIGHT="64"
                         WIDTH="1757"
                         VPOS="1624"
                         HPOS="478">
                  <String HEIGHT="64"
                          WIDTH="135"
                          VPOS="1624"
                          HPOS="459"
                          CONTENT="per"/>
                  <SP HEIGHT="64" WIDTH="19" VPOS="1624" HPOS="594"/>
                  <String HEIGHT="64" WIDTH="116" VPOS="1624" HPOS="536" CONTENT="se"/>
                  <SP HEIGHT="64" WIDTH="19" VPOS="1624" HPOS="652"/>
                  <String HEIGHT="64"
                          WIDTH="270"
                          VPOS="1624"
                          HPOS="594"
                          CONTENT="addiscendo"/>
                  <SP HEIGHT="64" WIDTH="19" VPOS="1624" HPOS="864"/>
                  <String HEIGHT="64"
                          WIDTH="154"
                          VPOS="1624"
                          HPOS="806"
                          CONTENT="hanc"/>
                  <SP HEIGHT="64" WIDTH="19" VPOS="1624" HPOS="961"/>
                  <String HEIGHT="64"
                          WIDTH="270"
                          VPOS="1624"
                          HPOS="903"
                          CONTENT="scientiam."/>
                  <SP HEIGHT="64" WIDTH="19" VPOS="1624" HPOS="1173"/>
                  <String HEIGHT="64"
                          WIDTH="154"
                          VPOS="1624"
                          HPOS="1115"
                          CONTENT="ergo"/>
                  <SP HEIGHT="64" WIDTH="19" VPOS="1624" HPOS="1270"/>
                  <String HEIGHT="64"
                          WIDTH="135"
                          VPOS="1624"
                          HPOS="1212"
                          CONTENT="&amp;c."/>
                  <SP HEIGHT="64" WIDTH="19" VPOS="1624" HPOS="1347"/>
                  <String HEIGHT="64" WIDTH="97" VPOS="1624" HPOS="1289" CONTENT=""/>
                  <SP HEIGHT="64" WIDTH="19" VPOS="1624" HPOS="1385"/>
                  <String HEIGHT="64"
                          WIDTH="251"
                          VPOS="1624"
                          HPOS="1328"
                          CONTENT="Oppositum"/>
                  <SP HEIGHT="64" WIDTH="19" VPOS="1624" HPOS="1579"/>
                  <String HEIGHT="64"
                          WIDTH="232"
                          VPOS="1624"
                          HPOS="1521"
                          CONTENT="arguitur"/>
                  <SP HEIGHT="64" WIDTH="19" VPOS="1624" HPOS="1752"/>
                  <String HEIGHT="64"
                          WIDTH="232"
                          VPOS="1624"
                          HPOS="1694"
                          CONTENT="secundum"/>
                  <SP HEIGHT="64" WIDTH="19" VPOS="1624" HPOS="1926"/>
                  <String HEIGHT="64"
                          WIDTH="174"
                          VPOS="1624"
                          HPOS="1868"
                          CONTENT="illud"/>
                  <SP HEIGHT="64" WIDTH="19" VPOS="1624" HPOS="2042"/>
                  <String HEIGHT="64"
                          WIDTH="154"
                          VPOS="1624"
                          HPOS="1984"
                          CONTENT="quod"/>
                  <SP HEIGHT="64" WIDTH="19" VPOS="1624" HPOS="2138"/>
                  <String HEIGHT="64"
                          WIDTH="174"
                          VPOS="1624"
                          HPOS="2061"
                          CONTENT="habetur"/>
               </TextLine>
               <TextLine ID="r2l25"
                         BASELINE="1749"
                         HEIGHT="70"
                         WIDTH="1737"
                         VPOS="1679"
                         HPOS="491">
                  <String HEIGHT="70"
                          WIDTH="186"
                          VPOS="1679"
                          HPOS="474"
                          CONTENT="Actuum."/>
                  <SP HEIGHT="70" WIDTH="17" VPOS="1679" HPOS="660"/>
                  <String HEIGHT="70"
                          WIDTH="152"
                          VPOS="1679"
                          HPOS="609"
                          CONTENT="viii."/>
                  <SP HEIGHT="70" WIDTH="17" VPOS="1679" HPOS="761"/>
                  <String HEIGHT="70"
                          WIDTH="118"
                          VPOS="1679"
                          HPOS="710"
                          CONTENT="vbi"/>
                  <SP HEIGHT="70" WIDTH="17" VPOS="1679" HPOS="828"/>
                  <String HEIGHT="70"
                          WIDTH="219"
                          VPOS="1679"
                          HPOS="778"
                          CONTENT="quaerebat"/>
                  <SP HEIGHT="70" WIDTH="17" VPOS="1679" HPOS="997"/>
                  <String HEIGHT="70"
                          WIDTH="219"
                          VPOS="1679"
                          HPOS="946"
                          CONTENT="Philippus"/>
                  <SP HEIGHT="70" WIDTH="17" VPOS="1679" HPOS="1166"/>
                  <String HEIGHT="70"
                          WIDTH="101"
                          VPOS="1679"
                          HPOS="1115"
                          CONTENT="ab"/>
                  <SP HEIGHT="70" WIDTH="17" VPOS="1679" HPOS="1216"/>
                  <String HEIGHT="70"
                          WIDTH="186"
                          VPOS="1679"
                          HPOS="1166"
                          CONTENT="eunucho"/>
                  <SP HEIGHT="70" WIDTH="17" VPOS="1679" HPOS="1351"/>
                  <String HEIGHT="70"
                          WIDTH="186"
                          VPOS="1679"
                          HPOS="1300"
                          CONTENT="legente"/>
                  <SP HEIGHT="70" WIDTH="17" VPOS="1679" HPOS="1486"/>
                  <String HEIGHT="70"
                          WIDTH="186"
                          VPOS="1679"
                          HPOS="1435"
                          CONTENT="Esaiam,"/>
                  <SP HEIGHT="70" WIDTH="17" VPOS="1679" HPOS="1621"/>
                  <String HEIGHT="70"
                          WIDTH="152"
                          VPOS="1679"
                          HPOS="1570"
                          CONTENT="putas"/>
                  <SP HEIGHT="70" WIDTH="17" VPOS="1679" HPOS="1722"/>
                  <String HEIGHT="70"
                          WIDTH="101"
                          VPOS="1679"
                          HPOS="1671"
                          CONTENT="ne"/>
                  <SP HEIGHT="70" WIDTH="17" VPOS="1679" HPOS="1773"/>
                  <String HEIGHT="70"
                          WIDTH="236"
                          VPOS="1679"
                          HPOS="1722"
                          CONTENT="intelligis"/>
                  <SP HEIGHT="70" WIDTH="17" VPOS="1679" HPOS="1958"/>
                  <String HEIGHT="70"
                          WIDTH="135"
                          VPOS="1679"
                          HPOS="1908"
                          CONTENT="quae"/>
                  <SP HEIGHT="70" WIDTH="17" VPOS="1679" HPOS="2042"/>
                  <String HEIGHT="70"
                          WIDTH="169"
                          VPOS="1679"
                          HPOS="1992"
                          CONTENT="legis:"/>
                  <SP HEIGHT="70" WIDTH="17" VPOS="1679" HPOS="2161"/>
                  <String HEIGHT="70"
                          WIDTH="118"
                          VPOS="1679"
                          HPOS="2110"
                          CONTENT="Qui"/>
                  <SP HEIGHT="70" WIDTH="17" VPOS="1679" HPOS="2228"/>
                  <String HEIGHT="70" WIDTH="67" VPOS="1679" HPOS="2161" CONTENT="re"/>
               </TextLine>
               <TextLine ID="r2l26"
                         BASELINE="1803"
                         HEIGHT="82"
                         WIDTH="1741"
                         VPOS="1721"
                         HPOS="481">
                  <String HEIGHT="82"
                          WIDTH="222"
                          VPOS="1721"
                          HPOS="462"
                          CONTENT="spondit,"/>
                  <SP HEIGHT="82" WIDTH="19" VPOS="1721" HPOS="685"/>
                  <String HEIGHT="82"
                          WIDTH="204"
                          VPOS="1721"
                          HPOS="629"
                          CONTENT="quomodo"/>
                  <SP HEIGHT="82" WIDTH="19" VPOS="1721" HPOS="833"/>
                  <String HEIGHT="82"
                          WIDTH="185"
                          VPOS="1721"
                          HPOS="777"
                          CONTENT="possum"/>
                  <SP HEIGHT="82" WIDTH="19" VPOS="1721" HPOS="963"/>
                  <String HEIGHT="82" WIDTH="111" VPOS="1721" HPOS="907" CONTENT="si"/>
                  <SP HEIGHT="82" WIDTH="19" VPOS="1721" HPOS="1018"/>
                  <String HEIGHT="82"
                          WIDTH="130"
                          VPOS="1721"
                          HPOS="963"
                          CONTENT="non"/>
                  <SP HEIGHT="82" WIDTH="19" VPOS="1721" HPOS="1092"/>
                  <String HEIGHT="82"
                          WIDTH="204"
                          VPOS="1721"
                          HPOS="1037"
                          CONTENT="aliquis"/>
                  <SP HEIGHT="82" WIDTH="19" VPOS="1721" HPOS="1240"/>
                  <String HEIGHT="82"
                          WIDTH="259"
                          VPOS="1721"
                          HPOS="1185"
                          CONTENT="ostenderit"/>
                  <SP HEIGHT="82" WIDTH="19" VPOS="1721" HPOS="1444"/>
                  <String HEIGHT="82"
                          WIDTH="167"
                          VPOS="1721"
                          HPOS="1389"
                          CONTENT="mihi:"/>
                  <SP HEIGHT="82" WIDTH="19" VPOS="1721" HPOS="1555"/>
                  <String HEIGHT="82"
                          WIDTH="130"
                          VPOS="1721"
                          HPOS="1500"
                          CONTENT="vbi"/>
                  <SP HEIGHT="82" WIDTH="19" VPOS="1721" HPOS="1629"/>
                  <String HEIGHT="82"
                          WIDTH="167"
                          VPOS="1721"
                          HPOS="1574"
                          CONTENT="dicit"/>
                  <SP HEIGHT="82" WIDTH="19" VPOS="1721" HPOS="1740"/>
                  <String HEIGHT="82"
                          WIDTH="167"
                          VPOS="1721"
                          HPOS="1685"
                          CONTENT="Glos."/>
                  <SP HEIGHT="82" WIDTH="19" VPOS="1721" HPOS="1852"/>
                  <String HEIGHT="82"
                          WIDTH="130"
                          VPOS="1721"
                          HPOS="1796"
                          CONTENT="Hic"/>
                  <SP HEIGHT="82" WIDTH="19" VPOS="1721" HPOS="1926"/>
                  <String HEIGHT="82"
                          WIDTH="185"
                          VPOS="1721"
                          HPOS="1870"
                          CONTENT="arguit"/>
                  <SP HEIGHT="82" WIDTH="19" VPOS="1721" HPOS="2055"/>
                  <String HEIGHT="82"
                          WIDTH="167"
                          VPOS="1721"
                          HPOS="2000"
                          CONTENT="eorum"/>
                  <SP HEIGHT="82" WIDTH="19" VPOS="1721" HPOS="2166"/>
                  <String HEIGHT="82"
                          WIDTH="130"
                          VPOS="1721"
                          HPOS="2092"
                          CONTENT="auda"
                          SUBS_TYPE="HypPart1"
                          SUBS_CONTENT="audaciam"/>
                  <HYP CONTENT="-"/>
               </TextLine>
               <TextLine ID="r2l27"
                         BASELINE="1861"
                         HEIGHT="66"
                         WIDTH="1152"
                         VPOS="1795"
                         HPOS="471">
                  <String HEIGHT="66"
                          WIDTH="146"
                          VPOS="1795"
                          HPOS="453"
                          CONTENT="ciam"
                          SUBS_TYPE="HypPart2"
                          SUBS_CONTENT="audaciam"/>
                  <SP HEIGHT="66" WIDTH="18" VPOS="1795" HPOS="599"/>
                  <String HEIGHT="66"
                          WIDTH="128"
                          VPOS="1795"
                          HPOS="544"
                          CONTENT="qui"/>
                  <SP HEIGHT="66" WIDTH="18" VPOS="1795" HPOS="672"/>
                  <String HEIGHT="66"
                          WIDTH="238"
                          VPOS="1795"
                          HPOS="617"
                          CONTENT="aestimant"/>
                  <SP HEIGHT="66" WIDTH="18" VPOS="1795" HPOS="855"/>
                  <String HEIGHT="66"
                          WIDTH="146"
                          VPOS="1795"
                          HPOS="800"
                          CONTENT="sine"/>
                  <SP HEIGHT="66" WIDTH="18" VPOS="1795" HPOS="946"/>
                  <String HEIGHT="66"
                          WIDTH="201"
                          VPOS="1795"
                          HPOS="892"
                          CONTENT="doctore"/>
                  <SP HEIGHT="66" WIDTH="18" VPOS="1795" HPOS="1093"/>
                  <String HEIGHT="66"
                          WIDTH="201"
                          VPOS="1795"
                          HPOS="1038"
                          CONTENT="diuinam"/>
                  <SP HEIGHT="66" WIDTH="18" VPOS="1795" HPOS="1239"/>
                  <String HEIGHT="66"
                          WIDTH="256"
                          VPOS="1795"
                          HPOS="1184"
                          CONTENT="scripturam"/>
                  <SP HEIGHT="66" WIDTH="18" VPOS="1795" HPOS="1440"/>
                  <String HEIGHT="66"
                          WIDTH="256"
                          VPOS="1795"
                          HPOS="1367"
                          CONTENT="intelligere."/>
               </TextLine>
               <TextLine ID="r2l28"
                         BASELINE="1963"
                         HEIGHT="118"
                         WIDTH="1750"
                         VPOS="1845"
                         HPOS="485">
                  <String HEIGHT="118" WIDTH="108" VPOS="1845" HPOS="463" CONTENT=""/>
                  <SP HEIGHT="118" WIDTH="22" VPOS="1845" HPOS="571"/>
                  <String HEIGHT="118"
                          WIDTH="151"
                          VPOS="1845"
                          HPOS="507"
                          CONTENT="Hic"/>
                  <SP HEIGHT="118" WIDTH="22" VPOS="1845" HPOS="658"/>
                  <String HEIGHT="118"
                          WIDTH="367"
                          VPOS="1845"
                          HPOS="593"
                          CONTENT="intelligendum"/>
                  <SP HEIGHT="118" WIDTH="22" VPOS="1845" HPOS="960"/>
                  <String HEIGHT="118"
                          WIDTH="151"
                          VPOS="1845"
                          HPOS="895"
                          CONTENT="est"/>
                  <SP HEIGHT="118" WIDTH="22" VPOS="1845" HPOS="1047"/>
                  <String HEIGHT="118"
                          WIDTH="130"
                          VPOS="1845"
                          HPOS="982"
                          CONTENT="in"/>
                  <SP HEIGHT="118" WIDTH="22" VPOS="1845" HPOS="1112"/>
                  <String HEIGHT="118"
                          WIDTH="302"
                          VPOS="1845"
                          HPOS="1047"
                          CONTENT="principio:"/>
                  <SP HEIGHT="118" WIDTH="22" VPOS="1845" HPOS="1349"/>
                  <String HEIGHT="118"
                          WIDTH="151"
                          VPOS="1845"
                          HPOS="1284"
                          CONTENT="cum"/>
                  <SP HEIGHT="118" WIDTH="22" VPOS="1845" HPOS="1436"/>
                  <String HEIGHT="118"
                          WIDTH="173"
                          VPOS="1845"
                          HPOS="1371"
                          CONTENT="ista"/>
                  <SP HEIGHT="118" WIDTH="22" VPOS="1845" HPOS="1544"/>
                  <String HEIGHT="118"
                          WIDTH="259"
                          VPOS="1845"
                          HPOS="1479"
                          CONTENT="scientia"/>
                  <SP HEIGHT="118" WIDTH="22" VPOS="1845" HPOS="1738"/>
                  <String HEIGHT="118"
                          WIDTH="151"
                          VPOS="1845"
                          HPOS="1673"
                          CONTENT="sit"/>
                  <SP HEIGHT="118" WIDTH="22" VPOS="1845" HPOS="1825"/>
                  <String HEIGHT="118"
                          WIDTH="324"
                          VPOS="1845"
                          HPOS="1760"
                          CONTENT="credendorum"/>
                  <SP HEIGHT="118" WIDTH="22" VPOS="1845" HPOS="2084"/>
                  <String HEIGHT="118"
                          WIDTH="151"
                          VPOS="1845"
                          HPOS="2019"
                          CONTENT="per"/>
                  <SP HEIGHT="118" WIDTH="22" VPOS="1845" HPOS="2170"/>
                  <String HEIGHT="118"
                          WIDTH="151"
                          VPOS="1845"
                          HPOS="2084"
                          CONTENT="fidem"/>
               </TextLine>
               <TextLine ID="r2l29"
                         BASELINE="2018"
                         HEIGHT="73"
                         WIDTH="1739"
                         VPOS="1945"
                         HPOS="493">
                  <String HEIGHT="73" WIDTH="91" VPOS="1945" HPOS="475" CONTENT="&amp;"/>
                  <SP HEIGHT="73" WIDTH="18" VPOS="1945" HPOS="565"/>
                  <String HEIGHT="73"
                          WIDTH="272"
                          VPOS="1945"
                          HPOS="511"
                          CONTENT="operandorum"/>
                  <SP HEIGHT="73" WIDTH="18" VPOS="1945" HPOS="783"/>
                  <String HEIGHT="73"
                          WIDTH="127"
                          VPOS="1945"
                          HPOS="728"
                          CONTENT="per"/>
                  <SP HEIGHT="73" WIDTH="18" VPOS="1945" HPOS="855"/>
                  <String HEIGHT="73"
                          WIDTH="272"
                          VPOS="1945"
                          HPOS="801"
                          CONTENT="charitatem,"/>
                  <SP HEIGHT="73" WIDTH="18" VPOS="1945" HPOS="1073"/>
                  <String HEIGHT="73"
                          WIDTH="109"
                          VPOS="1945"
                          HPOS="1018"
                          CONTENT="vt"/>
                  <SP HEIGHT="73" WIDTH="18" VPOS="1945" HPOS="1127"/>
                  <String HEIGHT="73"
                          WIDTH="181"
                          VPOS="1945"
                          HPOS="1073"
                          CONTENT="dictum"/>
                  <SP HEIGHT="73" WIDTH="18" VPOS="1945" HPOS="1254"/>
                  <String HEIGHT="73"
                          WIDTH="127"
                          VPOS="1945"
                          HPOS="1199"
                          CONTENT="est"/>
                  <SP HEIGHT="73" WIDTH="18" VPOS="1945" HPOS="1326"/>
                  <String HEIGHT="73"
                          WIDTH="181"
                          VPOS="1945"
                          HPOS="1272"
                          CONTENT="supra:"/>
                  <SP HEIGHT="73" WIDTH="18" VPOS="1945" HPOS="1453"/>
                  <String HEIGHT="73"
                          WIDTH="145"
                          VPOS="1945"
                          HPOS="1399"
                          CONTENT="quod"/>
                  <SP HEIGHT="73" WIDTH="18" VPOS="1945" HPOS="1544"/>
                  <String HEIGHT="73"
                          WIDTH="163"
                          VPOS="1945"
                          HPOS="1489"
                          CONTENT="Aliud"/>
                  <SP HEIGHT="73" WIDTH="18" VPOS="1945" HPOS="1652"/>
                  <String HEIGHT="73"
                          WIDTH="127"
                          VPOS="1945"
                          HPOS="1598"
                          CONTENT="est"/>
                  <SP HEIGHT="73" WIDTH="18" VPOS="1945" HPOS="1725"/>
                  <String HEIGHT="73"
                          WIDTH="163"
                          VPOS="1945"
                          HPOS="1670"
                          CONTENT="scire"/>
                  <SP HEIGHT="73" WIDTH="18" VPOS="1945" HPOS="1833"/>
                  <String HEIGHT="73"
                          WIDTH="145"
                          VPOS="1945"
                          HPOS="1779"
                          CONTENT="siue"/>
                  <SP HEIGHT="73" WIDTH="18" VPOS="1945" HPOS="1924"/>
                  <String HEIGHT="73"
                          WIDTH="254"
                          VPOS="1945"
                          HPOS="1870"
                          CONTENT="cognoscere"/>
                  <SP HEIGHT="73" WIDTH="18" VPOS="1945" HPOS="2123"/>
                  <String HEIGHT="73"
                          WIDTH="181"
                          VPOS="1945"
                          HPOS="2051"
                          CONTENT="credenda"/>
               </TextLine>
               <TextLine ID="r2l30"
                         BASELINE="2068"
                         HEIGHT="69"
                         WIDTH="1744"
                         VPOS="1999"
                         HPOS="485">
                  <String HEIGHT="69" WIDTH="92" VPOS="1999" HPOS="467" CONTENT="&amp;"/>
                  <SP HEIGHT="69" WIDTH="18" VPOS="1999" HPOS="558"/>
                  <String HEIGHT="69"
                          WIDTH="220"
                          VPOS="1999"
                          HPOS="503"
                          CONTENT="operanda"/>
                  <SP HEIGHT="69" WIDTH="18" VPOS="1999" HPOS="724"/>
                  <String HEIGHT="69"
                          WIDTH="147"
                          VPOS="1999"
                          HPOS="669"
                          CONTENT="quae"/>
                  <SP HEIGHT="69" WIDTH="18" VPOS="1999" HPOS="815"/>
                  <String HEIGHT="69"
                          WIDTH="239"
                          VPOS="1999"
                          HPOS="760"
                          CONTENT="pertinent"/>
                  <SP HEIGHT="69" WIDTH="18" VPOS="1999" HPOS="999"/>
                  <String HEIGHT="69" WIDTH="110" VPOS="1999" HPOS="944" CONTENT="ad"/>
                  <SP HEIGHT="69" WIDTH="18" VPOS="1999" HPOS="1054"/>
                  <String HEIGHT="69"
                          WIDTH="147"
                          VPOS="1999"
                          HPOS="999"
                          CONTENT="hanc"/>
                  <SP HEIGHT="69" WIDTH="18" VPOS="1999" HPOS="1146"/>
                  <String HEIGHT="69"
                          WIDTH="257"
                          VPOS="1999"
                          HPOS="1091"
                          CONTENT="scientiam,"/>
                  <SP HEIGHT="69" WIDTH="18" VPOS="1999" HPOS="1348"/>
                  <String HEIGHT="69"
                          WIDTH="275"
                          VPOS="1999"
                          HPOS="1293"
                          CONTENT="discernendo"/>
                  <SP HEIGHT="69" WIDTH="18" VPOS="1999" HPOS="1568"/>
                  <String HEIGHT="69"
                          WIDTH="220"
                          VPOS="1999"
                          HPOS="1513"
                          CONTENT="scilicet"/>
                  <SP HEIGHT="69" WIDTH="18" VPOS="1999" HPOS="1733"/>
                  <String HEIGHT="69"
                          WIDTH="220"
                          VPOS="1999"
                          HPOS="1678"
                          CONTENT="credenda"/>
                  <SP HEIGHT="69" WIDTH="18" VPOS="1999" HPOS="1899"/>
                  <String HEIGHT="69" WIDTH="92" VPOS="1999" HPOS="1843" CONTENT="&amp;"/>
                  <SP HEIGHT="69" WIDTH="18" VPOS="1999" HPOS="1935"/>
                  <String HEIGHT="69"
                          WIDTH="220"
                          VPOS="1999"
                          HPOS="1880"
                          CONTENT="operanda"/>
                  <SP HEIGHT="69" WIDTH="18" VPOS="1999" HPOS="2100"/>
                  <String HEIGHT="69"
                          WIDTH="165"
                          VPOS="1999"
                          HPOS="2045"
                          CONTENT="inter"/>
                  <SP HEIGHT="69" WIDTH="18" VPOS="1999" HPOS="2211"/>
                  <String HEIGHT="69"
                          WIDTH="92"
                          VPOS="1999"
                          HPOS="2137"
                          CONTENT="se:"/>
               </TextLine>
               <TextLine ID="r2l31"
                         BASELINE="2123"
                         HEIGHT="81"
                         WIDTH="1737"
                         VPOS="2042"
                         HPOS="485">
                  <String HEIGHT="81" WIDTH="95" VPOS="2042" HPOS="466" CONTENT="&amp;"/>
                  <SP HEIGHT="81" WIDTH="19" VPOS="2042" HPOS="561"/>
                  <String HEIGHT="81" WIDTH="95" VPOS="2042" HPOS="504" CONTENT="a"/>
                  <SP HEIGHT="81" WIDTH="19" VPOS="2042" HPOS="600"/>
                  <String HEIGHT="81"
                          WIDTH="134"
                          VPOS="2042"
                          HPOS="542"
                          CONTENT="non"/>
                  <SP HEIGHT="81" WIDTH="19" VPOS="2042" HPOS="676"/>
                  <String HEIGHT="81"
                          WIDTH="267"
                          VPOS="2042"
                          HPOS="619"
                          CONTENT="credendis:"/>
                  <SP HEIGHT="81" WIDTH="19" VPOS="2042" HPOS="886"/>
                  <String HEIGHT="81" WIDTH="95" VPOS="2042" HPOS="829" CONTENT="&amp;"/>
                  <SP HEIGHT="81" WIDTH="19" VPOS="2042" HPOS="924"/>
                  <String HEIGHT="81" WIDTH="95" VPOS="2042" HPOS="867" CONTENT="a"/>
                  <SP HEIGHT="81" WIDTH="19" VPOS="2042" HPOS="962"/>
                  <String HEIGHT="81"
                          WIDTH="134"
                          VPOS="2042"
                          HPOS="905"
                          CONTENT="non"/>
                  <SP HEIGHT="81" WIDTH="19" VPOS="2042" HPOS="1039"/>
                  <String HEIGHT="81"
                          WIDTH="267"
                          VPOS="2042"
                          HPOS="981"
                          CONTENT="operandis:"/>
                  <SP HEIGHT="81" WIDTH="19" VPOS="2042" HPOS="1249"/>
                  <String HEIGHT="81"
                          WIDTH="172"
                          VPOS="2042"
                          HPOS="1191"
                          CONTENT="Aliud"/>
                  <SP HEIGHT="81" WIDTH="19" VPOS="2042" HPOS="1363"/>
                  <String HEIGHT="81"
                          WIDTH="153"
                          VPOS="2042"
                          HPOS="1306"
                          CONTENT="vero"/>
                  <SP HEIGHT="81" WIDTH="19" VPOS="2042" HPOS="1458"/>
                  <String HEIGHT="81"
                          WIDTH="134"
                          VPOS="2042"
                          HPOS="1401"
                          CONTENT="est"/>
                  <SP HEIGHT="81" WIDTH="19" VPOS="2042" HPOS="1535"/>
                  <String HEIGHT="81"
                          WIDTH="191"
                          VPOS="2042"
                          HPOS="1478"
                          CONTENT="habere"/>
                  <SP HEIGHT="81" WIDTH="19" VPOS="2042" HPOS="1668"/>
                  <String HEIGHT="81"
                          WIDTH="248"
                          VPOS="2042"
                          HPOS="1611"
                          CONTENT="scientiam"/>
                  <SP HEIGHT="81" WIDTH="19" VPOS="2042" HPOS="1859"/>
                  <String HEIGHT="81"
                          WIDTH="286"
                          VPOS="2042"
                          HPOS="1802"
                          CONTENT="credendorum"/>
                  <SP HEIGHT="81" WIDTH="19" VPOS="2042" HPOS="2088"/>
                  <String HEIGHT="81" WIDTH="95" VPOS="2042" HPOS="2031" CONTENT="&amp;"/>
                  <SP HEIGHT="81" WIDTH="19" VPOS="2042" HPOS="2127"/>
                  <String HEIGHT="81"
                          WIDTH="172"
                          VPOS="2042"
                          HPOS="2050"
                          CONTENT="operan"
                          SUBS_TYPE="HypPart1"
                          SUBS_CONTENT="operandorum,"/>
                  <HYP CONTENT="-"/>
               </TextLine>
               <TextLine ID="r2l32"
                         BASELINE="2171"
                         HEIGHT="69"
                         WIDTH="1726"
                         VPOS="2102"
                         HPOS="495">
                  <String HEIGHT="69"
                          WIDTH="190"
                          VPOS="2102"
                          HPOS="476"
                          CONTENT="dorum,"
                          SUBS_TYPE="HypPart2"
                          SUBS_CONTENT="operandorum,"/>
                  <SP HEIGHT="69" WIDTH="19" VPOS="2102" HPOS="666"/>
                  <String HEIGHT="69"
                          WIDTH="228"
                          VPOS="2102"
                          HPOS="609"
                          CONTENT="scilicet"/>
                  <SP HEIGHT="69" WIDTH="19" VPOS="2102" HPOS="836"/>
                  <String HEIGHT="69"
                          WIDTH="171"
                          VPOS="2102"
                          HPOS="780"
                          CONTENT="scire"/>
                  <SP HEIGHT="69" WIDTH="19" VPOS="2102" HPOS="950"/>
                  <String HEIGHT="69"
                          WIDTH="133"
                          VPOS="2102"
                          HPOS="893"
                          CONTENT="non"/>
                  <SP HEIGHT="69" WIDTH="19" VPOS="2102" HPOS="1026"/>
                  <String HEIGHT="69"
                          WIDTH="171"
                          VPOS="2102"
                          HPOS="969"
                          CONTENT="solum"/>
                  <SP HEIGHT="69" WIDTH="19" VPOS="2102" HPOS="1140"/>
                  <String HEIGHT="69"
                          WIDTH="152"
                          VPOS="2102"
                          HPOS="1083"
                          CONTENT="quid"/>
                  <SP HEIGHT="69" WIDTH="19" VPOS="2102" HPOS="1235"/>
                  <String HEIGHT="69"
                          WIDTH="247"
                          VPOS="2102"
                          HPOS="1178"
                          CONTENT="credendum"/>
                  <SP HEIGHT="69" WIDTH="19" VPOS="2102" HPOS="1424"/>
                  <String HEIGHT="69" WIDTH="95" VPOS="2102" HPOS="1367" CONTENT="&amp;"/>
                  <SP HEIGHT="69" WIDTH="19" VPOS="2102" HPOS="1462"/>
                  <String HEIGHT="69"
                          WIDTH="152"
                          VPOS="2102"
                          HPOS="1405"
                          CONTENT="quid"/>
                  <SP HEIGHT="69" WIDTH="19" VPOS="2102" HPOS="1557"/>
                  <String HEIGHT="69"
                          WIDTH="133"
                          VPOS="2102"
                          HPOS="1500"
                          CONTENT="non"/>
                  <SP HEIGHT="69" WIDTH="19" VPOS="2102" HPOS="1633"/>
                  <String HEIGHT="69"
                          WIDTH="266"
                          VPOS="2102"
                          HPOS="1576"
                          CONTENT="credendum:"/>
                  <SP HEIGHT="69" WIDTH="19" VPOS="2102" HPOS="1842"/>
                  <String HEIGHT="69"
                          WIDTH="152"
                          VPOS="2102"
                          HPOS="1785"
                          CONTENT="quid"/>
                  <SP HEIGHT="69" WIDTH="19" VPOS="2102" HPOS="1936"/>
                  <String HEIGHT="69"
                          WIDTH="247"
                          VPOS="2102"
                          HPOS="1880"
                          CONTENT="operandum"/>
                  <SP HEIGHT="69" WIDTH="19" VPOS="2102" HPOS="2126"/>
                  <String HEIGHT="69" WIDTH="95" VPOS="2102" HPOS="2069" CONTENT="&amp;"/>
                  <SP HEIGHT="69" WIDTH="19" VPOS="2102" HPOS="2164"/>
                  <String HEIGHT="69"
                          WIDTH="152"
                          VPOS="2102"
                          HPOS="2107"
                          CONTENT="quid"/>
                  <SP HEIGHT="69" WIDTH="19" VPOS="2102" HPOS="2259"/>
                  <String HEIGHT="69" WIDTH="38" VPOS="2102" HPOS="2183" CONTENT=""/>
               </TextLine>
               <TextLine ID="r2l33"
                         BASELINE="2234"
                         HEIGHT="69"
                         WIDTH="1746"
                         VPOS="2165"
                         HPOS="482">
                  <String HEIGHT="69"
                          WIDTH="136"
                          VPOS="2165"
                          HPOS="463"
                          CONTENT="non"/>
                  <SP HEIGHT="69" WIDTH="19" VPOS="2165" HPOS="598"/>
                  <String HEIGHT="69"
                          WIDTH="272"
                          VPOS="2165"
                          HPOS="540"
                          CONTENT="operandum:"/>
                  <SP HEIGHT="69" WIDTH="19" VPOS="2165" HPOS="812"/>
                  <String HEIGHT="69"
                          WIDTH="136"
                          VPOS="2165"
                          HPOS="754"
                          CONTENT="sed"/>
                  <SP HEIGHT="69" WIDTH="19" VPOS="2165" HPOS="889"/>
                  <String HEIGHT="69"
                          WIDTH="175"
                          VPOS="2165"
                          HPOS="831"
                          CONTENT="etiam"/>
                  <SP HEIGHT="69" WIDTH="19" VPOS="2165" HPOS="1006"/>
                  <String HEIGHT="69"
                          WIDTH="213"
                          VPOS="2165"
                          HPOS="948"
                          CONTENT="quomodo"/>
                  <SP HEIGHT="69" WIDTH="19" VPOS="2165" HPOS="1161"/>
                  <String HEIGHT="69"
                          WIDTH="175"
                          VPOS="2165"
                          HPOS="1103"
                          CONTENT="fides"/>
                  <SP HEIGHT="69" WIDTH="19" VPOS="2165" HPOS="1277"/>
                  <String HEIGHT="69"
                          WIDTH="291"
                          VPOS="2165"
                          HPOS="1219"
                          CONTENT="credendorum"/>
                  <SP HEIGHT="69" WIDTH="19" VPOS="2165" HPOS="1510"/>
                  <String HEIGHT="69" WIDTH="97" VPOS="2165" HPOS="1452" CONTENT="&amp;"/>
                  <SP HEIGHT="69" WIDTH="19" VPOS="2165" HPOS="1549"/>
                  <String HEIGHT="69"
                          WIDTH="233"
                          VPOS="2165"
                          HPOS="1491"
                          CONTENT="charitas"/>
                  <SP HEIGHT="69" WIDTH="19" VPOS="2165" HPOS="1724"/>
                  <String HEIGHT="69"
                          WIDTH="291"
                          VPOS="2165"
                          HPOS="1665"
                          CONTENT="operandorum"/>
                  <SP HEIGHT="69" WIDTH="19" VPOS="2165" HPOS="1956"/>
                  <String HEIGHT="69"
                          WIDTH="252"
                          VPOS="2165"
                          HPOS="1898"
                          CONTENT="gignitur,"/>
                  <SP HEIGHT="69" WIDTH="19" VPOS="2165" HPOS="2150"/>
                  <String HEIGHT="69"
                          WIDTH="155"
                          VPOS="2165"
                          HPOS="2073"
                          CONTENT="nutri"
                          SUBS_TYPE="HypPart1"
                          SUBS_CONTENT="nutritur,"/>
                  <HYP CONTENT="-"/>
               </TextLine>
               <TextLine ID="r2l34"
                         BASELINE="2285"
                         HEIGHT="70"
                         WIDTH="1741"
                         VPOS="2215"
                         HPOS="478">
                  <String HEIGHT="70"
                          WIDTH="131"
                          VPOS="2215"
                          HPOS="462"
                          CONTENT="tur,"
                          SUBS_TYPE="HypPart2"
                          SUBS_CONTENT="nutritur,"/>
                  <SP HEIGHT="70" WIDTH="16" VPOS="2215" HPOS="593"/>
                  <String HEIGHT="70"
                          WIDTH="230"
                          VPOS="2215"
                          HPOS="544"
                          CONTENT="roboratur,"/>
                  <SP HEIGHT="70" WIDTH="16" VPOS="2215" HPOS="774"/>
                  <String HEIGHT="70" WIDTH="82" VPOS="2215" HPOS="724" CONTENT="&amp;"/>
                  <SP HEIGHT="70" WIDTH="16" VPOS="2215" HPOS="806"/>
                  <String HEIGHT="70"
                          WIDTH="246"
                          VPOS="2215"
                          HPOS="757"
                          CONTENT="defenditur:"/>
                  <SP HEIGHT="70" WIDTH="16" VPOS="2215" HPOS="1004"/>
                  <String HEIGHT="70"
                          WIDTH="115"
                          VPOS="2215"
                          HPOS="954"
                          CONTENT="qua"/>
                  <SP HEIGHT="70" WIDTH="16" VPOS="2215" HPOS="1069"/>
                  <String HEIGHT="70"
                          WIDTH="197"
                          VPOS="2215"
                          HPOS="1020"
                          CONTENT="scientia"/>
                  <SP HEIGHT="70" WIDTH="16" VPOS="2215" HPOS="1217"/>
                  <String HEIGHT="70"
                          WIDTH="115"
                          VPOS="2215"
                          HPOS="1168"
                          CONTENT="non"/>
                  <SP HEIGHT="70" WIDTH="16" VPOS="2215" HPOS="1283"/>
                  <String HEIGHT="70"
                          WIDTH="181"
                          VPOS="2215"
                          HPOS="1234"
                          CONTENT="pollent"/>
                  <SP HEIGHT="70" WIDTH="16" VPOS="2215" HPOS="1414"/>
                  <String HEIGHT="70"
                          WIDTH="181"
                          VPOS="2215"
                          HPOS="1365"
                          CONTENT="fideles"/>
                  <SP HEIGHT="70" WIDTH="16" VPOS="2215" HPOS="1546"/>
                  <String HEIGHT="70"
                          WIDTH="197"
                          VPOS="2215"
                          HPOS="1496"
                          CONTENT="plurimi,"/>
                  <SP HEIGHT="70" WIDTH="16" VPOS="2215" HPOS="1693"/>
                  <String HEIGHT="70"
                          WIDTH="181"
                          VPOS="2215"
                          HPOS="1644"
                          CONTENT="quamuis"/>
                  <SP HEIGHT="70" WIDTH="16" VPOS="2215" HPOS="1825"/>
                  <String HEIGHT="70"
                          WIDTH="197"
                          VPOS="2215"
                          HPOS="1776"
                          CONTENT="polleant"/>
                  <SP HEIGHT="70" WIDTH="16" VPOS="2215" HPOS="1973"/>
                  <String HEIGHT="70"
                          WIDTH="131"
                          VPOS="2215"
                          HPOS="1923"
                          CONTENT="ipsa"/>
                  <SP HEIGHT="70" WIDTH="16" VPOS="2215" HPOS="2055"/>
                  <String HEIGHT="70"
                          WIDTH="131"
                          VPOS="2215"
                          HPOS="2005"
                          CONTENT="fide"/>
                  <SP HEIGHT="70" WIDTH="16" VPOS="2215" HPOS="2137"/>
                  <String HEIGHT="70"
                          WIDTH="115"
                          VPOS="2215"
                          HPOS="2088"
                          CONTENT="vel"/>
                  <SP HEIGHT="70" WIDTH="16" VPOS="2215" HPOS="2203"/>
                  <String HEIGHT="70"
                          WIDTH="82"
                          VPOS="2215"
                          HPOS="2137"
                          CONTENT="di"
                          SUBS_TYPE="HypPart1"
                          SUBS_CONTENT="dilectione"/>
                  <HYP CONTENT="-"/>
               </TextLine>
               <TextLine ID="r2l35"
                         BASELINE="2329"
                         HEIGHT="75"
                         WIDTH="1739"
                         VPOS="2254"
                         HPOS="480">
                  <String HEIGHT="75"
                          WIDTH="229"
                          VPOS="2254"
                          HPOS="461"
                          CONTENT="lectione"
                          SUBS_TYPE="HypPart2"
                          SUBS_CONTENT="dilectione"/>
                  <SP HEIGHT="75" WIDTH="19" VPOS="2254" HPOS="690"/>
                  <String HEIGHT="75"
                          WIDTH="248"
                          VPOS="2254"
                          HPOS="633"
                          CONTENT="plurimum."/>
                  <SP HEIGHT="75" WIDTH="19" VPOS="2254" HPOS="881"/>
                  <String HEIGHT="75"
                          WIDTH="172"
                          VPOS="2254"
                          HPOS="824"
                          CONTENT="Aliud"/>
                  <SP HEIGHT="75" WIDTH="19" VPOS="2254" HPOS="996"/>
                  <String HEIGHT="75"
                          WIDTH="134"
                          VPOS="2254"
                          HPOS="939"
                          CONTENT="est"/>
                  <SP HEIGHT="75" WIDTH="19" VPOS="2254" HPOS="1072"/>
                  <String HEIGHT="75"
                          WIDTH="153"
                          VPOS="2254"
                          HPOS="1015"
                          CONTENT="enim"/>
                  <SP HEIGHT="75" WIDTH="19" VPOS="2254" HPOS="1168"/>
                  <String HEIGHT="75"
                          WIDTH="172"
                          VPOS="2254"
                          HPOS="1111"
                          CONTENT="scire"/>
                  <SP HEIGHT="75" WIDTH="19" VPOS="2254" HPOS="1283"/>
                  <String HEIGHT="75"
                          WIDTH="248"
                          VPOS="2254"
                          HPOS="1225"
                          CONTENT="solummodo"/>
                  <SP HEIGHT="75" WIDTH="19" VPOS="2254" HPOS="1474"/>
                  <String HEIGHT="75"
                          WIDTH="153"
                          VPOS="2254"
                          HPOS="1416"
                          CONTENT="quid"/>
                  <SP HEIGHT="75" WIDTH="19" VPOS="2254" HPOS="1569"/>
                  <String HEIGHT="75"
                          WIDTH="153"
                          VPOS="2254"
                          HPOS="1512"
                          CONTENT="homo"/>
                  <SP HEIGHT="75" WIDTH="19" VPOS="2254" HPOS="1665"/>
                  <String HEIGHT="75"
                          WIDTH="210"
                          VPOS="2254"
                          HPOS="1607"
                          CONTENT="credere"/>
                  <SP HEIGHT="75" WIDTH="19" VPOS="2254" HPOS="1818"/>
                  <String HEIGHT="75"
                          WIDTH="134"
                          VPOS="2254"
                          HPOS="1760"
                          CONTENT="vel"/>
                  <SP HEIGHT="75" WIDTH="19" VPOS="2254" HPOS="1894"/>
                  <String HEIGHT="75"
                          WIDTH="210"
                          VPOS="2254"
                          HPOS="1837"
                          CONTENT="operari"/>
                  <SP HEIGHT="75" WIDTH="19" VPOS="2254" HPOS="2047"/>
                  <String HEIGHT="75"
                          WIDTH="191"
                          VPOS="2254"
                          HPOS="1990"
                          CONTENT="debeat"/>
                  <SP HEIGHT="75" WIDTH="19" VPOS="2254" HPOS="2181"/>
                  <String HEIGHT="75"
                          WIDTH="115"
                          VPOS="2254"
                          HPOS="2104"
                          CONTENT="pro"
                          SUBS_TYPE="HypPart1"
                          SUBS_CONTENT="propter"/>
                  <HYP CONTENT="-"/>
               </TextLine>
               <TextLine ID="r2l36"
                         BASELINE="2389"
                         HEIGHT="76"
                         WIDTH="1750"
                         VPOS="2313"
                         HPOS="484">
                  <String HEIGHT="76"
                          WIDTH="156"
                          VPOS="2313"
                          HPOS="465"
                          CONTENT="pter"
                          SUBS_TYPE="HypPart2"
                          SUBS_CONTENT="propter"/>
                  <SP HEIGHT="76" WIDTH="19" VPOS="2313" HPOS="620"/>
                  <String HEIGHT="76"
                          WIDTH="311"
                          VPOS="2313"
                          HPOS="562"
                          CONTENT="adipiscendam"/>
                  <SP HEIGHT="76" WIDTH="19" VPOS="2313" HPOS="873"/>
                  <String HEIGHT="76"
                          WIDTH="194"
                          VPOS="2313"
                          HPOS="815"
                          CONTENT="beatam"/>
                  <SP HEIGHT="76" WIDTH="19" VPOS="2313" HPOS="1009"/>
                  <String HEIGHT="76"
                          WIDTH="194"
                          VPOS="2313"
                          HPOS="951"
                          CONTENT="vitam:"/>
                  <SP HEIGHT="76" WIDTH="19" VPOS="2313" HPOS="1145"/>
                  <String HEIGHT="76"
                          WIDTH="175"
                          VPOS="2313"
                          HPOS="1087"
                          CONTENT="Aliud"/>
                  <SP HEIGHT="76" WIDTH="19" VPOS="2313" HPOS="1262"/>
                  <String HEIGHT="76"
                          WIDTH="175"
                          VPOS="2313"
                          HPOS="1203"
                          CONTENT="autem"/>
                  <SP HEIGHT="76" WIDTH="19" VPOS="2313" HPOS="1378"/>
                  <String HEIGHT="76"
                          WIDTH="136"
                          VPOS="2313"
                          HPOS="1320"
                          CONTENT="est"/>
                  <SP HEIGHT="76" WIDTH="19" VPOS="2313" HPOS="1456"/>
                  <String HEIGHT="76"
                          WIDTH="175"
                          VPOS="2313"
                          HPOS="1398"
                          CONTENT="scire"/>
                  <SP HEIGHT="76" WIDTH="19" VPOS="2313" HPOS="1573"/>
                  <String HEIGHT="76"
                          WIDTH="214"
                          VPOS="2313"
                          HPOS="1515"
                          CONTENT="quoniam"/>
                  <SP HEIGHT="76" WIDTH="19" VPOS="2313" HPOS="1728"/>
                  <String HEIGHT="76"
                          WIDTH="136"
                          VPOS="2313"
                          HPOS="1670"
                          CONTENT="hoc"/>
                  <SP HEIGHT="76" WIDTH="19" VPOS="2313" HPOS="1806"/>
                  <String HEIGHT="76"
                          WIDTH="175"
                          VPOS="2313"
                          HPOS="1748"
                          CONTENT="ipsum"/>
                  <SP HEIGHT="76" WIDTH="19" VPOS="2313" HPOS="1923"/>
                  <String HEIGHT="76"
                          WIDTH="156"
                          VPOS="2313"
                          HPOS="1865"
                          CONTENT="piis"/>
                  <SP HEIGHT="76" WIDTH="19" VPOS="2313" HPOS="2020"/>
                  <String HEIGHT="76"
                          WIDTH="292"
                          VPOS="2313"
                          HPOS="1962"
                          CONTENT="opituletur:"/>
                  <SP HEIGHT="76" WIDTH="19" VPOS="2313" HPOS="2253"/>
                  <String HEIGHT="76" WIDTH="58" VPOS="2313" HPOS="2176" CONTENT="&amp;"/>
               </TextLine>
               <TextLine ID="r2l37"
                         BASELINE="2445"
                         HEIGHT="69"
                         WIDTH="1744"
                         VPOS="2376"
                         HPOS="485">
                  <String HEIGHT="69"
                          WIDTH="171"
                          VPOS="2376"
                          HPOS="468"
                          CONTENT="contra"/>
                  <SP HEIGHT="69" WIDTH="17" VPOS="2376" HPOS="639"/>
                  <String HEIGHT="69"
                          WIDTH="171"
                          VPOS="2376"
                          HPOS="588"
                          CONTENT="impios"/>
                  <SP HEIGHT="69" WIDTH="17" VPOS="2376" HPOS="759"/>
                  <String HEIGHT="69"
                          WIDTH="256"
                          VPOS="2376"
                          HPOS="707"
                          CONTENT="defendatur,"/>
                  <SP HEIGHT="69" WIDTH="17" VPOS="2376" HPOS="964"/>
                  <String HEIGHT="69" WIDTH="103" VPOS="2376" HPOS="912" CONTENT="vt"/>
                  <SP HEIGHT="69" WIDTH="17" VPOS="2376" HPOS="1015"/>
                  <String HEIGHT="69"
                          WIDTH="154"
                          VPOS="2376"
                          HPOS="964"
                          CONTENT="dicit"/>
                  <SP HEIGHT="69" WIDTH="17" VPOS="2376" HPOS="1118"/>
                  <String HEIGHT="69"
                          WIDTH="256"
                          VPOS="2376"
                          HPOS="1066"
                          CONTENT="Augustinus."/>
                  <SP HEIGHT="69" WIDTH="17" VPOS="2376" HPOS="1323"/>
                  <String HEIGHT="69"
                          WIDTH="171"
                          VPOS="2376"
                          HPOS="1272"
                          CONTENT="xiiii."/>
                  <SP HEIGHT="69" WIDTH="17" VPOS="2376" HPOS="1442"/>
                  <String HEIGHT="69"
                          WIDTH="103"
                          VPOS="2376"
                          HPOS="1391"
                          CONTENT="de"/>
                  <SP HEIGHT="69" WIDTH="17" VPOS="2376" HPOS="1494"/>
                  <String HEIGHT="69"
                          WIDTH="239"
                          VPOS="2376"
                          HPOS="1442"
                          CONTENT="trinitate."/>
                  <SP HEIGHT="69" WIDTH="17" VPOS="2376" HPOS="1682"/>
                  <String HEIGHT="69"
                          WIDTH="103"
                          VPOS="2376"
                          HPOS="1631"
                          CONTENT="Et"/>
                  <SP HEIGHT="69" WIDTH="17" VPOS="2376" HPOS="1733"/>
                  <String HEIGHT="69"
                          WIDTH="120"
                          VPOS="2376"
                          HPOS="1682"
                          CONTENT="est"/>
                  <SP HEIGHT="69" WIDTH="17" VPOS="2376" HPOS="1802"/>
                  <String HEIGHT="69"
                          WIDTH="154"
                          VPOS="2376"
                          HPOS="1750"
                          CONTENT="talis"/>
                  <SP HEIGHT="69" WIDTH="17" VPOS="2376" HPOS="1904"/>
                  <String HEIGHT="69"
                          WIDTH="205"
                          VPOS="2376"
                          HPOS="1853"
                          CONTENT="scientia"/>
                  <SP HEIGHT="69" WIDTH="17" VPOS="2376" HPOS="2058"/>
                  <String HEIGHT="69"
                          WIDTH="222"
                          VPOS="2376"
                          HPOS="2007"
                          CONTENT="paucorum."/>
                  <SP HEIGHT="69" WIDTH="17" VPOS="2376" HPOS="2229"/>
                  <String HEIGHT="69" WIDTH="68" VPOS="2376" HPOS="2161" CONTENT="se"/>
               </TextLine>
               <TextLine ID="r2l38"
                         BASELINE="2497"
                         HEIGHT="66"
                         WIDTH="1732"
                         VPOS="2431"
                         HPOS="487">
                  <String HEIGHT="66"
                          WIDTH="184"
                          VPOS="2431"
                          HPOS="469"
                          CONTENT="cundum"/>
                  <SP HEIGHT="66" WIDTH="18" VPOS="2431" HPOS="653"/>
                  <String HEIGHT="66"
                          WIDTH="147"
                          VPOS="2431"
                          HPOS="598"
                          CONTENT="enim"/>
                  <SP HEIGHT="66" WIDTH="18" VPOS="2431" HPOS="745"/>
                  <String HEIGHT="66"
                          WIDTH="147"
                          VPOS="2431"
                          HPOS="690"
                          CONTENT="quod"/>
                  <SP HEIGHT="66" WIDTH="18" VPOS="2431" HPOS="837"/>
                  <String HEIGHT="66"
                          WIDTH="166"
                          VPOS="2431"
                          HPOS="782"
                          CONTENT="dicit"/>
                  <SP HEIGHT="66" WIDTH="18" VPOS="2431" HPOS="948"/>
                  <String HEIGHT="66"
                          WIDTH="258"
                          VPOS="2431"
                          HPOS="892"
                          CONTENT="Augustinus"/>
                  <SP HEIGHT="66" WIDTH="18" VPOS="2431" HPOS="1150"/>
                  <String HEIGHT="66"
                          WIDTH="111"
                          VPOS="2431"
                          HPOS="1095"
                          CONTENT="in"/>
                  <SP HEIGHT="66" WIDTH="18" VPOS="2431" HPOS="1206"/>
                  <String HEIGHT="66"
                          WIDTH="240"
                          VPOS="2431"
                          HPOS="1150"
                          CONTENT="principio"/>
                  <SP HEIGHT="66" WIDTH="18" VPOS="2431" HPOS="1390"/>
                  <String HEIGHT="66"
                          WIDTH="166"
                          VPOS="2431"
                          HPOS="1335"
                          CONTENT="libri"/>
                  <SP HEIGHT="66" WIDTH="18" VPOS="2431" HPOS="1500"/>
                  <String HEIGHT="66"
                          WIDTH="184"
                          VPOS="2431"
                          HPOS="1445"
                          CONTENT="contra"/>
                  <SP HEIGHT="66" WIDTH="18" VPOS="2431" HPOS="1629"/>
                  <String HEIGHT="66"
                          WIDTH="240"
                          VPOS="2431"
                          HPOS="1574"
                          CONTENT="epistolam"/>
                  <SP HEIGHT="66" WIDTH="18" VPOS="2431" HPOS="1814"/>
                  <String HEIGHT="66"
                          WIDTH="276"
                          VPOS="2431"
                          HPOS="1758"
                          CONTENT="fundamenti,"/>
                  <SP HEIGHT="66" WIDTH="18" VPOS="2431" HPOS="2035"/>
                  <String HEIGHT="66"
                          WIDTH="111"
                          VPOS="2431"
                          HPOS="1979"
                          CONTENT="Ad"/>
                  <SP HEIGHT="66" WIDTH="18" VPOS="2431" HPOS="2090"/>
                  <String HEIGHT="66"
                          WIDTH="203"
                          VPOS="2431"
                          HPOS="2016"
                          CONTENT="cognitio"
                          SUBS_TYPE="HypPart1"
                          SUBS_CONTENT="cognitionem"/>
                  <HYP CONTENT="-"/>
               </TextLine>
               <TextLine ID="r2l39"
                         BASELINE="2549"
                         HEIGHT="64"
                         WIDTH="1745"
                         VPOS="2485"
                         HPOS="480">
                  <String HEIGHT="64"
                          WIDTH="130"
                          VPOS="2485"
                          HPOS="461"
                          CONTENT="nem"
                          SUBS_TYPE="HypPart2"
                          SUBS_CONTENT="cognitionem"/>
                  <SP HEIGHT="64" WIDTH="19" VPOS="2485" HPOS="591"/>
                  <String HEIGHT="64"
                          WIDTH="223"
                          VPOS="2485"
                          HPOS="536"
                          CONTENT="syncerae"/>
                  <SP HEIGHT="64" WIDTH="19" VPOS="2485" HPOS="758"/>
                  <String HEIGHT="64"
                          WIDTH="260"
                          VPOS="2485"
                          HPOS="703"
                          CONTENT="sapientiae"/>
                  <SP HEIGHT="64" WIDTH="19" VPOS="2485" HPOS="963"/>
                  <String HEIGHT="64"
                          WIDTH="167"
                          VPOS="2485"
                          HPOS="907"
                          CONTENT="pauci"/>
                  <SP HEIGHT="64" WIDTH="19" VPOS="2485" HPOS="1074"/>
                  <String HEIGHT="64"
                          WIDTH="278"
                          VPOS="2485"
                          HPOS="1018"
                          CONTENT="spirituales"/>
                  <SP HEIGHT="64" WIDTH="19" VPOS="2485" HPOS="1297"/>
                  <String HEIGHT="64"
                          WIDTH="260"
                          VPOS="2485"
                          HPOS="1241"
                          CONTENT="perueniunt"/>
                  <SP HEIGHT="64" WIDTH="19" VPOS="2485" HPOS="1501"/>
                  <String HEIGHT="64"
                          WIDTH="111"
                          VPOS="2485"
                          HPOS="1445"
                          CONTENT="in"/>
                  <SP HEIGHT="64" WIDTH="19" VPOS="2485" HPOS="1557"/>
                  <String HEIGHT="64"
                          WIDTH="130"
                          VPOS="2485"
                          HPOS="1501"
                          CONTENT="hac"/>
                  <SP HEIGHT="64" WIDTH="19" VPOS="2485" HPOS="1631"/>
                  <String HEIGHT="64"
                          WIDTH="167"
                          VPOS="2485"
                          HPOS="1575"
                          CONTENT="vita,"/>
                  <SP HEIGHT="64" WIDTH="19" VPOS="2485" HPOS="1742"/>
                  <String HEIGHT="64"
                          WIDTH="111"
                          VPOS="2485"
                          HPOS="1687"
                          CONTENT="vt"/>
                  <SP HEIGHT="64" WIDTH="19" VPOS="2485" HPOS="1798"/>
                  <String HEIGHT="64"
                          WIDTH="130"
                          VPOS="2485"
                          HPOS="1742"
                          CONTENT="eam"/>
                  <SP HEIGHT="64" WIDTH="19" VPOS="2485" HPOS="1872"/>
                  <String HEIGHT="64"
                          WIDTH="111"
                          VPOS="2485"
                          HPOS="1817"
                          CONTENT="ex"/>
                  <SP HEIGHT="64" WIDTH="19" VPOS="2485" HPOS="1928"/>
                  <String HEIGHT="64"
                          WIDTH="186"
                          VPOS="2485"
                          HPOS="1872"
                          CONTENT="minima"/>
                  <SP HEIGHT="64" WIDTH="19" VPOS="2485" HPOS="2058"/>
                  <String HEIGHT="64"
                          WIDTH="186"
                          VPOS="2485"
                          HPOS="2002"
                          CONTENT="parte,"/>
                  <SP HEIGHT="64" WIDTH="19" VPOS="2485" HPOS="2188"/>
                  <String HEIGHT="64"
                          WIDTH="111"
                          VPOS="2485"
                          HPOS="2114"
                          CONTENT="quia"/>
               </TextLine>
               <TextLine ID="r2l40"
                         BASELINE="2599"
                         HEIGHT="77"
                         WIDTH="1745"
                         VPOS="2522"
                         HPOS="482">
                  <String HEIGHT="77"
                          WIDTH="213"
                          VPOS="2522"
                          HPOS="463"
                          CONTENT="homines"/>
                  <SP HEIGHT="77" WIDTH="19" VPOS="2522" HPOS="676"/>
                  <String HEIGHT="77"
                          WIDTH="175"
                          VPOS="2522"
                          HPOS="618"
                          CONTENT="sunt,"/>
                  <SP HEIGHT="77" WIDTH="19" VPOS="2522" HPOS="792"/>
                  <String HEIGHT="77"
                          WIDTH="194"
                          VPOS="2522"
                          HPOS="734"
                          CONTENT="absque"/>
                  <SP HEIGHT="77" WIDTH="19" VPOS="2522" HPOS="928"/>
                  <String HEIGHT="77"
                          WIDTH="291"
                          VPOS="2522"
                          HPOS="870"
                          CONTENT="dubitatione"/>
                  <SP HEIGHT="77" WIDTH="19" VPOS="2522" HPOS="1161"/>
                  <String HEIGHT="77"
                          WIDTH="271"
                          VPOS="2522"
                          HPOS="1102"
                          CONTENT="cognoscant"/>
                  <SP HEIGHT="77" WIDTH="19" VPOS="2522" HPOS="1374"/>
                  <String HEIGHT="77"
                          WIDTH="252"
                          VPOS="2522"
                          HPOS="1316"
                          CONTENT="caeteram:"/>
                  <SP HEIGHT="77" WIDTH="19" VPOS="2522" HPOS="1568"/>
                  <String HEIGHT="77"
                          WIDTH="194"
                          VPOS="2522"
                          HPOS="1510"
                          CONTENT="quippe"/>
                  <SP HEIGHT="77" WIDTH="19" VPOS="2522" HPOS="1704"/>
                  <String HEIGHT="77"
                          WIDTH="194"
                          VPOS="2522"
                          HPOS="1645"
                          CONTENT="turbam"/>
                  <SP HEIGHT="77" WIDTH="19" VPOS="2522" HPOS="1839"/>
                  <String HEIGHT="77"
                          WIDTH="136"
                          VPOS="2522"
                          HPOS="1781"
                          CONTENT="non"/>
                  <SP HEIGHT="77" WIDTH="19" VPOS="2522" HPOS="1917"/>
                  <String HEIGHT="77"
                          WIDTH="310"
                          VPOS="2522"
                          HPOS="1859"
                          CONTENT="intelligendi"/>
                  <SP HEIGHT="77" WIDTH="19" VPOS="2522" HPOS="2169"/>
                  <String HEIGHT="77"
                          WIDTH="136"
                          VPOS="2522"
                          HPOS="2091"
                          CONTENT="viua"
                          SUBS_TYPE="HypPart1"
                          SUBS_CONTENT="viuacitas:"/>
                  <HYP CONTENT="-"/>
               </TextLine>
               <TextLine ID="r2l41"
                         BASELINE="2649"
                         HEIGHT="61"
                         WIDTH="1745"
                         VPOS="2588"
                         HPOS="479">
                  <String HEIGHT="61"
                          WIDTH="182"
                          VPOS="2588"
                          HPOS="461"
                          CONTENT="citas:"
                          SUBS_TYPE="HypPart2"
                          SUBS_CONTENT="viuacitas:"/>
                  <SP HEIGHT="61" WIDTH="18" VPOS="2588" HPOS="643"/>
                  <String HEIGHT="61"
                          WIDTH="127"
                          VPOS="2588"
                          HPOS="588"
                          CONTENT="sed"/>
                  <SP HEIGHT="61" WIDTH="18" VPOS="2588" HPOS="715"/>
                  <String HEIGHT="61"
                          WIDTH="218"
                          VPOS="2588"
                          HPOS="661"
                          CONTENT="credendi"/>
                  <SP HEIGHT="61" WIDTH="18" VPOS="2588" HPOS="879"/>
                  <String HEIGHT="61"
                          WIDTH="273"
                          VPOS="2588"
                          HPOS="824"
                          CONTENT="simplicitas"/>
                  <SP HEIGHT="61" WIDTH="18" VPOS="2588" HPOS="1097"/>
                  <String HEIGHT="61"
                          WIDTH="254"
                          VPOS="2588"
                          HPOS="1042"
                          CONTENT="tutissimam"/>
                  <SP HEIGHT="61" WIDTH="18" VPOS="2588" HPOS="1297"/>
                  <String HEIGHT="61"
                          WIDTH="182"
                          VPOS="2588"
                          HPOS="1242"
                          CONTENT="tenet."/>
                  <SP HEIGHT="61" WIDTH="18" VPOS="2588" HPOS="1424"/>
                  <String HEIGHT="61"
                          WIDTH="109"
                          VPOS="2588"
                          HPOS="1370"
                          CONTENT="Et"/>
                  <SP HEIGHT="61" WIDTH="18" VPOS="2588" HPOS="1479"/>
                  <String HEIGHT="61"
                          WIDTH="109"
                          VPOS="2588"
                          HPOS="1424"
                          CONTENT="de"/>
                  <SP HEIGHT="61" WIDTH="18" VPOS="2588" HPOS="1533"/>
                  <String HEIGHT="61"
                          WIDTH="200"
                          VPOS="2588"
                          HPOS="1479"
                          CONTENT="vtroque"/>
                  <SP HEIGHT="61" WIDTH="18" VPOS="2588" HPOS="1679"/>
                  <String HEIGHT="61"
                          WIDTH="145"
                          VPOS="2588"
                          HPOS="1624"
                          CONTENT="modo"/>
                  <SP HEIGHT="61" WIDTH="18" VPOS="2588" HPOS="1770"/>
                  <String HEIGHT="61"
                          WIDTH="200"
                          VPOS="2588"
                          HPOS="1715"
                          CONTENT="sciendi"/>
                  <SP HEIGHT="61" WIDTH="18" VPOS="2588" HPOS="1915"/>
                  <String HEIGHT="61"
                          WIDTH="182"
                          VPOS="2588"
                          HPOS="1860"
                          CONTENT="potest"/>
                  <SP HEIGHT="61" WIDTH="18" VPOS="2588" HPOS="2042"/>
                  <String HEIGHT="61"
                          WIDTH="182"
                          VPOS="2588"
                          HPOS="1988"
                          CONTENT="habere"/>
                  <SP HEIGHT="61" WIDTH="18" VPOS="2588" HPOS="2169"/>
                  <String HEIGHT="61"
                          WIDTH="127"
                          VPOS="2588"
                          HPOS="2097"
                          CONTENT="locum"/>
               </TextLine>
               <TextLine ID="r2l42"
                         BASELINE="2710"
                         HEIGHT="71"
                         WIDTH="1746"
                         VPOS="2639"
                         HPOS="483">
                  <String HEIGHT="71"
                          WIDTH="225"
                          VPOS="2639"
                          HPOS="466"
                          CONTENT="quaestio:"/>
                  <SP HEIGHT="71" WIDTH="17" VPOS="2639" HPOS="690"/>
                  <String HEIGHT="71"
                          WIDTH="121"
                          VPOS="2639"
                          HPOS="639"
                          CONTENT="sed"/>
                  <SP HEIGHT="71" WIDTH="17" VPOS="2639" HPOS="760"/>
                  <String HEIGHT="71"
                          WIDTH="294"
                          VPOS="2639"
                          HPOS="708"
                          CONTENT="principaliter"/>
                  <SP HEIGHT="71" WIDTH="17" VPOS="2639" HPOS="1002"/>
                  <String HEIGHT="71" WIDTH="104" VPOS="2639" HPOS="950" CONTENT="de"/>
                  <SP HEIGHT="71" WIDTH="17" VPOS="2639" HPOS="1053"/>
                  <String HEIGHT="71"
                          WIDTH="207"
                          VPOS="2639"
                          HPOS="1002"
                          CONTENT="secundo,"/>
                  <SP HEIGHT="71" WIDTH="17" VPOS="2639" HPOS="1209"/>
                  <String HEIGHT="71"
                          WIDTH="104"
                          VPOS="2639"
                          HPOS="1157"
                          CONTENT="vt"/>
                  <SP HEIGHT="71" WIDTH="17" VPOS="2639" HPOS="1261"/>
                  <String HEIGHT="71"
                          WIDTH="207"
                          VPOS="2639"
                          HPOS="1209"
                          CONTENT="patebit."/>
                  <SP HEIGHT="71" WIDTH="17" VPOS="2639" HPOS="1417"/>
                  <String HEIGHT="71" WIDTH="86" VPOS="2639" HPOS="1365" CONTENT=""/>
                  <SP HEIGHT="71" WIDTH="17" VPOS="2639" HPOS="1451"/>
                  <String HEIGHT="71"
                          WIDTH="207"
                          VPOS="2639"
                          HPOS="1399"
                          CONTENT="Sciendum"/>
                  <SP HEIGHT="71" WIDTH="17" VPOS="2639" HPOS="1607"/>
                  <String HEIGHT="71"
                          WIDTH="173"
                          VPOS="2639"
                          HPOS="1555"
                          CONTENT="igitur"/>
                  <SP HEIGHT="71" WIDTH="17" VPOS="2639" HPOS="1728"/>
                  <String HEIGHT="71"
                          WIDTH="156"
                          VPOS="2639"
                          HPOS="1676"
                          CONTENT="iuxta"/>
                  <SP HEIGHT="71" WIDTH="17" VPOS="2639" HPOS="1831"/>
                  <String HEIGHT="71"
                          WIDTH="156"
                          VPOS="2639"
                          HPOS="1780"
                          CONTENT="illud"/>
                  <SP HEIGHT="71" WIDTH="17" VPOS="2639" HPOS="1935"/>
                  <String HEIGHT="71"
                          WIDTH="138"
                          VPOS="2639"
                          HPOS="1883"
                          CONTENT="quod"/>
                  <SP HEIGHT="71" WIDTH="17" VPOS="2639" HPOS="2022"/>
                  <String HEIGHT="71"
                          WIDTH="156"
                          VPOS="2639"
                          HPOS="1970"
                          CONTENT="dicit"/>
                  <SP HEIGHT="71" WIDTH="17" VPOS="2639" HPOS="2125"/>
                  <String HEIGHT="71"
                          WIDTH="173"
                          VPOS="2639"
                          HPOS="2056"
                          CONTENT="Philoso"
                          SUBS_TYPE="HypPart1"
                          SUBS_CONTENT="Philosophus,"/>
                  <HYP CONTENT="-"/>
               </TextLine>
               <TextLine ID="r2l43"
                         BASELINE="2766"
                         HEIGHT="67"
                         WIDTH="1733"
                         VPOS="2699"
                         HPOS="489">
                  <String HEIGHT="67"
                          WIDTH="150"
                          VPOS="2699"
                          HPOS="472"
                          CONTENT="phus,"
                          SUBS_TYPE="HypPart2"
                          SUBS_CONTENT="Philosophus,"/>
                  <SP HEIGHT="67" WIDTH="17" VPOS="2699" HPOS="622"/>
                  <String HEIGHT="67"
                          WIDTH="233"
                          VPOS="2699"
                          HPOS="572"
                          CONTENT="Dispositio"/>
                  <SP HEIGHT="67" WIDTH="17" VPOS="2699" HPOS="806"/>
                  <String HEIGHT="67"
                          WIDTH="283"
                          VPOS="2699"
                          HPOS="756"
                          CONTENT="vniuscuiusque"/>
                  <SP HEIGHT="67" WIDTH="17" VPOS="2699" HPOS="1039"/>
                  <String HEIGHT="67" WIDTH="100" VPOS="2699" HPOS="989" CONTENT="in"/>
                  <SP HEIGHT="67" WIDTH="17" VPOS="2699" HPOS="1089"/>
                  <String HEIGHT="67"
                          WIDTH="150"
                          VPOS="2699"
                          HPOS="1039"
                          CONTENT="esse,"/>
                  <SP HEIGHT="67" WIDTH="17" VPOS="2699" HPOS="1189"/>
                  <String HEIGHT="67"
                          WIDTH="117"
                          VPOS="2699"
                          HPOS="1139"
                          CONTENT="est"/>
                  <SP HEIGHT="67" WIDTH="17" VPOS="2699" HPOS="1256"/>
                  <String HEIGHT="67"
                          WIDTH="117"
                          VPOS="2699"
                          HPOS="1206"
                          CONTENT="sua"/>
                  <SP HEIGHT="67" WIDTH="17" VPOS="2699" HPOS="1322"/>
                  <String HEIGHT="67"
                          WIDTH="233"
                          VPOS="2699"
                          HPOS="1272"
                          CONTENT="dispositio"/>
                  <SP HEIGHT="67" WIDTH="17" VPOS="2699" HPOS="1505"/>
                  <String HEIGHT="67"
                          WIDTH="100"
                          VPOS="2699"
                          HPOS="1455"
                          CONTENT="in"/>
                  <SP HEIGHT="67" WIDTH="17" VPOS="2699" HPOS="1555"/>
                  <String HEIGHT="67"
                          WIDTH="200"
                          VPOS="2699"
                          HPOS="1505"
                          CONTENT="veritate"/>
                  <SP HEIGHT="67" WIDTH="17" VPOS="2699" HPOS="1705"/>
                  <String HEIGHT="67" WIDTH="83" VPOS="2699" HPOS="1655" CONTENT="&amp;"/>
                  <SP HEIGHT="67" WIDTH="17" VPOS="2699" HPOS="1739"/>
                  <String HEIGHT="67"
                          WIDTH="250"
                          VPOS="2699"
                          HPOS="1689"
                          CONTENT="cognitione:"/>
                  <SP HEIGHT="67" WIDTH="17" VPOS="2699" HPOS="1939"/>
                  <String HEIGHT="67"
                          WIDTH="133"
                          VPOS="2699"
                          HPOS="1889"
                          CONTENT="quod"/>
                  <SP HEIGHT="67" WIDTH="17" VPOS="2699" HPOS="2022"/>
                  <String HEIGHT="67"
                          WIDTH="150"
                          VPOS="2699"
                          HPOS="1972"
                          CONTENT="Sicut"/>
                  <SP HEIGHT="67" WIDTH="17" VPOS="2699" HPOS="2122"/>
                  <String HEIGHT="67"
                          WIDTH="183"
                          VPOS="2699"
                          HPOS="2072"
                          CONTENT="quaedam"/>
                  <SP HEIGHT="67" WIDTH="17" VPOS="2699" HPOS="2255"/>
                  <String HEIGHT="67" WIDTH="33" VPOS="2699" HPOS="2189" CONTENT=""/>
               </TextLine>
               <TextLine ID="r2l44"
                         BASELINE="2821"
                         HEIGHT="77"
                         WIDTH="1739"
                         VPOS="2744"
                         HPOS="477">
                  <String HEIGHT="77"
                          WIDTH="163"
                          VPOS="2744"
                          HPOS="461"
                          CONTENT="habent"/>
                  <SP HEIGHT="77" WIDTH="16" VPOS="2744" HPOS="623"/>
                  <String HEIGHT="77"
                          WIDTH="130"
                          VPOS="2744"
                          HPOS="575"
                          CONTENT="esse"/>
                  <SP HEIGHT="77" WIDTH="16" VPOS="2744" HPOS="705"/>
                  <String HEIGHT="77" WIDTH="81" VPOS="2744" HPOS="656" CONTENT="a"/>
                  <SP HEIGHT="77" WIDTH="16" VPOS="2744" HPOS="737"/>
                  <String HEIGHT="77"
                          WIDTH="163"
                          VPOS="2744"
                          HPOS="688"
                          CONTENT="natura"/>
                  <SP HEIGHT="77" WIDTH="16" VPOS="2744" HPOS="851"/>
                  <String HEIGHT="77"
                          WIDTH="179"
                          VPOS="2744"
                          HPOS="802"
                          CONTENT="tantum,"/>
                  <SP HEIGHT="77" WIDTH="16" VPOS="2744" HPOS="981"/>
                  <String HEIGHT="77" WIDTH="98" VPOS="2744" HPOS="932" CONTENT="vt"/>
                  <SP HEIGHT="77" WIDTH="16" VPOS="2744" HPOS="1030"/>
                  <String HEIGHT="77"
                          WIDTH="195"
                          VPOS="2744"
                          HPOS="981"
                          CONTENT="triticum"/>
                  <SP HEIGHT="77" WIDTH="16" VPOS="2744" HPOS="1176"/>
                  <String HEIGHT="77" WIDTH="98" VPOS="2744" HPOS="1127" CONTENT="de"/>
                  <SP HEIGHT="77" WIDTH="16" VPOS="2744" HPOS="1225"/>
                  <String HEIGHT="77"
                          WIDTH="163"
                          VPOS="2744"
                          HPOS="1176"
                          CONTENT="semine"/>
                  <SP HEIGHT="77" WIDTH="16" VPOS="2744" HPOS="1338"/>
                  <String HEIGHT="77"
                          WIDTH="195"
                          VPOS="2744"
                          HPOS="1290"
                          CONTENT="tritici:"/>
                  <SP HEIGHT="77" WIDTH="16" VPOS="2744" HPOS="1485"/>
                  <String HEIGHT="77"
                          WIDTH="179"
                          VPOS="2744"
                          HPOS="1436"
                          CONTENT="quaedam"/>
                  <SP HEIGHT="77" WIDTH="16" VPOS="2744" HPOS="1615"/>
                  <String HEIGHT="77"
                          WIDTH="130"
                          VPOS="2744"
                          HPOS="1566"
                          CONTENT="vero"/>
                  <SP HEIGHT="77" WIDTH="16" VPOS="2744" HPOS="1696"/>
                  <String HEIGHT="77" WIDTH="98" VPOS="2744" HPOS="1647" CONTENT="ab"/>
                  <SP HEIGHT="77" WIDTH="16" VPOS="2744" HPOS="1745"/>
                  <String HEIGHT="77"
                          WIDTH="130"
                          VPOS="2744"
                          HPOS="1696"
                          CONTENT="arte"/>
                  <SP HEIGHT="77" WIDTH="16" VPOS="2744" HPOS="1826"/>
                  <String HEIGHT="77"
                          WIDTH="179"
                          VPOS="2744"
                          HPOS="1777"
                          CONTENT="tantum,"/>
                  <SP HEIGHT="77" WIDTH="16" VPOS="2744" HPOS="1956"/>
                  <String HEIGHT="77" WIDTH="98" VPOS="2744" HPOS="1907" CONTENT="vt"/>
                  <SP HEIGHT="77" WIDTH="16" VPOS="2744" HPOS="2005"/>
                  <String HEIGHT="77"
                          WIDTH="130"
                          VPOS="2744"
                          HPOS="1956"
                          CONTENT="arca"/>
                  <SP HEIGHT="77" WIDTH="16" VPOS="2744" HPOS="2086"/>
                  <String HEIGHT="77" WIDTH="98" VPOS="2744" HPOS="2037" CONTENT="de"/>
                  <SP HEIGHT="77" WIDTH="16" VPOS="2744" HPOS="2135"/>
                  <String HEIGHT="77"
                          WIDTH="163"
                          VPOS="2744"
                          HPOS="2086"
                          CONTENT="ligno:"/>
                  <SP HEIGHT="77" WIDTH="16" VPOS="2744" HPOS="2249"/>
                  <String HEIGHT="77" WIDTH="33" VPOS="2744" HPOS="2183" CONTENT=""/>
               </TextLine>
               <TextLine ID="r2l45"
                         BASELINE="2876"
                         HEIGHT="84"
                         WIDTH="1739"
                         VPOS="2792"
                         HPOS="483">
                  <String HEIGHT="84"
                          WIDTH="220"
                          VPOS="2792"
                          HPOS="463"
                          CONTENT="quaedam"/>
                  <SP HEIGHT="84" WIDTH="20" VPOS="2792" HPOS="683"/>
                  <String HEIGHT="84"
                          WIDTH="160"
                          VPOS="2792"
                          HPOS="623"
                          CONTENT="vero"/>
                  <SP HEIGHT="84" WIDTH="20" VPOS="2792" HPOS="783"/>
                  <String HEIGHT="84"
                          WIDTH="200"
                          VPOS="2792"
                          HPOS="723"
                          CONTENT="partim"/>
                  <SP HEIGHT="84" WIDTH="20" VPOS="2792" HPOS="923"/>
                  <String HEIGHT="84" WIDTH="100" VPOS="2792" HPOS="863" CONTENT="a"/>
                  <SP HEIGHT="84" WIDTH="20" VPOS="2792" HPOS="963"/>
                  <String HEIGHT="84"
                          WIDTH="220"
                          VPOS="2792"
                          HPOS="903"
                          CONTENT="natura,"/>
                  <SP HEIGHT="84" WIDTH="20" VPOS="2792" HPOS="1123"/>
                  <String HEIGHT="84"
                          WIDTH="200"
                          VPOS="2792"
                          HPOS="1063"
                          CONTENT="partim"/>
                  <SP HEIGHT="84" WIDTH="20" VPOS="2792" HPOS="1263"/>
                  <String HEIGHT="84"
                          WIDTH="120"
                          VPOS="2792"
                          HPOS="1203"
                          CONTENT="ab"/>
                  <SP HEIGHT="84" WIDTH="20" VPOS="2792" HPOS="1323"/>
                  <String HEIGHT="84"
                          WIDTH="180"
                          VPOS="2792"
                          HPOS="1263"
                          CONTENT="arte,"/>
                  <SP HEIGHT="84" WIDTH="20" VPOS="2792" HPOS="1442"/>
                  <String HEIGHT="84"
                          WIDTH="120"
                          VPOS="2792"
                          HPOS="1382"
                          CONTENT="vt"/>
                  <SP HEIGHT="84" WIDTH="20" VPOS="2792" HPOS="1502"/>
                  <String HEIGHT="84"
                          WIDTH="220"
                          VPOS="2792"
                          HPOS="1442"
                          CONTENT="sanitas"/>
                  <SP HEIGHT="84" WIDTH="20" VPOS="2792" HPOS="1662"/>
                  <String HEIGHT="84"
                          WIDTH="160"
                          VPOS="2792"
                          HPOS="1602"
                          CONTENT="quam"/>
                  <SP HEIGHT="84" WIDTH="20" VPOS="2792" HPOS="1762"/>
                  <String HEIGHT="84"
                          WIDTH="200"
                          VPOS="2792"
                          HPOS="1702"
                          CONTENT="natura"/>
                  <SP HEIGHT="84" WIDTH="20" VPOS="2792" HPOS="1902"/>
                  <String HEIGHT="84"
                          WIDTH="240"
                          VPOS="2792"
                          HPOS="1842"
                          CONTENT="inchoat:"/>
                  <SP HEIGHT="84" WIDTH="20" VPOS="2792" HPOS="2082"/>
                  <String HEIGHT="84"
                          WIDTH="140"
                          VPOS="2792"
                          HPOS="2022"
                          CONTENT="sed"/>
                  <SP HEIGHT="84" WIDTH="20" VPOS="2792" HPOS="2162"/>
                  <String HEIGHT="84"
                          WIDTH="140"
                          VPOS="2792"
                          HPOS="2082"
                          CONTENT="adiu"
                          SUBS_TYPE="HypPart1"
                          SUBS_CONTENT="adiutorio"/>
                  <HYP CONTENT="-"/>
               </TextLine>
               <TextLine ID="r2l46"
                         BASELINE="2928"
                         HEIGHT="70"
                         WIDTH="1737"
                         VPOS="2858"
                         HPOS="489">
                  <String HEIGHT="70"
                          WIDTH="166"
                          VPOS="2858"
                          HPOS="471"
                          CONTENT="torio"
                          SUBS_TYPE="HypPart2"
                          SUBS_CONTENT="adiutorio"/>
                  <SP HEIGHT="70" WIDTH="18" VPOS="2858" HPOS="637"/>
                  <String HEIGHT="70"
                          WIDTH="185"
                          VPOS="2858"
                          HPOS="581"
                          CONTENT="quidem"/>
                  <SP HEIGHT="70" WIDTH="18" VPOS="2858" HPOS="766"/>
                  <String HEIGHT="70"
                          WIDTH="240"
                          VPOS="2858"
                          HPOS="711"
                          CONTENT="medicinae"/>
                  <SP HEIGHT="70" WIDTH="18" VPOS="2858" HPOS="951"/>
                  <String HEIGHT="70"
                          WIDTH="277"
                          VPOS="2858"
                          HPOS="896"
                          CONTENT="consummati:"/>
                  <SP HEIGHT="70" WIDTH="18" VPOS="2858" HPOS="1173"/>
                  <String HEIGHT="70"
                          WIDTH="296"
                          VPOS="2858"
                          HPOS="1117"
                          CONTENT="consimiliter"/>
                  <SP HEIGHT="70" WIDTH="18" VPOS="2858" HPOS="1413"/>
                  <String HEIGHT="70"
                          WIDTH="129"
                          VPOS="2858"
                          HPOS="1358"
                          CONTENT="est"/>
                  <SP HEIGHT="70" WIDTH="18" VPOS="2858" HPOS="1487"/>
                  <String HEIGHT="70" WIDTH="92" VPOS="2858" HPOS="1431" CONTENT="&amp;"/>
                  <SP HEIGHT="70" WIDTH="18" VPOS="2858" HPOS="1524"/>
                  <String HEIGHT="70"
                          WIDTH="111"
                          VPOS="2858"
                          HPOS="1468"
                          CONTENT="in"/>
                  <SP HEIGHT="70" WIDTH="18" VPOS="2858" HPOS="1579"/>
                  <String HEIGHT="70"
                          WIDTH="277"
                          VPOS="2858"
                          HPOS="1524"
                          CONTENT="cognitione,"/>
                  <SP HEIGHT="70" WIDTH="18" VPOS="2858" HPOS="1801"/>
                  <String HEIGHT="70"
                          WIDTH="148"
                          VPOS="2858"
                          HPOS="1746"
                          CONTENT="quod"/>
                  <SP HEIGHT="70" WIDTH="18" VPOS="2858" HPOS="1893"/>
                  <String HEIGHT="70"
                          WIDTH="203"
                          VPOS="2858"
                          HPOS="1838"
                          CONTENT="quaedam"/>
                  <SP HEIGHT="70" WIDTH="18" VPOS="2858" HPOS="2041"/>
                  <String HEIGHT="70"
                          WIDTH="222"
                          VPOS="2858"
                          HPOS="1986"
                          CONTENT="sciuntur"/>
                  <SP HEIGHT="70" WIDTH="18" VPOS="2858" HPOS="2208"/>
                  <String HEIGHT="70"
                          WIDTH="92"
                          VPOS="2858"
                          HPOS="2134"
                          CONTENT="via"/>
               </TextLine>
               <TextLine ID="r2l47"
                         BASELINE="2981"
                         HEIGHT="82"
                         WIDTH="1740"
                         VPOS="2899"
                         HPOS="480">
                  <String HEIGHT="82"
                          WIDTH="371"
                          VPOS="2899"
                          HPOS="460"
                          CONTENT="inuestigationis"/>
                  <SP HEIGHT="82" WIDTH="20" VPOS="2899" HPOS="832"/>
                  <String HEIGHT="82"
                          WIDTH="235"
                          VPOS="2899"
                          HPOS="773"
                          CONTENT="rationis"/>
                  <SP HEIGHT="82" WIDTH="20" VPOS="2899" HPOS="1008"/>
                  <String HEIGHT="82"
                          WIDTH="196"
                          VPOS="2899"
                          HPOS="949"
                          CONTENT="solum:"/>
                  <SP HEIGHT="82" WIDTH="20" VPOS="2899" HPOS="1145"/>
                  <String HEIGHT="82"
                          WIDTH="215"
                          VPOS="2899"
                          HPOS="1086"
                          CONTENT="quaedam"/>
                  <SP HEIGHT="82" WIDTH="20" VPOS="2899" HPOS="1301"/>
                  <String HEIGHT="82"
                          WIDTH="156"
                          VPOS="2899"
                          HPOS="1242"
                          CONTENT="vero"/>
                  <SP HEIGHT="82" WIDTH="20" VPOS="2899" HPOS="1399"/>
                  <String HEIGHT="82"
                          WIDTH="137"
                          VPOS="2899"
                          HPOS="1340"
                          CONTENT="per"/>
                  <SP HEIGHT="82" WIDTH="20" VPOS="2899" HPOS="1477"/>
                  <String HEIGHT="82"
                          WIDTH="215"
                          VPOS="2899"
                          HPOS="1418"
                          CONTENT="diuinam"/>
                  <SP HEIGHT="82" WIDTH="20" VPOS="2899" HPOS="1633"/>
                  <String HEIGHT="82"
                          WIDTH="313"
                          VPOS="2899"
                          HPOS="1575"
                          CONTENT="reuelationem"/>
                  <SP HEIGHT="82" WIDTH="20" VPOS="2899" HPOS="1888"/>
                  <String HEIGHT="82"
                          WIDTH="196"
                          VPOS="2899"
                          HPOS="1829"
                          CONTENT="solum:"/>
                  <SP HEIGHT="82" WIDTH="20" VPOS="2899" HPOS="2024"/>
                  <String HEIGHT="82"
                          WIDTH="215"
                          VPOS="2899"
                          HPOS="1966"
                          CONTENT="quaedam"/>
                  <SP HEIGHT="82" WIDTH="20" VPOS="2899" HPOS="2181"/>
                  <String HEIGHT="82"
                          WIDTH="117"
                          VPOS="2899"
                          HPOS="2103"
                          CONTENT="vero"/>
               </TextLine>
               <TextLine ID="r2l48"
                         BASELINE="3024"
                         HEIGHT="59"
                         WIDTH="1739"
                         VPOS="2965"
                         HPOS="490">
                  <String HEIGHT="59"
                          WIDTH="180"
                          VPOS="2965"
                          HPOS="474"
                          CONTENT="vtroque"/>
                  <SP HEIGHT="59" WIDTH="16" VPOS="2965" HPOS="654"/>
                  <String HEIGHT="59"
                          WIDTH="148"
                          VPOS="2965"
                          HPOS="605"
                          CONTENT="modo:"/>
                  <SP HEIGHT="59" WIDTH="16" VPOS="2965" HPOS="752"/>
                  <String HEIGHT="59"
                          WIDTH="164"
                          VPOS="2965"
                          HPOS="703"
                          CONTENT="quorum"/>
                  <SP HEIGHT="59" WIDTH="16" VPOS="2965" HPOS="867"/>
                  <String HEIGHT="59"
                          WIDTH="180"
                          VPOS="2965"
                          HPOS="818"
                          CONTENT="notitia"/>
                  <SP HEIGHT="59" WIDTH="16" VPOS="2965" HPOS="999"/>
                  <String HEIGHT="59" WIDTH="82" VPOS="2965" HPOS="949" CONTENT="a"/>
                  <SP HEIGHT="59" WIDTH="16" VPOS="2965" HPOS="1031"/>
                  <String HEIGHT="59"
                          WIDTH="246"
                          VPOS="2965"
                          HPOS="982"
                          CONTENT="reuelatione"/>
                  <SP HEIGHT="59" WIDTH="16" VPOS="2965" HPOS="1228"/>
                  <String HEIGHT="59"
                          WIDTH="230"
                          VPOS="2965"
                          HPOS="1179"
                          CONTENT="inchoatur:"/>
                  <SP HEIGHT="59" WIDTH="16" VPOS="2965" HPOS="1409"/>
                  <String HEIGHT="59"
                          WIDTH="115"
                          VPOS="2965"
                          HPOS="1360"
                          CONTENT="sed"/>
                  <SP HEIGHT="59" WIDTH="16" VPOS="2965" HPOS="1474"/>
                  <String HEIGHT="59"
                          WIDTH="230"
                          VPOS="2965"
                          HPOS="1425"
                          CONTENT="perficitur"/>
                  <SP HEIGHT="59" WIDTH="16" VPOS="2965" HPOS="1655"/>
                  <String HEIGHT="59"
                          WIDTH="115"
                          VPOS="2965"
                          HPOS="1606"
                          CONTENT="per"/>
                  <SP HEIGHT="59" WIDTH="16" VPOS="2965" HPOS="1720"/>
                  <String HEIGHT="59"
                          WIDTH="180"
                          VPOS="2965"
                          HPOS="1671"
                          CONTENT="studium"/>
                  <SP HEIGHT="59" WIDTH="16" VPOS="2965" HPOS="1852"/>
                  <String HEIGHT="59" WIDTH="82" VPOS="2965" HPOS="1802" CONTENT="&amp;"/>
                  <SP HEIGHT="59" WIDTH="16" VPOS="2965" HPOS="1884"/>
                  <String HEIGHT="59"
                          WIDTH="328"
                          VPOS="2965"
                          HPOS="1835"
                          CONTENT="inuestigationem,"/>
                  <SP HEIGHT="59" WIDTH="16" VPOS="2965" HPOS="2163"/>
                  <String HEIGHT="59"
                          WIDTH="131"
                          VPOS="2965"
                          HPOS="2098"
                          CONTENT="coadiu"/>
               </TextLine>
               <TextLine ID="r2l49"
                         BASELINE="3086"
                         HEIGHT="66"
                         WIDTH="1728"
                         VPOS="3020"
                         HPOS="484">
                  <String HEIGHT="66"
                          WIDTH="159"
                          VPOS="3020"
                          HPOS="466"
                          CONTENT="uante"/>
                  <SP HEIGHT="66" WIDTH="18" VPOS="3020" HPOS="625"/>
                  <String HEIGHT="66"
                          WIDTH="282"
                          VPOS="3020"
                          HPOS="572"
                          CONTENT="reuelatione."/>
                  <SP HEIGHT="66" WIDTH="18" VPOS="3020" HPOS="854"/>
                  <String HEIGHT="66"
                          WIDTH="159"
                          VPOS="3020"
                          HPOS="801"
                          CONTENT="Primo"/>
                  <SP HEIGHT="66" WIDTH="18" VPOS="3020" HPOS="960"/>
                  <String HEIGHT="66"
                          WIDTH="141"
                          VPOS="3020"
                          HPOS="907"
                          CONTENT="modo"/>
                  <SP HEIGHT="66" WIDTH="18" VPOS="3020" HPOS="1048"/>
                  <String HEIGHT="66"
                          WIDTH="212"
                          VPOS="3020"
                          HPOS="995"
                          CONTENT="sciuntur"/>
                  <SP HEIGHT="66" WIDTH="18" VPOS="3020" HPOS="1207"/>
                  <String HEIGHT="66"
                          WIDTH="123"
                          VPOS="3020"
                          HPOS="1154"
                          CONTENT="res"/>
                  <SP HEIGHT="66" WIDTH="18" VPOS="3020" HPOS="1277"/>
                  <String HEIGHT="66"
                          WIDTH="229"
                          VPOS="3020"
                          HPOS="1225"
                          CONTENT="naturales"/>
                  <SP HEIGHT="66" WIDTH="18" VPOS="3020" HPOS="1454"/>
                  <String HEIGHT="66" WIDTH="88" VPOS="3020" HPOS="1401" CONTENT="a"/>
                  <SP HEIGHT="66" WIDTH="18" VPOS="3020" HPOS="1489"/>
                  <String HEIGHT="66"
                          WIDTH="282"
                          VPOS="3020"
                          HPOS="1436"
                          CONTENT="philosophis."/>
                  <SP HEIGHT="66" WIDTH="18" VPOS="3020" HPOS="1718"/>
                  <String HEIGHT="66"
                          WIDTH="194"
                          VPOS="3020"
                          HPOS="1665"
                          CONTENT="Secundo"/>
                  <SP HEIGHT="66" WIDTH="18" VPOS="3020" HPOS="1859"/>
                  <String HEIGHT="66"
                          WIDTH="141"
                          VPOS="3020"
                          HPOS="1806"
                          CONTENT="modo"/>
                  <SP HEIGHT="66" WIDTH="18" VPOS="3020" HPOS="1948"/>
                  <String HEIGHT="66"
                          WIDTH="176"
                          VPOS="3020"
                          HPOS="1895"
                          CONTENT="scitum"/>
                  <SP HEIGHT="66" WIDTH="18" VPOS="3020" HPOS="2071"/>
                  <String HEIGHT="66"
                          WIDTH="123"
                          VPOS="3020"
                          HPOS="2018"
                          CONTENT="est"/>
                  <SP HEIGHT="66" WIDTH="18" VPOS="3020" HPOS="2141"/>
                  <String HEIGHT="66"
                          WIDTH="141"
                          VPOS="3020"
                          HPOS="2071"
                          CONTENT="euange"/>
               </TextLine>
               <TextLine ID="r2l50"
                         BASELINE="3149"
                         HEIGHT="90"
                         WIDTH="1733"
                         VPOS="3059"
                         HPOS="480">
                  <String HEIGHT="90"
                          WIDTH="130"
                          VPOS="3059"
                          HPOS="464"
                          CONTENT="lium"/>
                  <SP HEIGHT="90" WIDTH="16" VPOS="3059" HPOS="593"/>
                  <String HEIGHT="90" WIDTH="81" VPOS="3059" HPOS="545" CONTENT="&amp;"/>
                  <SP HEIGHT="90" WIDTH="16" VPOS="3059" HPOS="626"/>
                  <String HEIGHT="90"
                          WIDTH="146"
                          VPOS="3059"
                          HPOS="577"
                          CONTENT="sacra"/>
                  <SP HEIGHT="90" WIDTH="16" VPOS="3059" HPOS="723"/>
                  <String HEIGHT="90"
                          WIDTH="211"
                          VPOS="3059"
                          HPOS="674"
                          CONTENT="scriptura"/>
                  <SP HEIGHT="90" WIDTH="16" VPOS="3059" HPOS="885"/>
                  <String HEIGHT="90" WIDTH="97" VPOS="3059" HPOS="836" CONTENT="ab"/>
                  <SP HEIGHT="90" WIDTH="16" VPOS="3059" HPOS="933"/>
                  <String HEIGHT="90"
                          WIDTH="227"
                          VPOS="3059"
                          HPOS="885"
                          CONTENT="apostolis."/>
                  <SP HEIGHT="90" WIDTH="16" VPOS="3059" HPOS="1112"/>
                  <String HEIGHT="90"
                          WIDTH="178"
                          VPOS="3059"
                          HPOS="1063"
                          CONTENT="dicente"/>
                  <SP HEIGHT="90" WIDTH="16" VPOS="3059" HPOS="1241"/>
                  <String HEIGHT="90"
                          WIDTH="162"
                          VPOS="3059"
                          HPOS="1193"
                          CONTENT="Hiero."/>
                  <SP HEIGHT="90" WIDTH="16" VPOS="3059" HPOS="1355"/>
                  <String HEIGHT="90" WIDTH="97" VPOS="3059" HPOS="1306" CONTENT="in"/>
                  <SP HEIGHT="90" WIDTH="16" VPOS="3059" HPOS="1403"/>
                  <String HEIGHT="90"
                          WIDTH="162"
                          VPOS="3059"
                          HPOS="1355"
                          CONTENT="proli."/>
                  <SP HEIGHT="90" WIDTH="16" VPOS="3059" HPOS="1517"/>
                  <String HEIGHT="90"
                          WIDTH="146"
                          VPOS="3059"
                          HPOS="1468"
                          CONTENT="Bibi."/>
                  <SP HEIGHT="90" WIDTH="16" VPOS="3059" HPOS="1614"/>
                  <String HEIGHT="90"
                          WIDTH="194"
                          VPOS="3059"
                          HPOS="1565"
                          CONTENT="Quicquod"/>
                  <SP HEIGHT="90" WIDTH="16" VPOS="3059" HPOS="1760"/>
                  <String HEIGHT="90"
                          WIDTH="146"
                          VPOS="3059"
                          HPOS="1711"
                          CONTENT="aliis"/>
                  <SP HEIGHT="90" WIDTH="16" VPOS="3059" HPOS="1857"/>
                  <String HEIGHT="90"
                          WIDTH="243"
                          VPOS="3059"
                          HPOS="1808"
                          CONTENT="exercitatio"/>
                  <SP HEIGHT="90" WIDTH="16" VPOS="3059" HPOS="2051"/>
                  <String HEIGHT="90" WIDTH="81" VPOS="3059" HPOS="2002" CONTENT="&amp;"/>
                  <SP HEIGHT="90" WIDTH="16" VPOS="3059" HPOS="2083"/>
                  <String HEIGHT="90"
                          WIDTH="194"
                          VPOS="3059"
                          HPOS="2019"
                          CONTENT="quotidiana"/>
               </TextLine>
            </TextBlock>
         </PrintSpace>
      </Page>
   </Layout>
</alto>
