<?xml version="1.0" encoding="UTF-8"?>
<alto xmlns:xsi="http://www.w3.org/2001/XMLSchema-instance"
      xmlns="http://www.loc.gov/standards/alto/ns-v2#"
      xmlns:page="http://schema.primaresearch.org/PAGE/gts/pagecontent/2013-07-15"
      xsi:schemaLocation="http://www.loc.gov/standards/alto/ns-v2# http://www.loc.gov/standards/alto/alto.xsd">
   <Description>
      <MeasurementUnit>pixel</MeasurementUnit>
      <OCRProcessing ID="IdOcr">
         <ocrProcessingStep>
            <processingDateTime>2020-05-22T18:53:14.048-04:00</processingDateTime>
            <processingSoftware>
               <softwareCreator>READ COOP</softwareCreator>
               <softwareName>Transkribus</softwareName>
            </processingSoftware>
         </ocrProcessingStep>
      </OCRProcessing>
   </Description>
   <Layout>
      <Page ID="Page1" PHYSICAL_IMG_NR="1" HEIGHT="3778" WIDTH="2348">
         <TopMargin HEIGHT="0" WIDTH="2348" VPOS="0" HPOS="0"/>
         <LeftMargin HEIGHT="3778" WIDTH="0" VPOS="0" HPOS="0"/>
         <RightMargin HEIGHT="3778" WIDTH="0" VPOS="0" HPOS="2348"/>
         <BottomMargin HEIGHT="0" WIDTH="2348" VPOS="3778" HPOS="0"/>
         <PrintSpace HEIGHT="3778" WIDTH="2348" VPOS="0" HPOS="0">
            <TextBlock ID="TextRegion_1587752696124_40"
                       HEIGHT="2915"
                       WIDTH="1739"
                       VPOS="316"
                       HPOS="481">
               <Shape>
                  <Polygon POINTS="481,316 2220,316 2220,3231 481,3231"/>
               </Shape>
               <TextLine ID="line_1587752696219_43"
                         BASELINE="391"
                         HEIGHT="96"
                         WIDTH="1750"
                         VPOS="295"
                         HPOS="469">
                  <String HEIGHT="96"
                          WIDTH="210"
                          VPOS="295"
                          HPOS="452"
                          CONTENT="Apostoli"/>
                  <SP HEIGHT="96" WIDTH="18" VPOS="295" HPOS="662"/>
                  <String HEIGHT="96"
                          WIDTH="245"
                          VPOS="295"
                          HPOS="609"
                          CONTENT="senserint:"/>
                  <SP HEIGHT="96" WIDTH="18" VPOS="295" HPOS="854"/>
                  <String HEIGHT="96" WIDTH="123" VPOS="295" HPOS="802" CONTENT="sed"/>
                  <SP HEIGHT="96" WIDTH="18" VPOS="295" HPOS="924"/>
                  <String HEIGHT="96" WIDTH="105" VPOS="295" HPOS="872" CONTENT="ad"/>
                  <SP HEIGHT="96" WIDTH="18" VPOS="295" HPOS="977"/>
                  <String HEIGHT="96"
                          WIDTH="175"
                          VPOS="295"
                          HPOS="924"
                          CONTENT="sensum"/>
                  <SP HEIGHT="96" WIDTH="18" VPOS="295" HPOS="1099"/>
                  <String HEIGHT="96"
                          WIDTH="140"
                          VPOS="295"
                          HPOS="1047"
                          CONTENT="suum"/>
                  <SP HEIGHT="96" WIDTH="18" VPOS="295" HPOS="1187"/>
                  <String HEIGHT="96"
                          WIDTH="228"
                          VPOS="295"
                          HPOS="1134"
                          CONTENT="incongrua"/>
                  <SP HEIGHT="96" WIDTH="18" VPOS="295" HPOS="1362"/>
                  <String HEIGHT="96"
                          WIDTH="175"
                          VPOS="295"
                          HPOS="1309"
                          CONTENT="aptant"/>
                  <SP HEIGHT="96" WIDTH="18" VPOS="295" HPOS="1484"/>
                  <String HEIGHT="96"
                          WIDTH="263"
                          VPOS="295"
                          HPOS="1432"
                          CONTENT="testimonia."/>
                  <SP HEIGHT="96" WIDTH="18" VPOS="295" HPOS="1694"/>
                  <String HEIGHT="96" WIDTH="105" VPOS="295" HPOS="1642" CONTENT="De"/>
                  <SP HEIGHT="96" WIDTH="18" VPOS="295" HPOS="1747"/>
                  <String HEIGHT="96"
                          WIDTH="123"
                          VPOS="295"
                          HPOS="1694"
                          CONTENT="hoc"/>
                  <SP HEIGHT="96" WIDTH="18" VPOS="295" HPOS="1817"/>
                  <String HEIGHT="96"
                          WIDTH="245"
                          VPOS="295"
                          HPOS="1764"
                          CONTENT="Augustinus"/>
                  <SP HEIGHT="96" WIDTH="18" VPOS="295" HPOS="2009"/>
                  <String HEIGHT="96" WIDTH="105" VPOS="295" HPOS="1957" CONTENT="de"/>
                  <SP HEIGHT="96" WIDTH="18" VPOS="295" HPOS="2062"/>
                  <String HEIGHT="96"
                          WIDTH="175"
                          VPOS="295"
                          HPOS="2009"
                          CONTENT="vtili."/>
                  <SP HEIGHT="96" WIDTH="18" VPOS="295" HPOS="2184"/>
                  <String HEIGHT="96"
                          WIDTH="105"
                          VPOS="295"
                          HPOS="2114"
                          CONTENT="cre"
                          SUBS_TYPE="HypPart1"
                          SUBS_CONTENT="credendi"/>
                  <HYP CONTENT="-"/>
               </TextLine>
               <TextLine ID="line_1587752696224_45"
                         BASELINE="449"
                         HEIGHT="63"
                         WIDTH="1745"
                         VPOS="386"
                         HPOS="470">
                  <String HEIGHT="63"
                          WIDTH="167"
                          VPOS="386"
                          HPOS="451"
                          CONTENT="dendi"
                          SUBS_TYPE="HypPart2"
                          SUBS_CONTENT="credendi"/>
                  <SP HEIGHT="63" WIDTH="19" VPOS="386" HPOS="619"/>
                  <String HEIGHT="63"
                          WIDTH="167"
                          VPOS="386"
                          HPOS="563"
                          CONTENT="dicit"/>
                  <SP HEIGHT="63" WIDTH="19" VPOS="386" HPOS="730"/>
                  <String HEIGHT="63"
                          WIDTH="149"
                          VPOS="386"
                          HPOS="674"
                          CONTENT="sic."/>
                  <SP HEIGHT="63" WIDTH="19" VPOS="386" HPOS="823"/>
                  <String HEIGHT="63"
                          WIDTH="167"
                          VPOS="386"
                          HPOS="767"
                          CONTENT="Nulla"/>
                  <SP HEIGHT="63" WIDTH="19" VPOS="386" HPOS="934"/>
                  <String HEIGHT="63"
                          WIDTH="204"
                          VPOS="386"
                          HPOS="878"
                          CONTENT="imbutus"/>
                  <SP HEIGHT="63" WIDTH="19" VPOS="386" HPOS="1083"/>
                  <String HEIGHT="63"
                          WIDTH="204"
                          VPOS="386"
                          HPOS="1027"
                          CONTENT="poetica"/>
                  <SP HEIGHT="63" WIDTH="19" VPOS="386" HPOS="1231"/>
                  <String HEIGHT="63"
                          WIDTH="260"
                          VPOS="386"
                          HPOS="1175"
                          CONTENT="disciplina"/>
                  <SP HEIGHT="63" WIDTH="19" VPOS="386" HPOS="1435"/>
                  <String HEIGHT="63"
                          WIDTH="278"
                          VPOS="386"
                          HPOS="1380"
                          CONTENT="Terentianum"/>
                  <SP HEIGHT="63" WIDTH="19" VPOS="386" HPOS="1658"/>
                  <String HEIGHT="63"
                          WIDTH="149"
                          VPOS="386"
                          HPOS="1602"
                          CONTENT="sine"/>
                  <SP HEIGHT="63" WIDTH="19" VPOS="386" HPOS="1751"/>
                  <String HEIGHT="63"
                          WIDTH="223"
                          VPOS="386"
                          HPOS="1695"
                          CONTENT="magistro"/>
                  <SP HEIGHT="63" WIDTH="19" VPOS="386" HPOS="1918"/>
                  <String HEIGHT="63"
                          WIDTH="241"
                          VPOS="386"
                          HPOS="1862"
                          CONTENT="attingere"/>
                  <SP HEIGHT="63" WIDTH="19" VPOS="386" HPOS="2104"/>
                  <String HEIGHT="63"
                          WIDTH="130"
                          VPOS="386"
                          HPOS="2048"
                          CONTENT="non"/>
                  <SP HEIGHT="63" WIDTH="19" VPOS="386" HPOS="2178"/>
                  <String HEIGHT="63"
                          WIDTH="130"
                          VPOS="386"
                          HPOS="2122"
                          CONTENT="au-"/>
                  <SP HEIGHT="63" WIDTH="19" VPOS="386" HPOS="2252"/>
                  <String HEIGHT="63" WIDTH="37" VPOS="386" HPOS="2178" CONTENT=""/>
               </TextLine>
               <TextLine ID="line_1587752696227_47"
                         BASELINE="499"
                         HEIGHT="73"
                         WIDTH="1739"
                         VPOS="426"
                         HPOS="470">
                  <String HEIGHT="73"
                          WIDTH="181"
                          VPOS="426"
                          HPOS="452"
                          CONTENT="deres:"/>
                  <SP HEIGHT="73" WIDTH="18" VPOS="426" HPOS="633"/>
                  <String HEIGHT="73" WIDTH="109" VPOS="426" HPOS="579" CONTENT="tu"/>
                  <SP HEIGHT="73" WIDTH="18" VPOS="426" HPOS="687"/>
                  <String HEIGHT="73" WIDTH="109" VPOS="426" HPOS="633" CONTENT="in"/>
                  <SP HEIGHT="73" WIDTH="18" VPOS="426" HPOS="742"/>
                  <String HEIGHT="73"
                          WIDTH="181"
                          VPOS="426"
                          HPOS="687"
                          CONTENT="libros"/>
                  <SP HEIGHT="73" WIDTH="18" VPOS="426" HPOS="869"/>
                  <String HEIGHT="73"
                          WIDTH="235"
                          VPOS="426"
                          HPOS="814"
                          CONTENT="diuinarum"/>
                  <SP HEIGHT="73" WIDTH="18" VPOS="426" HPOS="1050"/>
                  <String HEIGHT="73"
                          WIDTH="163"
                          VPOS="426"
                          HPOS="995"
                          CONTENT="rerum"/>
                  <SP HEIGHT="73" WIDTH="18" VPOS="426" HPOS="1158"/>
                  <String HEIGHT="73"
                          WIDTH="145"
                          VPOS="426"
                          HPOS="1104"
                          CONTENT="sine"/>
                  <SP HEIGHT="73" WIDTH="18" VPOS="426" HPOS="1249"/>
                  <String HEIGHT="73"
                          WIDTH="145"
                          VPOS="426"
                          HPOS="1195"
                          CONTENT="duce"/>
                  <SP HEIGHT="73" WIDTH="18" VPOS="426" HPOS="1340"/>
                  <String HEIGHT="73"
                          WIDTH="199"
                          VPOS="426"
                          HPOS="1285"
                          CONTENT="irruis:"/>
                  <SP HEIGHT="73" WIDTH="18" VPOS="426" HPOS="1484"/>
                  <String HEIGHT="73" WIDTH="91" VPOS="426" HPOS="1430" CONTENT="&amp;"/>
                  <SP HEIGHT="73" WIDTH="18" VPOS="426" HPOS="1521"/>
                  <String HEIGHT="73" WIDTH="109" VPOS="426" HPOS="1466" CONTENT="de"/>
                  <SP HEIGHT="73" WIDTH="18" VPOS="426" HPOS="1575"/>
                  <String HEIGHT="73"
                          WIDTH="127"
                          VPOS="426"
                          HPOS="1521"
                          CONTENT="his"/>
                  <SP HEIGHT="73" WIDTH="18" VPOS="426" HPOS="1647"/>
                  <String HEIGHT="73"
                          WIDTH="145"
                          VPOS="426"
                          HPOS="1593"
                          CONTENT="sine"/>
                  <SP HEIGHT="73" WIDTH="18" VPOS="426" HPOS="1738"/>
                  <String HEIGHT="73"
                          WIDTH="272"
                          VPOS="426"
                          HPOS="1684"
                          CONTENT="praeceptore"/>
                  <SP HEIGHT="73" WIDTH="18" VPOS="426" HPOS="1955"/>
                  <String HEIGHT="73"
                          WIDTH="163"
                          VPOS="426"
                          HPOS="1901"
                          CONTENT="audes"/>
                  <SP HEIGHT="73" WIDTH="18" VPOS="426" HPOS="2064"/>
                  <String HEIGHT="73"
                          WIDTH="163"
                          VPOS="426"
                          HPOS="2010"
                          CONTENT="ferre"/>
                  <SP HEIGHT="73" WIDTH="18" VPOS="426" HPOS="2173"/>
                  <String HEIGHT="73"
                          WIDTH="109"
                          VPOS="426"
                          HPOS="2100"
                          CONTENT="sen"
                          SUBS_TYPE="HypPart1"
                          SUBS_CONTENT="sententiam:"/>
                  <HYP CONTENT="-"/>
               </TextLine>
               <TextLine ID="line_1587752696231_49"
                         BASELINE="551"
                         HEIGHT="69"
                         WIDTH="1747"
                         VPOS="482"
                         HPOS="469">
                  <String HEIGHT="69"
                          WIDTH="196"
                          VPOS="482"
                          HPOS="453"
                          CONTENT="tentiam:"
                          SUBS_TYPE="HypPart2"
                          SUBS_CONTENT="sententiam:"/>
                  <SP HEIGHT="69" WIDTH="16" VPOS="482" HPOS="649"/>
                  <String HEIGHT="69" WIDTH="82" VPOS="482" HPOS="600" CONTENT="&amp;"/>
                  <SP HEIGHT="69" WIDTH="16" VPOS="482" HPOS="681"/>
                  <String HEIGHT="69"
                          WIDTH="163"
                          VPOS="482"
                          HPOS="632"
                          CONTENT="infra."/>
                  <SP HEIGHT="69" WIDTH="16" VPOS="482" HPOS="796"/>
                  <String HEIGHT="69" WIDTH="98" VPOS="482" HPOS="747" CONTENT="Et"/>
                  <SP HEIGHT="69" WIDTH="16" VPOS="482" HPOS="845"/>
                  <String HEIGHT="69" WIDTH="98" VPOS="482" HPOS="796" CONTENT="si"/>
                  <SP HEIGHT="69" WIDTH="16" VPOS="482" HPOS="894"/>
                  <String HEIGHT="69"
                          WIDTH="229"
                          VPOS="482"
                          HPOS="845"
                          CONTENT="vnaquaeque"/>
                  <SP HEIGHT="69" WIDTH="16" VPOS="482" HPOS="1073"/>
                  <String HEIGHT="69"
                          WIDTH="229"
                          VPOS="482"
                          HPOS="1024"
                          CONTENT="disciplina"/>
                  <SP HEIGHT="69" WIDTH="16" VPOS="482" HPOS="1253"/>
                  <String HEIGHT="69"
                          WIDTH="196"
                          VPOS="482"
                          HPOS="1204"
                          CONTENT="quamquam"/>
                  <SP HEIGHT="69" WIDTH="16" VPOS="482" HPOS="1400"/>
                  <String HEIGHT="69"
                          WIDTH="147"
                          VPOS="482"
                          HPOS="1351"
                          CONTENT="vilis"/>
                  <SP HEIGHT="69" WIDTH="16" VPOS="482" HPOS="1498"/>
                  <String HEIGHT="69" WIDTH="82" VPOS="482" HPOS="1449" CONTENT="&amp;"/>
                  <SP HEIGHT="69" WIDTH="16" VPOS="482" HPOS="1530"/>
                  <String HEIGHT="69"
                          WIDTH="180"
                          VPOS="482"
                          HPOS="1481"
                          CONTENT="facilis"/>
                  <SP HEIGHT="69" WIDTH="16" VPOS="482" HPOS="1661"/>
                  <String HEIGHT="69" WIDTH="98" VPOS="482" HPOS="1612" CONTENT="vt"/>
                  <SP HEIGHT="69" WIDTH="16" VPOS="482" HPOS="1710"/>
                  <String HEIGHT="69"
                          WIDTH="180"
                          VPOS="482"
                          HPOS="1661"
                          CONTENT="percipi"/>
                  <SP HEIGHT="69" WIDTH="16" VPOS="482" HPOS="1840"/>
                  <String HEIGHT="69"
                          WIDTH="163"
                          VPOS="482"
                          HPOS="1791"
                          CONTENT="possit"/>
                  <SP HEIGHT="69" WIDTH="16" VPOS="482" HPOS="1955"/>
                  <String HEIGHT="69"
                          WIDTH="196"
                          VPOS="482"
                          HPOS="1906"
                          CONTENT="doctorem"/>
                  <SP HEIGHT="69" WIDTH="16" VPOS="482" HPOS="2102"/>
                  <String HEIGHT="69"
                          WIDTH="114"
                          VPOS="482"
                          HPOS="2053"
                          CONTENT="aut"/>
                  <SP HEIGHT="69" WIDTH="16" VPOS="482" HPOS="2167"/>
                  <String HEIGHT="69"
                          WIDTH="114"
                          VPOS="482"
                          HPOS="2102"
                          CONTENT="magi"
                          SUBS_TYPE="HypPart1"
                          SUBS_CONTENT="magistrum"/>
                  <HYP CONTENT="-"/>
               </TextLine>
               <TextLine ID="line_1587752696235_51"
                         BASELINE="608"
                         HEIGHT="74"
                         WIDTH="1750"
                         VPOS="534"
                         HPOS="469">
                  <String HEIGHT="74"
                          WIDTH="164"
                          VPOS="534"
                          HPOS="451"
                          CONTENT="strum"
                          SUBS_TYPE="HypPart2"
                          SUBS_CONTENT="magistrum"/>
                  <SP HEIGHT="74" WIDTH="18" VPOS="534" HPOS="615"/>
                  <String HEIGHT="74"
                          WIDTH="237"
                          VPOS="534"
                          HPOS="560"
                          CONTENT="requirit,"/>
                  <SP HEIGHT="74" WIDTH="18" VPOS="534" HPOS="797"/>
                  <String HEIGHT="74"
                          WIDTH="146"
                          VPOS="534"
                          HPOS="742"
                          CONTENT="quid"/>
                  <SP HEIGHT="74" WIDTH="18" VPOS="534" HPOS="888"/>
                  <String HEIGHT="74"
                          WIDTH="255"
                          VPOS="534"
                          HPOS="834"
                          CONTENT="temerariae"/>
                  <SP HEIGHT="74" WIDTH="18" VPOS="534" HPOS="1089"/>
                  <String HEIGHT="74"
                          WIDTH="237"
                          VPOS="534"
                          HPOS="1034"
                          CONTENT="superbiae"/>
                  <SP HEIGHT="74" WIDTH="18" VPOS="534" HPOS="1271"/>
                  <String HEIGHT="74"
                          WIDTH="219"
                          VPOS="534"
                          HPOS="1216"
                          CONTENT="plenius,"/>
                  <SP HEIGHT="74" WIDTH="18" VPOS="534" HPOS="1435"/>
                  <String HEIGHT="74"
                          WIDTH="146"
                          VPOS="534"
                          HPOS="1380"
                          CONTENT="quam"/>
                  <SP HEIGHT="74" WIDTH="18" VPOS="534" HPOS="1526"/>
                  <String HEIGHT="74"
                          WIDTH="237"
                          VPOS="534"
                          HPOS="1472"
                          CONTENT="diuinorum"/>
                  <SP HEIGHT="74" WIDTH="18" VPOS="534" HPOS="1709"/>
                  <String HEIGHT="74"
                          WIDTH="310"
                          VPOS="534"
                          HPOS="1654"
                          CONTENT="sacramentorum"/>
                  <SP HEIGHT="74" WIDTH="18" VPOS="534" HPOS="1964"/>
                  <String HEIGHT="74"
                          WIDTH="182"
                          VPOS="534"
                          HPOS="1909"
                          CONTENT="libros"/>
                  <SP HEIGHT="74" WIDTH="18" VPOS="534" HPOS="2091"/>
                  <String HEIGHT="74" WIDTH="91" VPOS="534" HPOS="2037" CONTENT="&amp;"/>
                  <SP HEIGHT="74" WIDTH="18" VPOS="534" HPOS="2128"/>
                  <String HEIGHT="74" WIDTH="109" VPOS="534" HPOS="2073" CONTENT="ab"/>
                  <SP HEIGHT="74" WIDTH="18" VPOS="534" HPOS="2183"/>
                  <String HEIGHT="74"
                          WIDTH="128"
                          VPOS="534"
                          HPOS="2128"
                          CONTENT="in-"/>
                  <SP HEIGHT="74" WIDTH="18" VPOS="534" HPOS="2255"/>
                  <String HEIGHT="74" WIDTH="36" VPOS="534" HPOS="2183" CONTENT=""/>
               </TextLine>
               <TextLine ID="line_1590166903495_1901"
                         BASELINE="654"
                         HEIGHT="65"
                         WIDTH="1710"
                         VPOS="589"
                         HPOS="490">
                  <String HEIGHT="65"
                          WIDTH="298"
                          VPOS="589"
                          HPOS="470"
                          CONTENT="terpretibus"/>
                  <SP HEIGHT="65" WIDTH="20" VPOS="589" HPOS="768"/>
                  <String HEIGHT="65"
                          WIDTH="159"
                          VPOS="589"
                          HPOS="709"
                          CONTENT="suis"/>
                  <SP HEIGHT="65" WIDTH="20" VPOS="589" HPOS="868"/>
                  <String HEIGHT="65"
                          WIDTH="179"
                          VPOS="589"
                          HPOS="808"
                          CONTENT="nolle"/>
                  <SP HEIGHT="65" WIDTH="20" VPOS="589" HPOS="987"/>
                  <String HEIGHT="65"
                          WIDTH="298"
                          VPOS="589"
                          HPOS="927"
                          CONTENT="cognoscere,"/>
                  <SP HEIGHT="65" WIDTH="20" VPOS="589" HPOS="1226"/>
                  <String HEIGHT="65" WIDTH="99" VPOS="589" HPOS="1166" CONTENT="&amp;"/>
                  <SP HEIGHT="65" WIDTH="20" VPOS="589" HPOS="1265"/>
                  <String HEIGHT="65"
                          WIDTH="278"
                          VPOS="589"
                          HPOS="1206"
                          CONTENT="incognitos"/>
                  <SP HEIGHT="65" WIDTH="20" VPOS="589" HPOS="1484"/>
                  <String HEIGHT="65"
                          WIDTH="179"
                          VPOS="589"
                          HPOS="1425"
                          CONTENT="velle"/>
                  <SP HEIGHT="65" WIDTH="20" VPOS="589" HPOS="1603"/>
                  <String HEIGHT="65"
                          WIDTH="239"
                          VPOS="589"
                          HPOS="1544"
                          CONTENT="damnare:"/>
                  <SP HEIGHT="65" WIDTH="20" VPOS="589" HPOS="1782"/>
                  <String HEIGHT="65" WIDTH="99" VPOS="589" HPOS="1723" CONTENT="â‹"/>
                  <SP HEIGHT="65" WIDTH="20" VPOS="589" HPOS="1822"/>
                  <String HEIGHT="65"
                          WIDTH="139"
                          VPOS="589"
                          HPOS="1763"
                          CONTENT="Quo"/>
                  <SP HEIGHT="65" WIDTH="20" VPOS="589" HPOS="1902"/>
                  <String HEIGHT="65" WIDTH="119" VPOS="589" HPOS="1842" CONTENT="ad"/>
                  <SP HEIGHT="65" WIDTH="20" VPOS="589" HPOS="1961"/>
                  <String HEIGHT="65"
                          WIDTH="239"
                          VPOS="589"
                          HPOS="1902"
                          CONTENT="secundum"/>
                  <SP HEIGHT="65" WIDTH="20" VPOS="589" HPOS="2140"/>
                  <String HEIGHT="65"
                          WIDTH="139"
                          VPOS="589"
                          HPOS="2061"
                          CONTENT="modum"/>
               </TextLine>
               <TextLine ID="line_1587752696242_55"
                         BASELINE="716"
                         HEIGHT="73"
                         WIDTH="1748"
                         VPOS="643"
                         HPOS="470">
                  <String HEIGHT="73"
                          WIDTH="202"
                          VPOS="643"
                          HPOS="452"
                          CONTENT="sciendi"/>
                  <SP HEIGHT="73" WIDTH="18" VPOS="643" HPOS="654"/>
                  <String HEIGHT="73"
                          WIDTH="184"
                          VPOS="643"
                          HPOS="599"
                          CONTENT="sacram"/>
                  <SP HEIGHT="73" WIDTH="18" VPOS="643" HPOS="783"/>
                  <String HEIGHT="73"
                          WIDTH="276"
                          VPOS="643"
                          HPOS="728"
                          CONTENT="scripturam,"/>
                  <SP HEIGHT="73" WIDTH="18" VPOS="643" HPOS="1004"/>
                  <String HEIGHT="73"
                          WIDTH="221"
                          VPOS="643"
                          HPOS="948"
                          CONTENT="Dicendum"/>
                  <SP HEIGHT="73" WIDTH="18" VPOS="643" HPOS="1169"/>
                  <String HEIGHT="73"
                          WIDTH="147"
                          VPOS="643"
                          HPOS="1114"
                          CONTENT="quod"/>
                  <SP HEIGHT="73" WIDTH="18" VPOS="643" HPOS="1261"/>
                  <String HEIGHT="73"
                          WIDTH="166"
                          VPOS="643"
                          HPOS="1206"
                          CONTENT="sicut"/>
                  <SP HEIGHT="73" WIDTH="18" VPOS="643" HPOS="1372"/>
                  <String HEIGHT="73"
                          WIDTH="239"
                          VPOS="643"
                          HPOS="1316"
                          CONTENT="adiutorio"/>
                  <SP HEIGHT="73" WIDTH="18" VPOS="643" HPOS="1556"/>
                  <String HEIGHT="73"
                          WIDTH="202"
                          VPOS="643"
                          HPOS="1500"
                          CONTENT="luminis"/>
                  <SP HEIGHT="73" WIDTH="18" VPOS="643" HPOS="1703"/>
                  <String HEIGHT="73"
                          WIDTH="239"
                          VPOS="643"
                          HPOS="1648"
                          CONTENT="naturalis"/>
                  <SP HEIGHT="73" WIDTH="18" VPOS="643" HPOS="1887"/>
                  <String HEIGHT="73"
                          WIDTH="221"
                          VPOS="643"
                          HPOS="1832"
                          CONTENT="rationis"/>
                  <SP HEIGHT="73" WIDTH="18" VPOS="643" HPOS="2052"/>
                  <String HEIGHT="73"
                          WIDTH="184"
                          VPOS="643"
                          HPOS="1997"
                          CONTENT="potest"/>
                  <SP HEIGHT="73" WIDTH="18" VPOS="643" HPOS="2181"/>
                  <String HEIGHT="73"
                          WIDTH="110"
                          VPOS="643"
                          HPOS="2108"
                          CONTENT="homo"/>
               </TextLine>
               <TextLine ID="line_1590166959755_1925"
                         BASELINE="765"
                         HEIGHT="68"
                         WIDTH="1720"
                         VPOS="697"
                         HPOS="488">
                  <String HEIGHT="68"
                          WIDTH="206"
                          VPOS="697"
                          HPOS="471"
                          CONTENT="naturali"/>
                  <SP HEIGHT="68" WIDTH="17" VPOS="697" HPOS="677"/>
                  <String HEIGHT="68"
                          WIDTH="189"
                          VPOS="697"
                          HPOS="626"
                          CONTENT="ratione"/>
                  <SP HEIGHT="68" WIDTH="17" VPOS="697" HPOS="815"/>
                  <String HEIGHT="68" WIDTH="103" VPOS="697" HPOS="763" CONTENT="ex"/>
                  <SP HEIGHT="68" WIDTH="17" VPOS="697" HPOS="866"/>
                  <String HEIGHT="68"
                          WIDTH="172"
                          VPOS="697"
                          HPOS="815"
                          CONTENT="primis"/>
                  <SP HEIGHT="68" WIDTH="17" VPOS="697" HPOS="987"/>
                  <String HEIGHT="68"
                          WIDTH="241"
                          VPOS="697"
                          HPOS="935"
                          CONTENT="principiis"/>
                  <SP HEIGHT="68" WIDTH="17" VPOS="697" HPOS="1176"/>
                  <String HEIGHT="68"
                          WIDTH="292"
                          VPOS="697"
                          HPOS="1124"
                          CONTENT="scientialibus"/>
                  <SP HEIGHT="68" WIDTH="17" VPOS="697" HPOS="1417"/>
                  <String HEIGHT="68"
                          WIDTH="258"
                          VPOS="697"
                          HPOS="1365"
                          CONTENT="scientiarum"/>
                  <SP HEIGHT="68" WIDTH="17" VPOS="697" HPOS="1623"/>
                  <String HEIGHT="68"
                          WIDTH="241"
                          VPOS="697"
                          HPOS="1572"
                          CONTENT="naturalium"/>
                  <SP HEIGHT="68" WIDTH="17" VPOS="697" HPOS="1812"/>
                  <String HEIGHT="68"
                          WIDTH="189"
                          VPOS="697"
                          HPOS="1761"
                          CONTENT="elicere"/>
                  <SP HEIGHT="68" WIDTH="17" VPOS="697" HPOS="1950"/>
                  <String HEIGHT="68" WIDTH="86" VPOS="697" HPOS="1898" CONTENT="&amp;"/>
                  <SP HEIGHT="68" WIDTH="17" VPOS="697" HPOS="1984"/>
                  <String HEIGHT="68"
                          WIDTH="258"
                          VPOS="697"
                          HPOS="1933"
                          CONTENT="inuestigare"/>
                  <SP HEIGHT="68" WIDTH="17" VPOS="697" HPOS="2191"/>
                  <String HEIGHT="68" WIDTH="86" VPOS="697" HPOS="2122" CONTENT="con"/>
               </TextLine>
               <TextLine ID="line_1587752696249_59"
                         BASELINE="818"
                         HEIGHT="70"
                         WIDTH="1752"
                         VPOS="748"
                         HPOS="469">
                  <String HEIGHT="70"
                          WIDTH="205"
                          VPOS="748"
                          HPOS="453"
                          CONTENT="clusiones"/>
                  <SP HEIGHT="70" WIDTH="16" VPOS="748" HPOS="658"/>
                  <String HEIGHT="70"
                          WIDTH="126"
                          VPOS="748"
                          HPOS="611"
                          CONTENT="siue"/>
                  <SP HEIGHT="70" WIDTH="16" VPOS="748" HPOS="737"/>
                  <String HEIGHT="70"
                          WIDTH="205"
                          VPOS="748"
                          HPOS="690"
                          CONTENT="expressas"/>
                  <SP HEIGHT="70" WIDTH="16" VPOS="748" HPOS="895"/>
                  <String HEIGHT="70" WIDTH="95" VPOS="748" HPOS="848" CONTENT="in"/>
                  <SP HEIGHT="70" WIDTH="16" VPOS="748" HPOS="943"/>
                  <String HEIGHT="70"
                          WIDTH="189"
                          VPOS="748"
                          HPOS="895"
                          CONTENT="scientia"/>
                  <SP HEIGHT="70" WIDTH="16" VPOS="748" HPOS="1085"/>
                  <String HEIGHT="70"
                          WIDTH="126"
                          VPOS="748"
                          HPOS="1037"
                          CONTENT="siue"/>
                  <SP HEIGHT="70" WIDTH="16" VPOS="748" HPOS="1163"/>
                  <String HEIGHT="70"
                          WIDTH="126"
                          VPOS="748"
                          HPOS="1116"
                          CONTENT="non,"/>
                  <SP HEIGHT="70" WIDTH="16" VPOS="748" HPOS="1242"/>
                  <String HEIGHT="70"
                          WIDTH="126"
                          VPOS="748"
                          HPOS="1195"
                          CONTENT="quae"/>
                  <SP HEIGHT="70" WIDTH="16" VPOS="748" HPOS="1321"/>
                  <String HEIGHT="70"
                          WIDTH="142"
                          VPOS="748"
                          HPOS="1274"
                          CONTENT="tamen"/>
                  <SP HEIGHT="70" WIDTH="16" VPOS="748" HPOS="1416"/>
                  <String HEIGHT="70"
                          WIDTH="158"
                          VPOS="748"
                          HPOS="1369"
                          CONTENT="latent"/>
                  <SP HEIGHT="70" WIDTH="16" VPOS="748" HPOS="1527"/>
                  <String HEIGHT="70" WIDTH="95" VPOS="748" HPOS="1479" CONTENT="in"/>
                  <SP HEIGHT="70" WIDTH="16" VPOS="748" HPOS="1574"/>
                  <String HEIGHT="70"
                          WIDTH="189"
                          VPOS="748"
                          HPOS="1527"
                          CONTENT="potentia"/>
                  <SP HEIGHT="70" WIDTH="16" VPOS="748" HPOS="1716"/>
                  <String HEIGHT="70" WIDTH="95" VPOS="748" HPOS="1669" CONTENT="in"/>
                  <SP HEIGHT="70" WIDTH="16" VPOS="748" HPOS="1763"/>
                  <String HEIGHT="70"
                          WIDTH="221"
                          VPOS="748"
                          HPOS="1716"
                          CONTENT="principiis"/>
                  <SP HEIGHT="70" WIDTH="16" VPOS="748" HPOS="1937"/>
                  <String HEIGHT="70" WIDTH="95" VPOS="748" HPOS="1890" CONTENT="in"/>
                  <SP HEIGHT="70" WIDTH="16" VPOS="748" HPOS="1984"/>
                  <String HEIGHT="70"
                          WIDTH="126"
                          VPOS="748"
                          HPOS="1937"
                          CONTENT="ipsa"/>
                  <SP HEIGHT="70" WIDTH="16" VPOS="748" HPOS="2063"/>
                  <String HEIGHT="70"
                          WIDTH="189"
                          VPOS="748"
                          HPOS="2016"
                          CONTENT="scientia"/>
                  <SP HEIGHT="70" WIDTH="16" VPOS="748" HPOS="2205"/>
                  <String HEIGHT="70"
                          WIDTH="79"
                          VPOS="748"
                          HPOS="2142"
                          CONTENT="ex"
                          SUBS_TYPE="HypPart1"
                          SUBS_CONTENT="expraessis:"/>
                  <HYP CONTENT="-"/>
               </TextLine>
               <TextLine ID="line_1587752696253_61"
                         BASELINE="886"
                         HEIGHT="86"
                         WIDTH="1745"
                         VPOS="800"
                         HPOS="469">
                  <String HEIGHT="86"
                          WIDTH="191"
                          VPOS="800"
                          HPOS="454"
                          CONTENT="praessis:"
                          SUBS_TYPE="HypPart2"
                          SUBS_CONTENT="expraessis:"/>
                  <SP HEIGHT="86" WIDTH="15" VPOS="800" HPOS="645"/>
                  <String HEIGHT="86" WIDTH="103" VPOS="800" HPOS="601" CONTENT="Sic"/>
                  <SP HEIGHT="86" WIDTH="15" VPOS="800" HPOS="704"/>
                  <String HEIGHT="86"
                          WIDTH="191"
                          VPOS="800"
                          HPOS="660"
                          CONTENT="adiutorio"/>
                  <SP HEIGHT="86" WIDTH="15" VPOS="800" HPOS="850"/>
                  <String HEIGHT="86"
                          WIDTH="161"
                          VPOS="800"
                          HPOS="806"
                          CONTENT="luminis"/>
                  <SP HEIGHT="86" WIDTH="15" VPOS="800" HPOS="968"/>
                  <String HEIGHT="86"
                          WIDTH="132"
                          VPOS="800"
                          HPOS="924"
                          CONTENT="fidei"/>
                  <SP HEIGHT="86" WIDTH="15" VPOS="800" HPOS="1056"/>
                  <String HEIGHT="86"
                          WIDTH="147"
                          VPOS="800"
                          HPOS="1012"
                          CONTENT="potest"/>
                  <SP HEIGHT="86" WIDTH="15" VPOS="800" HPOS="1158"/>
                  <String HEIGHT="86"
                          WIDTH="117"
                          VPOS="800"
                          HPOS="1114"
                          CONTENT="homo"/>
                  <SP HEIGHT="86" WIDTH="15" VPOS="800" HPOS="1232"/>
                  <String HEIGHT="86"
                          WIDTH="176"
                          VPOS="800"
                          HPOS="1188"
                          CONTENT="naturali"/>
                  <SP HEIGHT="86" WIDTH="15" VPOS="800" HPOS="1363"/>
                  <String HEIGHT="86"
                          WIDTH="161"
                          VPOS="800"
                          HPOS="1320"
                          CONTENT="ratione"/>
                  <SP HEIGHT="86" WIDTH="15" VPOS="800" HPOS="1481"/>
                  <String HEIGHT="86" WIDTH="88" VPOS="800" HPOS="1437" CONTENT="ex"/>
                  <SP HEIGHT="86" WIDTH="15" VPOS="800" HPOS="1525"/>
                  <String HEIGHT="86"
                          WIDTH="147"
                          VPOS="800"
                          HPOS="1481"
                          CONTENT="primis"/>
                  <SP HEIGHT="86" WIDTH="15" VPOS="800" HPOS="1627"/>
                  <String HEIGHT="86"
                          WIDTH="205"
                          VPOS="800"
                          HPOS="1583"
                          CONTENT="principiis"/>
                  <SP HEIGHT="86" WIDTH="15" VPOS="800" HPOS="1789"/>
                  <String HEIGHT="86"
                          WIDTH="220"
                          VPOS="800"
                          HPOS="1745"
                          CONTENT="credendorum"/>
                  <SP HEIGHT="86" WIDTH="15" VPOS="800" HPOS="1965"/>
                  <String HEIGHT="86"
                          WIDTH="161"
                          VPOS="800"
                          HPOS="1921"
                          CONTENT="elicere"/>
                  <SP HEIGHT="86" WIDTH="15" VPOS="800" HPOS="2082"/>
                  <String HEIGHT="86"
                          WIDTH="132"
                          VPOS="800"
                          HPOS="2038"
                          CONTENT="omnia"/>
                  <SP HEIGHT="86" WIDTH="15" VPOS="800" HPOS="2170"/>
                  <String HEIGHT="86"
                          WIDTH="103"
                          VPOS="800"
                          HPOS="2111"
                          CONTENT="poste"/>
               </TextLine>
               <TextLine ID="line_1590166964635_1930"
                         BASELINE="923"
                         HEIGHT="63"
                         WIDTH="1718"
                         VPOS="860"
                         HPOS="488">
                  <String HEIGHT="63"
                          WIDTH="141"
                          VPOS="860"
                          HPOS="472"
                          CONTENT="riora"/>
                  <SP HEIGHT="63" WIDTH="16" VPOS="860" HPOS="613"/>
                  <String HEIGHT="63"
                          WIDTH="187"
                          VPOS="860"
                          HPOS="566"
                          CONTENT="credenda"/>
                  <SP HEIGHT="63" WIDTH="16" VPOS="860" HPOS="754"/>
                  <String HEIGHT="63"
                          WIDTH="125"
                          VPOS="860"
                          HPOS="707"
                          CONTENT="siue"/>
                  <SP HEIGHT="63" WIDTH="16" VPOS="860" HPOS="832"/>
                  <String HEIGHT="63" WIDTH="94" VPOS="860" HPOS="785" CONTENT="in"/>
                  <SP HEIGHT="63" WIDTH="16" VPOS="860" HPOS="878"/>
                  <String HEIGHT="63"
                          WIDTH="187"
                          VPOS="860"
                          HPOS="832"
                          CONTENT="scientia"/>
                  <SP HEIGHT="63" WIDTH="16" VPOS="860" HPOS="1019"/>
                  <String HEIGHT="63"
                          WIDTH="141"
                          VPOS="860"
                          HPOS="972"
                          CONTENT="fidei"/>
                  <SP HEIGHT="63" WIDTH="16" VPOS="860" HPOS="1113"/>
                  <String HEIGHT="63"
                          WIDTH="187"
                          VPOS="860"
                          HPOS="1066"
                          CONTENT="expressa"/>
                  <SP HEIGHT="63" WIDTH="16" VPOS="860" HPOS="1253"/>
                  <String HEIGHT="63"
                          WIDTH="125"
                          VPOS="860"
                          HPOS="1206"
                          CONTENT="siue"/>
                  <SP HEIGHT="63" WIDTH="16" VPOS="860" HPOS="1331"/>
                  <String HEIGHT="63"
                          WIDTH="125"
                          VPOS="860"
                          HPOS="1285"
                          CONTENT="non,"/>
                  <SP HEIGHT="63" WIDTH="16" VPOS="860" HPOS="1409"/>
                  <String HEIGHT="63"
                          WIDTH="172"
                          VPOS="860"
                          HPOS="1363"
                          CONTENT="tanquam"/>
                  <SP HEIGHT="63" WIDTH="16" VPOS="860" HPOS="1534"/>
                  <String HEIGHT="63"
                          WIDTH="125"
                          VPOS="860"
                          HPOS="1488"
                          CONTENT="illa"/>
                  <SP HEIGHT="63" WIDTH="16" VPOS="860" HPOS="1613"/>
                  <String HEIGHT="63"
                          WIDTH="125"
                          VPOS="860"
                          HPOS="1566"
                          CONTENT="quae"/>
                  <SP HEIGHT="63" WIDTH="16" VPOS="860" HPOS="1691"/>
                  <String HEIGHT="63" WIDTH="94" VPOS="860" HPOS="1644" CONTENT="in"/>
                  <SP HEIGHT="63" WIDTH="16" VPOS="860" HPOS="1737"/>
                  <String HEIGHT="63"
                          WIDTH="187"
                          VPOS="860"
                          HPOS="1691"
                          CONTENT="potentia"/>
                  <SP HEIGHT="63" WIDTH="16" VPOS="860" HPOS="1878"/>
                  <String HEIGHT="63"
                          WIDTH="141"
                          VPOS="860"
                          HPOS="1831"
                          CONTENT="scita"/>
                  <SP HEIGHT="63" WIDTH="16" VPOS="860" HPOS="1972"/>
                  <String HEIGHT="63"
                          WIDTH="125"
                          VPOS="860"
                          HPOS="1925"
                          CONTENT="sunt"/>
                  <SP HEIGHT="63" WIDTH="16" VPOS="860" HPOS="2050"/>
                  <String HEIGHT="63" WIDTH="94" VPOS="860" HPOS="2003" CONTENT="in"/>
                  <SP HEIGHT="63" WIDTH="16" VPOS="860" HPOS="2097"/>
                  <String HEIGHT="63"
                          WIDTH="172"
                          VPOS="860"
                          HPOS="2034"
                          CONTENT="prioribus"/>
               </TextLine>
               <TextLine ID="line_1587752696261_65"
                         BASELINE="982"
                         HEIGHT="72"
                         WIDTH="1749"
                         VPOS="910"
                         HPOS="469">
                  <String HEIGHT="72" WIDTH="87" VPOS="910" HPOS="452" CONTENT="&amp;"/>
                  <SP HEIGHT="72" WIDTH="17" VPOS="910" HPOS="539"/>
                  <String HEIGHT="72" WIDTH="122" VPOS="910" HPOS="486" CONTENT="hoc"/>
                  <SP HEIGHT="72" WIDTH="17" VPOS="910" HPOS="609"/>
                  <String HEIGHT="72"
                          WIDTH="140"
                          VPOS="910"
                          HPOS="556"
                          CONTENT="sine"/>
                  <SP HEIGHT="72" WIDTH="17" VPOS="910" HPOS="696"/>
                  <String HEIGHT="72"
                          WIDTH="140"
                          VPOS="910"
                          HPOS="644"
                          CONTENT="omni"/>
                  <SP HEIGHT="72" WIDTH="17" VPOS="910" HPOS="784"/>
                  <String HEIGHT="72"
                          WIDTH="140"
                          VPOS="910"
                          HPOS="731"
                          CONTENT="alio"/>
                  <SP HEIGHT="72" WIDTH="17" VPOS="910" HPOS="871"/>
                  <String HEIGHT="72"
                          WIDTH="210"
                          VPOS="910"
                          HPOS="819"
                          CONTENT="doctore,"/>
                  <SP HEIGHT="72" WIDTH="17" VPOS="910" HPOS="1029"/>
                  <String HEIGHT="72"
                          WIDTH="210"
                          VPOS="910"
                          HPOS="976"
                          CONTENT="postquam"/>
                  <SP HEIGHT="72" WIDTH="17" VPOS="910" HPOS="1186"/>
                  <String HEIGHT="72" WIDTH="105" VPOS="910" HPOS="1134" CONTENT="in"/>
                  <SP HEIGHT="72" WIDTH="17" VPOS="910" HPOS="1239"/>
                  <String HEIGHT="72"
                          WIDTH="175"
                          VPOS="910"
                          HPOS="1186"
                          CONTENT="primis"/>
                  <SP HEIGHT="72" WIDTH="17" VPOS="910" HPOS="1361"/>
                  <String HEIGHT="72"
                          WIDTH="227"
                          VPOS="910"
                          HPOS="1309"
                          CONTENT="credendis"/>
                  <SP HEIGHT="72" WIDTH="17" VPOS="910" HPOS="1536"/>
                  <String HEIGHT="72"
                          WIDTH="175"
                          VPOS="910"
                          HPOS="1483"
                          CONTENT="fuerit"/>
                  <SP HEIGHT="72" WIDTH="17" VPOS="910" HPOS="1658"/>
                  <String HEIGHT="72"
                          WIDTH="280"
                          VPOS="910"
                          HPOS="1606"
                          CONTENT="sufficienter"/>
                  <SP HEIGHT="72" WIDTH="17" VPOS="910" HPOS="1886"/>
                  <String HEIGHT="72"
                          WIDTH="262"
                          VPOS="910"
                          HPOS="1833"
                          CONTENT="instructus."/>
                  <SP HEIGHT="72" WIDTH="17" VPOS="910" HPOS="2096"/>
                  <String HEIGHT="72"
                          WIDTH="140"
                          VPOS="910"
                          HPOS="2043"
                          CONTENT="Vnde"/>
                  <SP HEIGHT="72" WIDTH="17" VPOS="910" HPOS="2183"/>
                  <String HEIGHT="72"
                          WIDTH="105"
                          VPOS="910"
                          HPOS="2113"
                          CONTENT="Augu"/>
               </TextLine>
               <TextLine ID="line_1587752696264_67"
                         BASELINE="1041"
                         HEIGHT="77"
                         WIDTH="1756"
                         VPOS="964"
                         HPOS="469">
                  <String HEIGHT="77"
                          WIDTH="181"
                          VPOS="964"
                          HPOS="451"
                          CONTENT="stinus"/>
                  <SP HEIGHT="77" WIDTH="18" VPOS="964" HPOS="632"/>
                  <String HEIGHT="77"
                          WIDTH="199"
                          VPOS="964"
                          HPOS="578"
                          CONTENT="secundo"/>
                  <SP HEIGHT="77" WIDTH="18" VPOS="964" HPOS="777"/>
                  <String HEIGHT="77" WIDTH="109" VPOS="964" HPOS="722" CONTENT="de"/>
                  <SP HEIGHT="77" WIDTH="18" VPOS="964" HPOS="831"/>
                  <String HEIGHT="77"
                          WIDTH="163"
                          VPOS="964"
                          HPOS="777"
                          CONTENT="doct."/>
                  <SP HEIGHT="77" WIDTH="18" VPOS="964" HPOS="940"/>
                  <String HEIGHT="77"
                          WIDTH="235"
                          VPOS="964"
                          HPOS="885"
                          CONTENT="Christia."/>
                  <SP HEIGHT="77" WIDTH="18" VPOS="964" HPOS="1121"/>
                  <String HEIGHT="77"
                          WIDTH="145"
                          VPOS="964"
                          HPOS="1066"
                          CONTENT="Erit"/>
                  <SP HEIGHT="77" WIDTH="18" VPOS="964" HPOS="1211"/>
                  <String HEIGHT="77"
                          WIDTH="235"
                          VPOS="964"
                          HPOS="1157"
                          CONTENT="diuinarum"/>
                  <SP HEIGHT="77" WIDTH="18" VPOS="964" HPOS="1392"/>
                  <String HEIGHT="77"
                          WIDTH="290"
                          VPOS="964"
                          HPOS="1338"
                          CONTENT="scripturarum"/>
                  <SP HEIGHT="77" WIDTH="18" VPOS="964" HPOS="1628"/>
                  <String HEIGHT="77"
                          WIDTH="308"
                          VPOS="964"
                          HPOS="1573"
                          CONTENT="solertissimus"/>
                  <SP HEIGHT="77" WIDTH="18" VPOS="964" HPOS="1881"/>
                  <String HEIGHT="77"
                          WIDTH="235"
                          VPOS="964"
                          HPOS="1827"
                          CONTENT="indagator"/>
                  <SP HEIGHT="77" WIDTH="18" VPOS="964" HPOS="2062"/>
                  <String HEIGHT="77"
                          WIDTH="127"
                          VPOS="964"
                          HPOS="2008"
                          CONTENT="qui"/>
                  <SP HEIGHT="77" WIDTH="18" VPOS="964" HPOS="2134"/>
                  <String HEIGHT="77"
                          WIDTH="163"
                          VPOS="964"
                          HPOS="2062"
                          CONTENT="praeno"
                          SUBS_TYPE="HypPart1"
                          SUBS_CONTENT="praenotatas"/>
                  <HYP CONTENT="-"/>
               </TextLine>
               <TextLine ID="line_1587752696267_69"
                         BASELINE="1091"
                         HEIGHT="66"
                         WIDTH="1747"
                         VPOS="1025"
                         HPOS="470">
                  <String HEIGHT="66"
                          WIDTH="150"
                          VPOS="1025"
                          HPOS="453"
                          CONTENT="tatas"
                          SUBS_TYPE="HypPart2"
                          SUBS_CONTENT="praenotatas"/>
                  <SP HEIGHT="66" WIDTH="17" VPOS="1025" HPOS="603"/>
                  <String HEIGHT="66"
                          WIDTH="216"
                          VPOS="1025"
                          HPOS="553"
                          CONTENT="legeritur"/>
                  <SP HEIGHT="66" WIDTH="17" VPOS="1025" HPOS="769"/>
                  <String HEIGHT="66"
                          WIDTH="200"
                          VPOS="1025"
                          HPOS="720"
                          CONTENT="notasque"/>
                  <SP HEIGHT="66" WIDTH="17" VPOS="1025" HPOS="919"/>
                  <String HEIGHT="66"
                          WIDTH="216"
                          VPOS="1025"
                          HPOS="869"
                          CONTENT="habuerit:"/>
                  <SP HEIGHT="66" WIDTH="17" VPOS="1025" HPOS="1086"/>
                  <String HEIGHT="66"
                          WIDTH="133"
                          VPOS="1025"
                          HPOS="1036"
                          CONTENT="etsi"/>
                  <SP HEIGHT="66" WIDTH="17" VPOS="1025" HPOS="1169"/>
                  <String HEIGHT="66"
                          WIDTH="166"
                          VPOS="1025"
                          HPOS="1119"
                          CONTENT="nondum"/>
                  <SP HEIGHT="66" WIDTH="17" VPOS="1025" HPOS="1285"/>
                  <String HEIGHT="66"
                          WIDTH="250"
                          VPOS="1025"
                          HPOS="1235"
                          CONTENT="intellectu,"/>
                  <SP HEIGHT="66" WIDTH="17" VPOS="1025" HPOS="1485"/>
                  <String HEIGHT="66"
                          WIDTH="116"
                          VPOS="1025"
                          HPOS="1435"
                          CONTENT="iam"/>
                  <SP HEIGHT="66" WIDTH="17" VPOS="1025" HPOS="1551"/>
                  <String HEIGHT="66"
                          WIDTH="150"
                          VPOS="1025"
                          HPOS="1502"
                          CONTENT="tamen"/>
                  <SP HEIGHT="66" WIDTH="17" VPOS="1025" HPOS="1651"/>
                  <String HEIGHT="66"
                          WIDTH="216"
                          VPOS="1025"
                          HPOS="1601"
                          CONTENT="lectione."/>
                  <SP HEIGHT="66" WIDTH="17" VPOS="1025" HPOS="1818"/>
                  <String HEIGHT="66"
                          WIDTH="166"
                          VPOS="1025"
                          HPOS="1768"
                          CONTENT="Deinde"/>
                  <SP HEIGHT="66" WIDTH="17" VPOS="1025" HPOS="1934"/>
                  <String HEIGHT="66"
                          WIDTH="133"
                          VPOS="1025"
                          HPOS="1884"
                          CONTENT="quae"/>
                  <SP HEIGHT="66" WIDTH="17" VPOS="1025" HPOS="2017"/>
                  <String HEIGHT="66"
                          WIDTH="100"
                          VPOS="1025"
                          HPOS="1967"
                          CONTENT="in"/>
                  <SP HEIGHT="66" WIDTH="17" VPOS="1025" HPOS="2067"/>
                  <String HEIGHT="66"
                          WIDTH="116"
                          VPOS="1025"
                          HPOS="2017"
                          CONTENT="eis"/>
                  <SP HEIGHT="66" WIDTH="17" VPOS="1025" HPOS="2134"/>
                  <String HEIGHT="66"
                          WIDTH="166"
                          VPOS="1025"
                          HPOS="2084"
                          CONTENT="aperte"/>
                  <SP HEIGHT="66" WIDTH="17" VPOS="1025" HPOS="2250"/>
                  <String HEIGHT="66" WIDTH="33" VPOS="1025" HPOS="2184" CONTENT=""/>
               </TextLine>
               <TextLine ID="line_1587752696270_71"
                         BASELINE="1151"
                         HEIGHT="83"
                         WIDTH="1737"
                         VPOS="1068"
                         HPOS="470">
                  <String HEIGHT="83"
                          WIDTH="167"
                          VPOS="1068"
                          HPOS="453"
                          CONTENT="posita"/>
                  <SP HEIGHT="83" WIDTH="17" VPOS="1068" HPOS="620"/>
                  <String HEIGHT="83"
                          WIDTH="134"
                          VPOS="1068"
                          HPOS="570"
                          CONTENT="sunt"/>
                  <SP HEIGHT="83" WIDTH="17" VPOS="1068" HPOS="704"/>
                  <String HEIGHT="83"
                          WIDTH="217"
                          VPOS="1068"
                          HPOS="654"
                          CONTENT="praecepta"/>
                  <SP HEIGHT="83" WIDTH="17" VPOS="1068" HPOS="871"/>
                  <String HEIGHT="83"
                          WIDTH="184"
                          VPOS="1068"
                          HPOS="821"
                          CONTENT="viuendi"/>
                  <SP HEIGHT="83" WIDTH="17" VPOS="1068" HPOS="1004"/>
                  <String HEIGHT="83"
                          WIDTH="117"
                          VPOS="1068"
                          HPOS="954"
                          CONTENT="vel"/>
                  <SP HEIGHT="83" WIDTH="17" VPOS="1068" HPOS="1071"/>
                  <String HEIGHT="83"
                          WIDTH="184"
                          VPOS="1068"
                          HPOS="1021"
                          CONTENT="regulae"/>
                  <SP HEIGHT="83" WIDTH="17" VPOS="1068" HPOS="1205"/>
                  <String HEIGHT="83"
                          WIDTH="217"
                          VPOS="1068"
                          HPOS="1155"
                          CONTENT="credendi,"/>
                  <SP HEIGHT="83" WIDTH="17" VPOS="1068" HPOS="1372"/>
                  <String HEIGHT="83"
                          WIDTH="217"
                          VPOS="1068"
                          HPOS="1322"
                          CONTENT="solertius"/>
                  <SP HEIGHT="83" WIDTH="17" VPOS="1068" HPOS="1539"/>
                  <String HEIGHT="83"
                          WIDTH="301"
                          VPOS="1068"
                          HPOS="1489"
                          CONTENT="diligentiusque"/>
                  <SP HEIGHT="83" WIDTH="17" VPOS="1068" HPOS="1789"/>
                  <String HEIGHT="83"
                          WIDTH="267"
                          VPOS="1068"
                          HPOS="1739"
                          CONTENT="inuestiganda"/>
                  <SP HEIGHT="83" WIDTH="17" VPOS="1068" HPOS="2007"/>
                  <String HEIGHT="83"
                          WIDTH="150"
                          VPOS="1068"
                          HPOS="1956"
                          CONTENT="sunt:"/>
                  <SP HEIGHT="83" WIDTH="17" VPOS="1068" HPOS="2107"/>
                  <String HEIGHT="83"
                          WIDTH="134"
                          VPOS="1068"
                          HPOS="2057"
                          CONTENT="quae"/>
                  <SP HEIGHT="83" WIDTH="17" VPOS="1068" HPOS="2190"/>
                  <String HEIGHT="83"
                          WIDTH="84"
                          VPOS="1068"
                          HPOS="2123"
                          CONTENT="tam"/>
               </TextLine>
               <TextLine ID="line_1587752696272_73"
                         BASELINE="1195"
                         HEIGHT="70"
                         WIDTH="1747"
                         VPOS="1125"
                         HPOS="470">
                  <String HEIGHT="70" WIDTH="105" VPOS="1125" HPOS="453" CONTENT="to"/>
                  <SP HEIGHT="70" WIDTH="17" VPOS="1125" HPOS="557"/>
                  <String HEIGHT="70"
                          WIDTH="157"
                          VPOS="1125"
                          HPOS="505"
                          CONTENT="plura"/>
                  <SP HEIGHT="70" WIDTH="17" VPOS="1125" HPOS="662"/>
                  <String HEIGHT="70"
                          WIDTH="192"
                          VPOS="1125"
                          HPOS="610"
                          CONTENT="quisque"/>
                  <SP HEIGHT="70" WIDTH="17" VPOS="1125" HPOS="802"/>
                  <String HEIGHT="70"
                          WIDTH="192"
                          VPOS="1125"
                          HPOS="750"
                          CONTENT="inuenit"/>
                  <SP HEIGHT="70" WIDTH="17" VPOS="1125" HPOS="942"/>
                  <String HEIGHT="70"
                          WIDTH="175"
                          VPOS="1125"
                          HPOS="889"
                          CONTENT="quanto"/>
                  <SP HEIGHT="70" WIDTH="17" VPOS="1125" HPOS="1064"/>
                  <String HEIGHT="70"
                          WIDTH="122"
                          VPOS="1125"
                          HPOS="1012"
                          CONTENT="est"/>
                  <SP HEIGHT="70" WIDTH="17" VPOS="1125" HPOS="1134"/>
                  <String HEIGHT="70"
                          WIDTH="245"
                          VPOS="1125"
                          HPOS="1081"
                          CONTENT="diligentia"/>
                  <SP HEIGHT="70" WIDTH="17" VPOS="1125" HPOS="1326"/>
                  <String HEIGHT="70"
                          WIDTH="227"
                          VPOS="1125"
                          HPOS="1274"
                          CONTENT="capacior."/>
                  <SP HEIGHT="70" WIDTH="17" VPOS="1125" HPOS="1501"/>
                  <String HEIGHT="70"
                          WIDTH="105"
                          VPOS="1125"
                          HPOS="1448"
                          CONTENT="In"/>
                  <SP HEIGHT="70" WIDTH="17" VPOS="1125" HPOS="1553"/>
                  <String HEIGHT="70"
                          WIDTH="122"
                          VPOS="1125"
                          HPOS="1501"
                          CONTENT="his"/>
                  <SP HEIGHT="70" WIDTH="17" VPOS="1125" HPOS="1623"/>
                  <String HEIGHT="70"
                          WIDTH="140"
                          VPOS="1125"
                          HPOS="1571"
                          CONTENT="enim"/>
                  <SP HEIGHT="70" WIDTH="17" VPOS="1125" HPOS="1710"/>
                  <String HEIGHT="70"
                          WIDTH="140"
                          VPOS="1125"
                          HPOS="1658"
                          CONTENT="quae"/>
                  <SP HEIGHT="70" WIDTH="17" VPOS="1125" HPOS="1798"/>
                  <String HEIGHT="70"
                          WIDTH="175"
                          VPOS="1125"
                          HPOS="1745"
                          CONTENT="aperte"/>
                  <SP HEIGHT="70" WIDTH="17" VPOS="1125" HPOS="1920"/>
                  <String HEIGHT="70"
                          WIDTH="105"
                          VPOS="1125"
                          HPOS="1868"
                          CONTENT="in"/>
                  <SP HEIGHT="70" WIDTH="17" VPOS="1125" HPOS="1972"/>
                  <String HEIGHT="70"
                          WIDTH="227"
                          VPOS="1125"
                          HPOS="1920"
                          CONTENT="scriptura"/>
                  <SP HEIGHT="70" WIDTH="17" VPOS="1125" HPOS="2147"/>
                  <String HEIGHT="70"
                          WIDTH="140"
                          VPOS="1125"
                          HPOS="2077"
                          CONTENT="posita"/>
               </TextLine>
               <TextLine ID="line_1587752696275_75"
                         BASELINE="1251"
                         HEIGHT="73"
                         WIDTH="1741"
                         VPOS="1178"
                         HPOS="469">
                  <String HEIGHT="73"
                          WIDTH="155"
                          VPOS="1178"
                          HPOS="452"
                          CONTENT="sunt,"/>
                  <SP HEIGHT="73" WIDTH="17" VPOS="1178" HPOS="607"/>
                  <String HEIGHT="73"
                          WIDTH="259"
                          VPOS="1178"
                          HPOS="555"
                          CONTENT="inueniuntur"/>
                  <SP HEIGHT="73" WIDTH="17" VPOS="1178" HPOS="814"/>
                  <String HEIGHT="73"
                          WIDTH="138"
                          VPOS="1178"
                          HPOS="762"
                          CONTENT="illa"/>
                  <SP HEIGHT="73" WIDTH="17" VPOS="1178" HPOS="900"/>
                  <String HEIGHT="73"
                          WIDTH="138"
                          VPOS="1178"
                          HPOS="848"
                          CONTENT="quae"/>
                  <SP HEIGHT="73" WIDTH="17" VPOS="1178" HPOS="986"/>
                  <String HEIGHT="73"
                          WIDTH="224"
                          VPOS="1178"
                          HPOS="934"
                          CONTENT="continent"/>
                  <SP HEIGHT="73" WIDTH="17" VPOS="1178" HPOS="1159"/>
                  <String HEIGHT="73"
                          WIDTH="155"
                          VPOS="1178"
                          HPOS="1107"
                          CONTENT="fidem"/>
                  <SP HEIGHT="73" WIDTH="17" VPOS="1178" HPOS="1262"/>
                  <String HEIGHT="73"
                          WIDTH="207"
                          VPOS="1178"
                          HPOS="1210"
                          CONTENT="moresque"/>
                  <SP HEIGHT="73" WIDTH="17" VPOS="1178" HPOS="1417"/>
                  <String HEIGHT="73"
                          WIDTH="207"
                          VPOS="1178"
                          HPOS="1365"
                          CONTENT="viuendi."/>
                  <SP HEIGHT="73" WIDTH="17" VPOS="1178" HPOS="1572"/>
                  <String HEIGHT="73"
                          WIDTH="103"
                          VPOS="1178"
                          HPOS="1520"
                          CONTENT="In"/>
                  <SP HEIGHT="73" WIDTH="17" VPOS="1178" HPOS="1624"/>
                  <String HEIGHT="73"
                          WIDTH="103"
                          VPOS="1178"
                          HPOS="1572"
                          CONTENT="ea"/>
                  <SP HEIGHT="73" WIDTH="17" VPOS="1178" HPOS="1676"/>
                  <String HEIGHT="73"
                          WIDTH="172"
                          VPOS="1178"
                          HPOS="1624"
                          CONTENT="igitur"/>
                  <SP HEIGHT="73" WIDTH="17" VPOS="1178" HPOS="1796"/>
                  <String HEIGHT="73"
                          WIDTH="138"
                          VPOS="1178"
                          HPOS="1745"
                          CONTENT="quae"/>
                  <SP HEIGHT="73" WIDTH="17" VPOS="1178" HPOS="1882"/>
                  <String HEIGHT="73"
                          WIDTH="190"
                          VPOS="1178"
                          HPOS="1831"
                          CONTENT="obscura"/>
                  <SP HEIGHT="73" WIDTH="17" VPOS="1178" HPOS="2020"/>
                  <String HEIGHT="73"
                          WIDTH="138"
                          VPOS="1178"
                          HPOS="1969"
                          CONTENT="sunt"/>
                  <SP HEIGHT="73" WIDTH="17" VPOS="1178" HPOS="2107"/>
                  <String HEIGHT="73"
                          WIDTH="172"
                          VPOS="1178"
                          HPOS="2038"
                          CONTENT="aperien"
                          SUBS_TYPE="HypPart1"
                          SUBS_CONTENT="aperienda"/>
                  <HYP CONTENT="-"/>
               </TextLine>
               <TextLine ID="line_1590166978274_1935"
                         BASELINE="1298"
                         HEIGHT="58"
                         WIDTH="1724"
                         VPOS="1240"
                         HPOS="488">
                  <String HEIGHT="58"
                          WIDTH="108"
                          VPOS="1240"
                          HPOS="470"
                          CONTENT="da"
                          SUBS_TYPE="HypPart2"
                          SUBS_CONTENT="aperienda"/>
                  <SP HEIGHT="58" WIDTH="18" VPOS="1240" HPOS="578"/>
                  <String HEIGHT="58" WIDTH="90" VPOS="1240" HPOS="524" CONTENT="&amp;"/>
                  <SP HEIGHT="58" WIDTH="18" VPOS="1240" HPOS="614"/>
                  <String HEIGHT="58"
                          WIDTH="269"
                          VPOS="1240"
                          HPOS="560"
                          CONTENT="discutienda"/>
                  <SP HEIGHT="58" WIDTH="18" VPOS="1240" HPOS="829"/>
                  <String HEIGHT="58"
                          WIDTH="233"
                          VPOS="1240"
                          HPOS="775"
                          CONTENT="pergendum"/>
                  <SP HEIGHT="58" WIDTH="18" VPOS="1240" HPOS="1009"/>
                  <String HEIGHT="58"
                          WIDTH="144"
                          VPOS="1240"
                          HPOS="955"
                          CONTENT="est,"/>
                  <SP HEIGHT="58" WIDTH="18" VPOS="1240" HPOS="1099"/>
                  <String HEIGHT="58"
                          WIDTH="108"
                          VPOS="1240"
                          HPOS="1045"
                          CONTENT="vt"/>
                  <SP HEIGHT="58" WIDTH="18" VPOS="1240" HPOS="1152"/>
                  <String HEIGHT="58"
                          WIDTH="108"
                          VPOS="1240"
                          HPOS="1099"
                          CONTENT="ad"/>
                  <SP HEIGHT="58" WIDTH="18" VPOS="1240" HPOS="1206"/>
                  <String HEIGHT="58"
                          WIDTH="251"
                          VPOS="1240"
                          HPOS="1152"
                          CONTENT="obscuriora"/>
                  <SP HEIGHT="58" WIDTH="18" VPOS="1240" HPOS="1404"/>
                  <String HEIGHT="58"
                          WIDTH="269"
                          VPOS="1240"
                          HPOS="1350"
                          CONTENT="illustranda"/>
                  <SP HEIGHT="58" WIDTH="18" VPOS="1240" HPOS="1619"/>
                  <String HEIGHT="58"
                          WIDTH="108"
                          VPOS="1240"
                          HPOS="1566"
                          CONTENT="de"/>
                  <SP HEIGHT="58" WIDTH="18" VPOS="1240" HPOS="1673"/>
                  <String HEIGHT="58"
                          WIDTH="341"
                          VPOS="1240"
                          HPOS="1619"
                          CONTENT="manifestioribus"/>
                  <SP HEIGHT="58" WIDTH="18" VPOS="1240" HPOS="1961"/>
                  <String HEIGHT="58"
                          WIDTH="216"
                          VPOS="1240"
                          HPOS="1907"
                          CONTENT="sumantur"/>
                  <SP HEIGHT="58" WIDTH="18" VPOS="1240" HPOS="2122"/>
                  <String HEIGHT="58"
                          WIDTH="162"
                          VPOS="1240"
                          HPOS="2050"
                          CONTENT="exempla"/>
               </TextLine>
               <TextLine ID="line_1587752696280_79"
                         BASELINE="1355"
                         HEIGHT="71"
                         WIDTH="1743"
                         VPOS="1284"
                         HPOS="470">
                  <String HEIGHT="71" WIDTH="91" VPOS="1284" HPOS="452" CONTENT="&amp;"/>
                  <SP HEIGHT="71" WIDTH="18" VPOS="1284" HPOS="543"/>
                  <String HEIGHT="71"
                          WIDTH="200"
                          VPOS="1284"
                          HPOS="488"
                          CONTENT="quaedam"/>
                  <SP HEIGHT="71" WIDTH="18" VPOS="1284" HPOS="688"/>
                  <String HEIGHT="71"
                          WIDTH="218"
                          VPOS="1284"
                          HPOS="633"
                          CONTENT="certarum"/>
                  <SP HEIGHT="71" WIDTH="18" VPOS="1284" HPOS="851"/>
                  <String HEIGHT="71"
                          WIDTH="291"
                          VPOS="1284"
                          HPOS="797"
                          CONTENT="sententiarum"/>
                  <SP HEIGHT="71" WIDTH="18" VPOS="1284" HPOS="1087"/>
                  <String HEIGHT="71"
                          WIDTH="254"
                          VPOS="1284"
                          HPOS="1033"
                          CONTENT="testimonia"/>
                  <SP HEIGHT="71" WIDTH="18" VPOS="1284" HPOS="1287"/>
                  <String HEIGHT="71"
                          WIDTH="109"
                          VPOS="1284"
                          HPOS="1233"
                          CONTENT="in"/>
                  <SP HEIGHT="71" WIDTH="18" VPOS="1284" HPOS="1342"/>
                  <String HEIGHT="71"
                          WIDTH="182"
                          VPOS="1284"
                          HPOS="1287"
                          CONTENT="certis"/>
                  <SP HEIGHT="71" WIDTH="18" VPOS="1284" HPOS="1469"/>
                  <String HEIGHT="71"
                          WIDTH="218"
                          VPOS="1284"
                          HPOS="1414"
                          CONTENT="auferant"/>
                  <SP HEIGHT="71" WIDTH="18" VPOS="1284" HPOS="1632"/>
                  <String HEIGHT="71"
                          WIDTH="309"
                          VPOS="1284"
                          HPOS="1578"
                          CONTENT="dubitationem."/>
                  <SP HEIGHT="71" WIDTH="18" VPOS="1284" HPOS="1886"/>
                  <String HEIGHT="71" WIDTH="91" VPOS="1284" HPOS="1832" CONTENT="â‹"/>
                  <SP HEIGHT="71" WIDTH="18" VPOS="1284" HPOS="1923"/>
                  <String HEIGHT="71"
                          WIDTH="127"
                          VPOS="1284"
                          HPOS="1868"
                          CONTENT="Quo"/>
                  <SP HEIGHT="71" WIDTH="18" VPOS="1284" HPOS="1995"/>
                  <String HEIGHT="71"
                          WIDTH="109"
                          VPOS="1284"
                          HPOS="1941"
                          CONTENT="ad"/>
                  <SP HEIGHT="71" WIDTH="18" VPOS="1284" HPOS="2050"/>
                  <String HEIGHT="71"
                          WIDTH="200"
                          VPOS="1284"
                          HPOS="1995"
                          CONTENT="tertium"/>
                  <SP HEIGHT="71" WIDTH="18" VPOS="1284" HPOS="2195"/>
                  <String HEIGHT="71"
                          WIDTH="91"
                          VPOS="1284"
                          HPOS="2122"
                          CONTENT="ve"
                          SUBS_TYPE="HypPart1"
                          SUBS_CONTENT="vero"/>
                  <HYP CONTENT="-"/>
               </TextLine>
               <TextLine ID="line_1587752696282_81"
                         BASELINE="1411"
                         HEIGHT="77"
                         WIDTH="1747"
                         VPOS="1334"
                         HPOS="470">
                  <String HEIGHT="77"
                          WIDTH="110"
                          VPOS="1334"
                          HPOS="452"
                          CONTENT="ro"
                          SUBS_TYPE="HypPart2"
                          SUBS_CONTENT="vero"/>
                  <SP HEIGHT="77" WIDTH="18" VPOS="1334" HPOS="562"/>
                  <String HEIGHT="77"
                          WIDTH="166"
                          VPOS="1334"
                          HPOS="507"
                          CONTENT="modum"/>
                  <SP HEIGHT="77" WIDTH="18" VPOS="1334" HPOS="672"/>
                  <String HEIGHT="77"
                          WIDTH="202"
                          VPOS="1334"
                          HPOS="617"
                          CONTENT="sciendi"/>
                  <SP HEIGHT="77" WIDTH="18" VPOS="1334" HPOS="819"/>
                  <String HEIGHT="77"
                          WIDTH="184"
                          VPOS="1334"
                          HPOS="764"
                          CONTENT="sacram"/>
                  <SP HEIGHT="77" WIDTH="18" VPOS="1334" HPOS="948"/>
                  <String HEIGHT="77"
                          WIDTH="276"
                          VPOS="1334"
                          HPOS="893"
                          CONTENT="scripturam,"/>
                  <SP HEIGHT="77" WIDTH="18" VPOS="1334" HPOS="1169"/>
                  <String HEIGHT="77"
                          WIDTH="221"
                          VPOS="1334"
                          HPOS="1114"
                          CONTENT="dicendum"/>
                  <SP HEIGHT="77" WIDTH="18" VPOS="1334" HPOS="1334"/>
                  <String HEIGHT="77"
                          WIDTH="239"
                          VPOS="1334"
                          HPOS="1279"
                          CONTENT="similiter"/>
                  <SP HEIGHT="77" WIDTH="18" VPOS="1334" HPOS="1518"/>
                  <String HEIGHT="77"
                          WIDTH="147"
                          VPOS="1334"
                          HPOS="1463"
                          CONTENT="quod"/>
                  <SP HEIGHT="77" WIDTH="18" VPOS="1334" HPOS="1610"/>
                  <String HEIGHT="77"
                          WIDTH="257"
                          VPOS="1334"
                          HPOS="1555"
                          CONTENT="assistente"/>
                  <SP HEIGHT="77" WIDTH="18" VPOS="1334" HPOS="1812"/>
                  <String HEIGHT="77"
                          WIDTH="184"
                          VPOS="1334"
                          HPOS="1757"
                          CONTENT="diuino"/>
                  <SP HEIGHT="77" WIDTH="18" VPOS="1334" HPOS="1941"/>
                  <String HEIGHT="77"
                          WIDTH="239"
                          VPOS="1334"
                          HPOS="1886"
                          CONTENT="adiutorio"/>
                  <SP HEIGHT="77" WIDTH="18" VPOS="1334" HPOS="2125"/>
                  <String HEIGHT="77"
                          WIDTH="166"
                          VPOS="1334"
                          HPOS="2051"
                          CONTENT="communi"/>
               </TextLine>
               <TextLine ID="line_1587752696285_83"
                         BASELINE="1467"
                         HEIGHT="63"
                         WIDTH="1749"
                         VPOS="1404"
                         HPOS="469">
                  <String HEIGHT="63"
                          WIDTH="143"
                          VPOS="1404"
                          HPOS="451"
                          CONTENT="sine"/>
                  <SP HEIGHT="63" WIDTH="18" VPOS="1404" HPOS="594"/>
                  <String HEIGHT="63"
                          WIDTH="125"
                          VPOS="1404"
                          HPOS="540"
                          CONTENT="quo"/>
                  <SP HEIGHT="63" WIDTH="18" VPOS="1404" HPOS="665"/>
                  <String HEIGHT="63"
                          WIDTH="232"
                          VPOS="1404"
                          HPOS="612"
                          CONTENT="intelligi"/>
                  <SP HEIGHT="63" WIDTH="18" VPOS="1404" HPOS="844"/>
                  <String HEIGHT="63"
                          WIDTH="125"
                          VPOS="1404"
                          HPOS="790"
                          CONTENT="non"/>
                  <SP HEIGHT="63" WIDTH="18" VPOS="1404" HPOS="915"/>
                  <String HEIGHT="63"
                          WIDTH="196"
                          VPOS="1404"
                          HPOS="862"
                          CONTENT="possunt"/>
                  <SP HEIGHT="63" WIDTH="18" VPOS="1404" HPOS="1058"/>
                  <String HEIGHT="63"
                          WIDTH="214"
                          VPOS="1404"
                          HPOS="1004"
                          CONTENT="credita,"/>
                  <SP HEIGHT="63" WIDTH="18" VPOS="1404" HPOS="1219"/>
                  <String HEIGHT="63"
                          WIDTH="143"
                          VPOS="1404"
                          HPOS="1165"
                          CONTENT="sine"/>
                  <SP HEIGHT="63" WIDTH="18" VPOS="1404" HPOS="1308"/>
                  <String HEIGHT="63"
                          WIDTH="143"
                          VPOS="1404"
                          HPOS="1254"
                          CONTENT="omni"/>
                  <SP HEIGHT="63" WIDTH="18" VPOS="1404" HPOS="1397"/>
                  <String HEIGHT="63"
                          WIDTH="143"
                          VPOS="1404"
                          HPOS="1343"
                          CONTENT="alia"/>
                  <SP HEIGHT="63" WIDTH="18" VPOS="1404" HPOS="1486"/>
                  <String HEIGHT="63"
                          WIDTH="286"
                          VPOS="1404"
                          HPOS="1433"
                          CONTENT="praerogatiua"/>
                  <SP HEIGHT="63" WIDTH="18" VPOS="1404" HPOS="1718"/>
                  <String HEIGHT="63"
                          WIDTH="286"
                          VPOS="1404"
                          HPOS="1665"
                          CONTENT="reuelationis"/>
                  <SP HEIGHT="63" WIDTH="18" VPOS="1404" HPOS="1950"/>
                  <String HEIGHT="63"
                          WIDTH="143"
                          VPOS="1404"
                          HPOS="1897"
                          CONTENT="homo"/>
                  <SP HEIGHT="63" WIDTH="18" VPOS="1404" HPOS="2040"/>
                  <String HEIGHT="63"
                          WIDTH="250"
                          VPOS="1404"
                          HPOS="1968"
                          CONTENT="sufficienter"/>
               </TextLine>
               <TextLine ID="line_1587752696297_85"
                         BASELINE="1518"
                         HEIGHT="63"
                         WIDTH="1753"
                         VPOS="1455"
                         HPOS="471">
                  <String HEIGHT="63"
                          WIDTH="245"
                          VPOS="1455"
                          HPOS="453"
                          CONTENT="instructus"/>
                  <SP HEIGHT="63" WIDTH="18" VPOS="1455" HPOS="699"/>
                  <String HEIGHT="63" WIDTH="105" VPOS="1455" HPOS="646" CONTENT="in"/>
                  <SP HEIGHT="63" WIDTH="18" VPOS="1455" HPOS="751"/>
                  <String HEIGHT="63"
                          WIDTH="228"
                          VPOS="1455"
                          HPOS="699"
                          CONTENT="credendis"/>
                  <SP HEIGHT="63" WIDTH="18" VPOS="1455" HPOS="927"/>
                  <String HEIGHT="63" WIDTH="88" VPOS="1455" HPOS="874" CONTENT="&amp;"/>
                  <SP HEIGHT="63" WIDTH="18" VPOS="1455" HPOS="962"/>
                  <String HEIGHT="63" WIDTH="105" VPOS="1455" HPOS="909" CONTENT="in"/>
                  <SP HEIGHT="63" WIDTH="18" VPOS="1455" HPOS="1014"/>
                  <String HEIGHT="63"
                          WIDTH="175"
                          VPOS="1455"
                          HPOS="962"
                          CONTENT="dictis"/>
                  <SP HEIGHT="63" WIDTH="18" VPOS="1455" HPOS="1137"/>
                  <String HEIGHT="63"
                          WIDTH="175"
                          VPOS="1455"
                          HPOS="1085"
                          CONTENT="sacrae"/>
                  <SP HEIGHT="63" WIDTH="18" VPOS="1455" HPOS="1260"/>
                  <String HEIGHT="63"
                          WIDTH="245"
                          VPOS="1455"
                          HPOS="1207"
                          CONTENT="scripturae"/>
                  <SP HEIGHT="63" WIDTH="18" VPOS="1455" HPOS="1453"/>
                  <String HEIGHT="63"
                          WIDTH="140"
                          VPOS="1455"
                          HPOS="1400"
                          CONTENT="sine"/>
                  <SP HEIGHT="63" WIDTH="18" VPOS="1455" HPOS="1540"/>
                  <String HEIGHT="63"
                          WIDTH="140"
                          VPOS="1455"
                          HPOS="1488"
                          CONTENT="omni"/>
                  <SP HEIGHT="63" WIDTH="18" VPOS="1455" HPOS="1628"/>
                  <String HEIGHT="63"
                          WIDTH="140"
                          VPOS="1455"
                          HPOS="1575"
                          CONTENT="alio"/>
                  <SP HEIGHT="63" WIDTH="18" VPOS="1455" HPOS="1716"/>
                  <String HEIGHT="63"
                          WIDTH="193"
                          VPOS="1455"
                          HPOS="1663"
                          CONTENT="doctore"/>
                  <SP HEIGHT="63" WIDTH="18" VPOS="1455" HPOS="1856"/>
                  <String HEIGHT="63"
                          WIDTH="175"
                          VPOS="1455"
                          HPOS="1803"
                          CONTENT="potest"/>
                  <SP HEIGHT="63" WIDTH="18" VPOS="1455" HPOS="1979"/>
                  <String HEIGHT="63"
                          WIDTH="210"
                          VPOS="1455"
                          HPOS="1926"
                          CONTENT="deuenire"/>
                  <SP HEIGHT="63" WIDTH="18" VPOS="1455" HPOS="2136"/>
                  <String HEIGHT="63"
                          WIDTH="158"
                          VPOS="1455"
                          HPOS="2066"
                          CONTENT="scruta"
                          SUBS_TYPE="HypPart1"
                          SUBS_CONTENT="scrutatione"/>
                  <HYP CONTENT="-"/>
               </TextLine>
               <TextLine ID="line_1587752696302_87"
                         BASELINE="1567"
                         HEIGHT="64"
                         WIDTH="1745"
                         VPOS="1503"
                         HPOS="470">
                  <String HEIGHT="64"
                          WIDTH="154"
                          VPOS="1503"
                          HPOS="453"
                          CONTENT="tione"
                          SUBS_TYPE="HypPart2"
                          SUBS_CONTENT="scrutatione"/>
                  <SP HEIGHT="64" WIDTH="17" VPOS="1503" HPOS="607"/>
                  <String HEIGHT="64"
                          WIDTH="222"
                          VPOS="1503"
                          HPOS="556"
                          CONTENT="naturalis"/>
                  <SP HEIGHT="64" WIDTH="17" VPOS="1503" HPOS="778"/>
                  <String HEIGHT="64"
                          WIDTH="188"
                          VPOS="1503"
                          HPOS="727"
                          CONTENT="ingenii"/>
                  <SP HEIGHT="64" WIDTH="17" VPOS="1503" HPOS="915"/>
                  <String HEIGHT="64" WIDTH="103" VPOS="1503" HPOS="863" CONTENT="in"/>
                  <SP HEIGHT="64" WIDTH="17" VPOS="1503" HPOS="966"/>
                  <String HEIGHT="64"
                          WIDTH="257"
                          VPOS="1503"
                          HPOS="915"
                          CONTENT="intellectum"/>
                  <SP HEIGHT="64" WIDTH="17" VPOS="1503" HPOS="1171"/>
                  <String HEIGHT="64"
                          WIDTH="154"
                          VPOS="1503"
                          HPOS="1120"
                          CONTENT="eorum"/>
                  <SP HEIGHT="64" WIDTH="17" VPOS="1503" HPOS="1274"/>
                  <String HEIGHT="64"
                          WIDTH="137"
                          VPOS="1503"
                          HPOS="1223"
                          CONTENT="quae"/>
                  <SP HEIGHT="64" WIDTH="17" VPOS="1503" HPOS="1360"/>
                  <String HEIGHT="64"
                          WIDTH="154"
                          VPOS="1503"
                          HPOS="1308"
                          CONTENT="prius"/>
                  <SP HEIGHT="64" WIDTH="17" VPOS="1503" HPOS="1462"/>
                  <String HEIGHT="64"
                          WIDTH="188"
                          VPOS="1503"
                          HPOS="1411"
                          CONTENT="tenebat"/>
                  <SP HEIGHT="64" WIDTH="17" VPOS="1503" HPOS="1599"/>
                  <String HEIGHT="64"
                          WIDTH="137"
                          VPOS="1503"
                          HPOS="1548"
                          CONTENT="sola"/>
                  <SP HEIGHT="64" WIDTH="17" VPOS="1503" HPOS="1685"/>
                  <String HEIGHT="64"
                          WIDTH="154"
                          VPOS="1503"
                          HPOS="1633"
                          CONTENT="fide,"/>
                  <SP HEIGHT="64" WIDTH="17" VPOS="1503" HPOS="1787"/>
                  <String HEIGHT="64"
                          WIDTH="188"
                          VPOS="1503"
                          HPOS="1736"
                          CONTENT="quantum"/>
                  <SP HEIGHT="64" WIDTH="17" VPOS="1503" HPOS="1924"/>
                  <String HEIGHT="64"
                          WIDTH="205"
                          VPOS="1503"
                          HPOS="1873"
                          CONTENT="possibil"/>
                  <SP HEIGHT="64" WIDTH="17" VPOS="1503" HPOS="2078"/>
                  <String HEIGHT="64" WIDTH="86" VPOS="1503" HPOS="2027" CONTENT="e"/>
                  <SP HEIGHT="64" WIDTH="17" VPOS="1503" HPOS="2112"/>
                  <String HEIGHT="64"
                          WIDTH="120"
                          VPOS="1503"
                          HPOS="2061"
                          CONTENT="est"/>
                  <SP HEIGHT="64" WIDTH="17" VPOS="1503" HPOS="2181"/>
                  <String HEIGHT="64"
                          WIDTH="103"
                          VPOS="1503"
                          HPOS="2112"
                          CONTENT="cre"
                          SUBS_TYPE="HypPart1"
                          SUBS_CONTENT="credita"/>
                  <HYP CONTENT="-"/>
               </TextLine>
               <TextLine ID="line_1587752696304_89"
                         BASELINE="1623"
                         HEIGHT="72"
                         WIDTH="1745"
                         VPOS="1551"
                         HPOS="469">
                  <String HEIGHT="72"
                          WIDTH="149"
                          VPOS="1551"
                          HPOS="450"
                          CONTENT="dita"
                          SUBS_TYPE="HypPart2"
                          SUBS_CONTENT="credita"/>
                  <SP HEIGHT="72" WIDTH="19" VPOS="1551" HPOS="599"/>
                  <String HEIGHT="72" WIDTH="111" VPOS="1551" HPOS="543" CONTENT="in"/>
                  <SP HEIGHT="72" WIDTH="19" VPOS="1551" HPOS="655"/>
                  <String HEIGHT="72"
                          WIDTH="149"
                          VPOS="1551"
                          HPOS="599"
                          CONTENT="vita"/>
                  <SP HEIGHT="72" WIDTH="19" VPOS="1551" HPOS="747"/>
                  <String HEIGHT="72"
                          WIDTH="149"
                          VPOS="1551"
                          HPOS="692"
                          CONTENT="ista"/>
                  <SP HEIGHT="72" WIDTH="19" VPOS="1551" HPOS="840"/>
                  <String HEIGHT="72"
                          WIDTH="223"
                          VPOS="1551"
                          HPOS="785"
                          CONTENT="secundum"/>
                  <SP HEIGHT="72" WIDTH="19" VPOS="1551" HPOS="1007"/>
                  <String HEIGHT="72"
                          WIDTH="223"
                          VPOS="1551"
                          HPOS="952"
                          CONTENT="communem"/>
                  <SP HEIGHT="72" WIDTH="19" VPOS="1551" HPOS="1174"/>
                  <String HEIGHT="72"
                          WIDTH="186"
                          VPOS="1551"
                          HPOS="1119"
                          CONTENT="statum"/>
                  <SP HEIGHT="72" WIDTH="19" VPOS="1551" HPOS="1304"/>
                  <String HEIGHT="72"
                          WIDTH="204"
                          VPOS="1551"
                          HPOS="1249"
                          CONTENT="hominum"/>
                  <SP HEIGHT="72" WIDTH="19" VPOS="1551" HPOS="1453"/>
                  <String HEIGHT="72"
                          WIDTH="167"
                          VPOS="1551"
                          HPOS="1397"
                          CONTENT="fieri"/>
                  <SP HEIGHT="72" WIDTH="19" VPOS="1551" HPOS="1564"/>
                  <String HEIGHT="72"
                          WIDTH="278"
                          VPOS="1551"
                          HPOS="1509"
                          CONTENT="intellecta."/>
                  <SP HEIGHT="72" WIDTH="19" VPOS="1551" HPOS="1787"/>
                  <String HEIGHT="72"
                          WIDTH="111"
                          VPOS="1551"
                          HPOS="1731"
                          CONTENT="Et"/>
                  <SP HEIGHT="72" WIDTH="19" VPOS="1551" HPOS="1843"/>
                  <String HEIGHT="72"
                          WIDTH="149"
                          VPOS="1551"
                          HPOS="1787"
                          CONTENT="quia"/>
                  <SP HEIGHT="72" WIDTH="19" VPOS="1551" HPOS="1936"/>
                  <String HEIGHT="72"
                          WIDTH="130"
                          VPOS="1551"
                          HPOS="1880"
                          CONTENT="hoc"/>
                  <SP HEIGHT="72" WIDTH="19" VPOS="1551" HPOS="2010"/>
                  <String HEIGHT="72"
                          WIDTH="111"
                          VPOS="1551"
                          HPOS="1954"
                          CONTENT="vt"/>
                  <SP HEIGHT="72" WIDTH="19" VPOS="1551" HPOS="2065"/>
                  <String HEIGHT="72"
                          WIDTH="186"
                          VPOS="1551"
                          HPOS="2010"
                          CONTENT="dictum"/>
                  <SP HEIGHT="72" WIDTH="19" VPOS="1551" HPOS="2195"/>
                  <String HEIGHT="72"
                          WIDTH="93"
                          VPOS="1551"
                          HPOS="2121"
                          CONTENT="est"/>
               </TextLine>
               <TextLine ID="line_1587752696307_91"
                         BASELINE="1674"
                         HEIGHT="59"
                         WIDTH="1740"
                         VPOS="1615"
                         HPOS="471">
                  <String HEIGHT="59"
                          WIDTH="123"
                          VPOS="1615"
                          HPOS="453"
                          CONTENT="fit"/>
                  <SP HEIGHT="59" WIDTH="18" VPOS="1615" HPOS="576"/>
                  <String HEIGHT="59"
                          WIDTH="176"
                          VPOS="1615"
                          HPOS="524"
                          CONTENT="diuina"/>
                  <SP HEIGHT="59" WIDTH="18" VPOS="1615" HPOS="699"/>
                  <String HEIGHT="59"
                          WIDTH="176"
                          VPOS="1615"
                          HPOS="647"
                          CONTENT="gratia"/>
                  <SP HEIGHT="59" WIDTH="18" VPOS="1615" HPOS="823"/>
                  <String HEIGHT="59"
                          WIDTH="246"
                          VPOS="1615"
                          HPOS="770"
                          CONTENT="assistente"/>
                  <SP HEIGHT="59" WIDTH="18" VPOS="1615" HPOS="1016"/>
                  <String HEIGHT="59" WIDTH="88" VPOS="1615" HPOS="963" CONTENT="&amp;"/>
                  <SP HEIGHT="59" WIDTH="18" VPOS="1615" HPOS="1051"/>
                  <String HEIGHT="59"
                          WIDTH="281"
                          VPOS="1615"
                          HPOS="998"
                          CONTENT="illuminante,"/>
                  <SP HEIGHT="59" WIDTH="18" VPOS="1615" HPOS="1279"/>
                  <String HEIGHT="59"
                          WIDTH="176"
                          VPOS="1615"
                          HPOS="1227"
                          CONTENT="maxime"/>
                  <SP HEIGHT="59" WIDTH="18" VPOS="1615" HPOS="1403"/>
                  <String HEIGHT="59"
                          WIDTH="176"
                          VPOS="1615"
                          HPOS="1350"
                          CONTENT="gratum"/>
                  <SP HEIGHT="59" WIDTH="18" VPOS="1615" HPOS="1526"/>
                  <String HEIGHT="59"
                          WIDTH="228"
                          VPOS="1615"
                          HPOS="1473"
                          CONTENT="faciente,"/>
                  <SP HEIGHT="59" WIDTH="18" VPOS="1615" HPOS="1701"/>
                  <String HEIGHT="59"
                          WIDTH="141"
                          VPOS="1615"
                          HPOS="1649"
                          CONTENT="plus"/>
                  <SP HEIGHT="59" WIDTH="18" VPOS="1615" HPOS="1789"/>
                  <String HEIGHT="59"
                          WIDTH="246"
                          VPOS="1615"
                          HPOS="1736"
                          CONTENT="proficitur"/>
                  <SP HEIGHT="59" WIDTH="18" VPOS="1615" HPOS="1983"/>
                  <String HEIGHT="59"
                          WIDTH="105"
                          VPOS="1615"
                          HPOS="1930"
                          CONTENT="in"/>
                  <SP HEIGHT="59" WIDTH="18" VPOS="1615" HPOS="2035"/>
                  <String HEIGHT="59"
                          WIDTH="123"
                          VPOS="1615"
                          HPOS="1983"
                          CONTENT="hoc"/>
                  <SP HEIGHT="59" WIDTH="18" VPOS="1615" HPOS="2106"/>
                  <String HEIGHT="59"
                          WIDTH="176"
                          VPOS="1615"
                          HPOS="2035"
                          CONTENT="oratione"/>
               </TextLine>
               <TextLine ID="r3l27"
                         BASELINE="1741"
                         HEIGHT="71"
                         WIDTH="1747"
                         VPOS="1670"
                         HPOS="474">
                  <String HEIGHT="71"
                          WIDTH="136"
                          VPOS="1670"
                          HPOS="457"
                          CONTENT="quam"/>
                  <SP HEIGHT="71" WIDTH="17" VPOS="1670" HPOS="593"/>
                  <String HEIGHT="71"
                          WIDTH="237"
                          VPOS="1670"
                          HPOS="542"
                          CONTENT="auditione."/>
                  <SP HEIGHT="71" WIDTH="17" VPOS="1670" HPOS="779"/>
                  <String HEIGHT="71"
                          WIDTH="187"
                          VPOS="1670"
                          HPOS="728"
                          CONTENT="Propter"/>
                  <SP HEIGHT="71" WIDTH="17" VPOS="1670" HPOS="915"/>
                  <String HEIGHT="71"
                          WIDTH="136"
                          VPOS="1670"
                          HPOS="864"
                          CONTENT="quod"/>
                  <SP HEIGHT="71" WIDTH="17" VPOS="1670" HPOS="1000"/>
                  <String HEIGHT="71"
                          WIDTH="153"
                          VPOS="1670"
                          HPOS="949"
                          CONTENT="dicit"/>
                  <SP HEIGHT="71" WIDTH="17" VPOS="1670" HPOS="1102"/>
                  <String HEIGHT="71"
                          WIDTH="237"
                          VPOS="1670"
                          HPOS="1051"
                          CONTENT="Augustinus"/>
                  <SP HEIGHT="71" WIDTH="17" VPOS="1670" HPOS="1288"/>
                  <String HEIGHT="71"
                          WIDTH="102"
                          VPOS="1670"
                          HPOS="1237"
                          CONTENT="in"/>
                  <SP HEIGHT="71" WIDTH="17" VPOS="1670" HPOS="1339"/>
                  <String HEIGHT="71"
                          WIDTH="136"
                          VPOS="1670"
                          HPOS="1288"
                          CONTENT="ser."/>
                  <SP HEIGHT="71" WIDTH="17" VPOS="1670" HPOS="1424"/>
                  <String HEIGHT="71"
                          WIDTH="102"
                          VPOS="1670"
                          HPOS="1373"
                          CONTENT="de"/>
                  <SP HEIGHT="71" WIDTH="17" VPOS="1670" HPOS="1475"/>
                  <String HEIGHT="71"
                          WIDTH="170"
                          VPOS="1670"
                          HPOS="1424"
                          CONTENT="gratia"/>
                  <SP HEIGHT="71" WIDTH="17" VPOS="1670" HPOS="1593"/>
                  <String HEIGHT="71"
                          WIDTH="136"
                          VPOS="1670"
                          HPOS="1543"
                          CONTENT="noui"/>
                  <SP HEIGHT="71" WIDTH="17" VPOS="1670" HPOS="1678"/>
                  <String HEIGHT="71"
                          WIDTH="254"
                          VPOS="1670"
                          HPOS="1627"
                          CONTENT="testamenti."/>
                  <SP HEIGHT="71" WIDTH="17" VPOS="1670" HPOS="1882"/>
                  <String HEIGHT="71"
                          WIDTH="119"
                          VPOS="1670"
                          HPOS="1831"
                          CONTENT="Ama"/>
                  <SP HEIGHT="71" WIDTH="17" VPOS="1670" HPOS="1950"/>
                  <String HEIGHT="71"
                          WIDTH="305"
                          VPOS="1670"
                          HPOS="1899"
                          CONTENT="ecclesiasticas"/>
                  <SP HEIGHT="71" WIDTH="17" VPOS="1670" HPOS="2204"/>
                  <String HEIGHT="71"
                          WIDTH="85"
                          VPOS="1670"
                          HPOS="2136"
                          CONTENT="le"
                          SUBS_TYPE="HypPart1"
                          SUBS_CONTENT="legere"/>
                  <HYP CONTENT="-"/>
               </TextLine>
               <TextLine ID="line_1587752696309_93"
                         BASELINE="1795"
                         HEIGHT="82"
                         WIDTH="1747"
                         VPOS="1713"
                         HPOS="469">
                  <String HEIGHT="82"
                          WIDTH="150"
                          VPOS="1713"
                          HPOS="450"
                          CONTENT="gere"
                          SUBS_TYPE="HypPart2"
                          SUBS_CONTENT="legere"/>
                  <SP HEIGHT="82" WIDTH="19" VPOS="1713" HPOS="600"/>
                  <String HEIGHT="82"
                          WIDTH="225"
                          VPOS="1713"
                          HPOS="544"
                          CONTENT="literas:"/>
                  <SP HEIGHT="82" WIDTH="19" VPOS="1713" HPOS="770"/>
                  <String HEIGHT="82" WIDTH="94" VPOS="1713" HPOS="713" CONTENT="&amp;"/>
                  <SP HEIGHT="82" WIDTH="19" VPOS="1713" HPOS="807"/>
                  <String HEIGHT="82"
                          WIDTH="131"
                          VPOS="1713"
                          HPOS="751"
                          CONTENT="non"/>
                  <SP HEIGHT="82" WIDTH="19" VPOS="1713" HPOS="882"/>
                  <String HEIGHT="82"
                          WIDTH="169"
                          VPOS="1713"
                          HPOS="826"
                          CONTENT="multa"/>
                  <SP HEIGHT="82" WIDTH="19" VPOS="1713" HPOS="995"/>
                  <String HEIGHT="82"
                          WIDTH="225"
                          VPOS="1713"
                          HPOS="939"
                          CONTENT="inuenies"/>
                  <SP HEIGHT="82" WIDTH="19" VPOS="1713" HPOS="1164"/>
                  <String HEIGHT="82"
                          WIDTH="150"
                          VPOS="1713"
                          HPOS="1108"
                          CONTENT="quae"/>
                  <SP HEIGHT="82" WIDTH="19" VPOS="1713" HPOS="1258"/>
                  <String HEIGHT="82"
                          WIDTH="244"
                          VPOS="1713"
                          HPOS="1202"
                          CONTENT="requiras:"/>
                  <SP HEIGHT="82" WIDTH="19" VPOS="1713" HPOS="1446"/>
                  <String HEIGHT="82"
                          WIDTH="131"
                          VPOS="1713"
                          HPOS="1389"
                          CONTENT="sed"/>
                  <SP HEIGHT="82" WIDTH="19" VPOS="1713" HPOS="1521"/>
                  <String HEIGHT="82"
                          WIDTH="207"
                          VPOS="1713"
                          HPOS="1465"
                          CONTENT="legendo"/>
                  <SP HEIGHT="82" WIDTH="19" VPOS="1713" HPOS="1671"/>
                  <String HEIGHT="82" WIDTH="94" VPOS="1713" HPOS="1615" CONTENT="&amp;"/>
                  <SP HEIGHT="82" WIDTH="19" VPOS="1713" HPOS="1709"/>
                  <String HEIGHT="82"
                          WIDTH="244"
                          VPOS="1713"
                          HPOS="1652"
                          CONTENT="ruminando"/>
                  <SP HEIGHT="82" WIDTH="19" VPOS="1713" HPOS="1897"/>
                  <String HEIGHT="82"
                          WIDTH="113"
                          VPOS="1713"
                          HPOS="1840"
                          CONTENT="si"/>
                  <SP HEIGHT="82" WIDTH="19" VPOS="1713" HPOS="1953"/>
                  <String HEIGHT="82"
                          WIDTH="169"
                          VPOS="1713"
                          HPOS="1897"
                          CONTENT="etiam"/>
                  <SP HEIGHT="82" WIDTH="19" VPOS="1713" HPOS="2066"/>
                  <String HEIGHT="82"
                          WIDTH="150"
                          VPOS="1713"
                          HPOS="2009"
                          CONTENT="pure"/>
                  <SP HEIGHT="82" WIDTH="19" VPOS="1713" HPOS="2160"/>
                  <String HEIGHT="82"
                          WIDTH="131"
                          VPOS="1713"
                          HPOS="2085"
                          CONTENT="domi"
                          SUBS_TYPE="HypPart1"
                          SUBS_CONTENT="dominum"/>
                  <HYP CONTENT="-"/>
               </TextLine>
               <TextLine ID="line_1590166996846_1940"
                         BASELINE="1833"
                         HEIGHT="56"
                         WIDTH="1723"
                         VPOS="1777"
                         HPOS="486">
                  <String HEIGHT="56"
                          WIDTH="140"
                          VPOS="1777"
                          HPOS="466"
                          CONTENT="num"
                          SUBS_TYPE="HypPart2"
                          SUBS_CONTENT="dominum"/>
                  <SP HEIGHT="56" WIDTH="20" VPOS="1777" HPOS="606"/>
                  <String HEIGHT="56"
                          WIDTH="280"
                          VPOS="1777"
                          HPOS="546"
                          CONTENT="largitorem"/>
                  <SP HEIGHT="56" WIDTH="20" VPOS="1777" HPOS="827"/>
                  <String HEIGHT="56"
                          WIDTH="220"
                          VPOS="1777"
                          HPOS="766"
                          CONTENT="bonorum"/>
                  <SP HEIGHT="56" WIDTH="20" VPOS="1777" HPOS="987"/>
                  <String HEIGHT="56"
                          WIDTH="200"
                          VPOS="1777"
                          HPOS="927"
                          CONTENT="omnium"/>
                  <SP HEIGHT="56" WIDTH="20" VPOS="1777" HPOS="1127"/>
                  <String HEIGHT="56"
                          WIDTH="301"
                          VPOS="1777"
                          HPOS="1067"
                          CONTENT="depreceris,"/>
                  <SP HEIGHT="56" WIDTH="20" VPOS="1777" HPOS="1368"/>
                  <String HEIGHT="56"
                          WIDTH="180"
                          VPOS="1777"
                          HPOS="1307"
                          CONTENT="omnia"/>
                  <SP HEIGHT="56" WIDTH="20" VPOS="1777" HPOS="1488"/>
                  <String HEIGHT="56"
                          WIDTH="160"
                          VPOS="1777"
                          HPOS="1428"
                          CONTENT="quae"/>
                  <SP HEIGHT="56" WIDTH="20" VPOS="1777" HPOS="1588"/>
                  <String HEIGHT="56"
                          WIDTH="280"
                          VPOS="1777"
                          HPOS="1528"
                          CONTENT="cognitione"/>
                  <SP HEIGHT="56" WIDTH="20" VPOS="1777" HPOS="1808"/>
                  <String HEIGHT="56"
                          WIDTH="180"
                          VPOS="1777"
                          HPOS="1748"
                          CONTENT="digna"/>
                  <SP HEIGHT="56" WIDTH="20" VPOS="1777" HPOS="1929"/>
                  <String HEIGHT="56"
                          WIDTH="180"
                          VPOS="1777"
                          HPOS="1868"
                          CONTENT="sunt:"/>
                  <SP HEIGHT="56" WIDTH="20" VPOS="1777" HPOS="2049"/>
                  <String HEIGHT="56"
                          WIDTH="140"
                          VPOS="1777"
                          HPOS="1989"
                          CONTENT="aut"/>
                  <SP HEIGHT="56" WIDTH="20" VPOS="1777" HPOS="2129"/>
                  <String HEIGHT="56"
                          WIDTH="180"
                          VPOS="1777"
                          HPOS="2069"
                          CONTENT="certe"/>
                  <SP HEIGHT="56" WIDTH="20" VPOS="1777" HPOS="2249"/>
                  <String HEIGHT="56" WIDTH="40" VPOS="1777" HPOS="2169" CONTENT=""/>
               </TextLine>
               <TextLine ID="r3l30"
                         BASELINE="1895"
                         HEIGHT="74"
                         WIDTH="1747"
                         VPOS="1821"
                         HPOS="477">
                  <String HEIGHT="74"
                          WIDTH="150"
                          VPOS="1821"
                          HPOS="458"
                          CONTENT="rima"/>
                  <SP HEIGHT="74" WIDTH="19" VPOS="1821" HPOS="608"/>
                  <String HEIGHT="74"
                          WIDTH="150"
                          VPOS="1821"
                          HPOS="552"
                          CONTENT="ipso"/>
                  <SP HEIGHT="74" WIDTH="19" VPOS="1821" HPOS="702"/>
                  <String HEIGHT="74"
                          WIDTH="169"
                          VPOS="1821"
                          HPOS="646"
                          CONTENT="magis"/>
                  <SP HEIGHT="74" WIDTH="19" VPOS="1821" HPOS="815"/>
                  <String HEIGHT="74"
                          WIDTH="263"
                          VPOS="1821"
                          HPOS="759"
                          CONTENT="inspirante"/>
                  <SP HEIGHT="74" WIDTH="19" VPOS="1821" HPOS="1022"/>
                  <String HEIGHT="74"
                          WIDTH="150"
                          VPOS="1821"
                          HPOS="965"
                          CONTENT="quam"/>
                  <SP HEIGHT="74" WIDTH="19" VPOS="1821" HPOS="1116"/>
                  <String HEIGHT="74"
                          WIDTH="188"
                          VPOS="1821"
                          HPOS="1059"
                          CONTENT="homine"/>
                  <SP HEIGHT="74" WIDTH="19" VPOS="1821" HPOS="1247"/>
                  <String HEIGHT="74"
                          WIDTH="188"
                          VPOS="1821"
                          HPOS="1191"
                          CONTENT="aliquo"/>
                  <SP HEIGHT="74" WIDTH="19" VPOS="1821" HPOS="1379"/>
                  <String HEIGHT="74"
                          WIDTH="263"
                          VPOS="1821"
                          HPOS="1322"
                          CONTENT="commonente"/>
                  <SP HEIGHT="74" WIDTH="19" VPOS="1821" HPOS="1585"/>
                  <String HEIGHT="74"
                          WIDTH="263"
                          VPOS="1821"
                          HPOS="1529"
                          CONTENT="perdisces."/>
                  <SP HEIGHT="74" WIDTH="19" VPOS="1821" HPOS="1792"/>
                  <String HEIGHT="74" WIDTH="94" VPOS="1821" HPOS="1736" CONTENT="&amp;"/>
                  <SP HEIGHT="74" WIDTH="19" VPOS="1821" HPOS="1830"/>
                  <String HEIGHT="74"
                          WIDTH="113"
                          VPOS="1821"
                          HPOS="1773"
                          CONTENT="de"/>
                  <SP HEIGHT="74" WIDTH="19" VPOS="1821" HPOS="1886"/>
                  <String HEIGHT="74"
                          WIDTH="207"
                          VPOS="1821"
                          HPOS="1830"
                          CONTENT="videndo"/>
                  <SP HEIGHT="74" WIDTH="19" VPOS="1821" HPOS="2036"/>
                  <String HEIGHT="74"
                          WIDTH="169"
                          VPOS="1821"
                          HPOS="1980"
                          CONTENT="deum."/>
                  <SP HEIGHT="74" WIDTH="19" VPOS="1821" HPOS="2149"/>
                  <String HEIGHT="74"
                          WIDTH="150"
                          VPOS="1821"
                          HPOS="2074"
                          CONTENT="Primum"/>
               </TextLine>
               <TextLine ID="line_1587752696319_97"
                         BASELINE="1948"
                         HEIGHT="73"
                         WIDTH="1755"
                         VPOS="1875"
                         HPOS="471">
                  <String HEIGHT="73"
                          WIDTH="140"
                          VPOS="1875"
                          HPOS="453"
                          CONTENT="mihi"/>
                  <SP HEIGHT="73" WIDTH="18" VPOS="1875" HPOS="594"/>
                  <String HEIGHT="73"
                          WIDTH="193"
                          VPOS="1875"
                          HPOS="541"
                          CONTENT="videtur"/>
                  <SP HEIGHT="73" WIDTH="18" VPOS="1875" HPOS="734"/>
                  <String HEIGHT="73"
                          WIDTH="140"
                          VPOS="1875"
                          HPOS="682"
                          CONTENT="plus"/>
                  <SP HEIGHT="73" WIDTH="18" VPOS="1875" HPOS="822"/>
                  <String HEIGHT="73"
                          WIDTH="176"
                          VPOS="1875"
                          HPOS="769"
                          CONTENT="valere"/>
                  <SP HEIGHT="73" WIDTH="18" VPOS="1875" HPOS="945"/>
                  <String HEIGHT="73" WIDTH="105" VPOS="1875" HPOS="892" CONTENT="in"/>
                  <SP HEIGHT="73" WIDTH="18" VPOS="1875" HPOS="998"/>
                  <String HEIGHT="73"
                          WIDTH="123"
                          VPOS="1875"
                          HPOS="945"
                          CONTENT="hac"/>
                  <SP HEIGHT="73" WIDTH="18" VPOS="1875" HPOS="1068"/>
                  <String HEIGHT="73"
                          WIDTH="298"
                          VPOS="1875"
                          HPOS="1015"
                          CONTENT="inquisitione,"/>
                  <SP HEIGHT="73" WIDTH="18" VPOS="1875" HPOS="1313"/>
                  <String HEIGHT="73"
                          WIDTH="193"
                          VPOS="1875"
                          HPOS="1261"
                          CONTENT="viuendi"/>
                  <SP HEIGHT="73" WIDTH="18" VPOS="1875" HPOS="1454"/>
                  <String HEIGHT="73"
                          WIDTH="140"
                          VPOS="1875"
                          HPOS="1401"
                          CONTENT="quam"/>
                  <SP HEIGHT="73" WIDTH="18" VPOS="1875" HPOS="1542"/>
                  <String HEIGHT="73"
                          WIDTH="211"
                          VPOS="1875"
                          HPOS="1489"
                          CONTENT="loquendi"/>
                  <SP HEIGHT="73" WIDTH="18" VPOS="1875" HPOS="1700"/>
                  <String HEIGHT="73"
                          WIDTH="176"
                          VPOS="1875"
                          HPOS="1647"
                          CONTENT="modus."/>
                  <SP HEIGHT="73" WIDTH="18" VPOS="1875" HPOS="1822"/>
                  <String HEIGHT="73"
                          WIDTH="123"
                          VPOS="1875"
                          HPOS="1770"
                          CONTENT="Nam"/>
                  <SP HEIGHT="73" WIDTH="18" VPOS="1875" HPOS="1893"/>
                  <String HEIGHT="73"
                          WIDTH="123"
                          VPOS="1875"
                          HPOS="1840"
                          CONTENT="qui"/>
                  <SP HEIGHT="73" WIDTH="18" VPOS="1875" HPOS="1963"/>
                  <String HEIGHT="73"
                          WIDTH="246"
                          VPOS="1875"
                          HPOS="1910"
                          CONTENT="didicerunt"/>
                  <SP HEIGHT="73" WIDTH="18" VPOS="1875" HPOS="2156"/>
                  <String HEIGHT="73" WIDTH="88" VPOS="1875" HPOS="2103" CONTENT="a"/>
                  <SP HEIGHT="73" WIDTH="18" VPOS="1875" HPOS="2191"/>
                  <String HEIGHT="73"
                          WIDTH="105"
                          VPOS="1875"
                          HPOS="2121"
                          CONTENT="domi"/>
               </TextLine>
               <TextLine ID="line_1590167006950_1945"
                         BASELINE="1999"
                         HEIGHT="62"
                         WIDTH="1715"
                         VPOS="1937"
                         HPOS="491">
                  <String HEIGHT="62"
                          WIDTH="121"
                          VPOS="1937"
                          HPOS="474"
                          CONTENT="non"/>
                  <SP HEIGHT="62" WIDTH="17" VPOS="1937" HPOS="595"/>
                  <String HEIGHT="62"
                          WIDTH="139"
                          VPOS="1937"
                          HPOS="543"
                          CONTENT="Iesu"/>
                  <SP HEIGHT="62" WIDTH="17" VPOS="1937" HPOS="682"/>
                  <String HEIGHT="62"
                          WIDTH="156"
                          VPOS="1937"
                          HPOS="630"
                          CONTENT="mites"/>
                  <SP HEIGHT="62" WIDTH="17" VPOS="1937" HPOS="785"/>
                  <String HEIGHT="62"
                          WIDTH="139"
                          VPOS="1937"
                          HPOS="734"
                          CONTENT="esse"/>
                  <SP HEIGHT="62" WIDTH="17" VPOS="1937" HPOS="872"/>
                  <String HEIGHT="62" WIDTH="87" VPOS="1937" HPOS="820" CONTENT="&amp;"/>
                  <SP HEIGHT="62" WIDTH="17" VPOS="1937" HPOS="907"/>
                  <String HEIGHT="62"
                          WIDTH="208"
                          VPOS="1937"
                          HPOS="855"
                          CONTENT="humiles,"/>
                  <SP HEIGHT="62" WIDTH="17" VPOS="1937" HPOS="1063"/>
                  <String HEIGHT="62"
                          WIDTH="139"
                          VPOS="1937"
                          HPOS="1011"
                          CONTENT="plus"/>
                  <SP HEIGHT="62" WIDTH="17" VPOS="1937" HPOS="1149"/>
                  <String HEIGHT="62"
                          WIDTH="225"
                          VPOS="1937"
                          HPOS="1097"
                          CONTENT="cogitando"/>
                  <SP HEIGHT="62" WIDTH="17" VPOS="1937" HPOS="1323"/>
                  <String HEIGHT="62" WIDTH="87" VPOS="1937" HPOS="1271" CONTENT="&amp;"/>
                  <SP HEIGHT="62" WIDTH="17" VPOS="1937" HPOS="1357"/>
                  <String HEIGHT="62"
                          WIDTH="173"
                          VPOS="1937"
                          HPOS="1305"
                          CONTENT="orando"/>
                  <SP HEIGHT="62" WIDTH="17" VPOS="1937" HPOS="1478"/>
                  <String HEIGHT="62"
                          WIDTH="243"
                          VPOS="1937"
                          HPOS="1426"
                          CONTENT="proficiunt"/>
                  <SP HEIGHT="62" WIDTH="17" VPOS="1937" HPOS="1669"/>
                  <String HEIGHT="62"
                          WIDTH="139"
                          VPOS="1937"
                          HPOS="1617"
                          CONTENT="quam"/>
                  <SP HEIGHT="62" WIDTH="17" VPOS="1937" HPOS="1756"/>
                  <String HEIGHT="62"
                          WIDTH="191"
                          VPOS="1937"
                          HPOS="1704"
                          CONTENT="legendo"/>
                  <SP HEIGHT="62" WIDTH="17" VPOS="1937" HPOS="1894"/>
                  <String HEIGHT="62" WIDTH="87" VPOS="1937" HPOS="1842" CONTENT="&amp;"/>
                  <SP HEIGHT="62" WIDTH="17" VPOS="1937" HPOS="1929"/>
                  <String HEIGHT="62"
                          WIDTH="225"
                          VPOS="1937"
                          HPOS="1877"
                          CONTENT="audiendo."/>
                  <SP HEIGHT="62" WIDTH="17" VPOS="1937" HPOS="2102"/>
                  <String HEIGHT="62"
                          WIDTH="121"
                          VPOS="1937"
                          HPOS="2050"
                          CONTENT="Nec"/>
                  <SP HEIGHT="62" WIDTH="17" VPOS="1937" HPOS="2171"/>
                  <String HEIGHT="62"
                          WIDTH="104"
                          VPOS="1937"
                          HPOS="2102"
                          CONTENT="idem"/>
               </TextLine>
               <TextLine ID="r3l33"
                         BASELINE="2065"
                         HEIGHT="85"
                         WIDTH="1751"
                         VPOS="1980"
                         HPOS="472">
                  <String HEIGHT="85"
                          WIDTH="158"
                          VPOS="1980"
                          HPOS="454"
                          CONTENT="tamen"/>
                  <SP HEIGHT="85" WIDTH="18" VPOS="1980" HPOS="612"/>
                  <String HEIGHT="85"
                          WIDTH="158"
                          VPOS="1980"
                          HPOS="560"
                          CONTENT="agere"/>
                  <SP HEIGHT="85" WIDTH="18" VPOS="1980" HPOS="717"/>
                  <String HEIGHT="85"
                          WIDTH="175"
                          VPOS="1980"
                          HPOS="665"
                          CONTENT="partes"/>
                  <SP HEIGHT="85" WIDTH="18" VPOS="1980" HPOS="840"/>
                  <String HEIGHT="85"
                          WIDTH="140"
                          VPOS="1980"
                          HPOS="787"
                          CONTENT="suas"/>
                  <SP HEIGHT="85" WIDTH="18" VPOS="1980" HPOS="927"/>
                  <String HEIGHT="85"
                          WIDTH="158"
                          VPOS="1980"
                          HPOS="875"
                          CONTENT="sermo"/>
                  <SP HEIGHT="85" WIDTH="18" VPOS="1980" HPOS="1032"/>
                  <String HEIGHT="85"
                          WIDTH="263"
                          VPOS="1980"
                          HPOS="980"
                          CONTENT="cessauerit:"/>
                  <SP HEIGHT="85" WIDTH="18" VPOS="1980" HPOS="1242"/>
                  <String HEIGHT="85"
                          WIDTH="123"
                          VPOS="1980"
                          HPOS="1190"
                          CONTENT="sed"/>
                  <SP HEIGHT="85" WIDTH="18" VPOS="1980" HPOS="1312"/>
                  <String HEIGHT="85"
                          WIDTH="123"
                          VPOS="1980"
                          HPOS="1260"
                          CONTENT="cum"/>
                  <SP HEIGHT="85" WIDTH="18" VPOS="1980" HPOS="1383"/>
                  <String HEIGHT="85"
                          WIDTH="228"
                          VPOS="1980"
                          HPOS="1330"
                          CONTENT="plantator"/>
                  <SP HEIGHT="85" WIDTH="18" VPOS="1980" HPOS="1558"/>
                  <String HEIGHT="85" WIDTH="88" VPOS="1980" HPOS="1505" CONTENT="&amp;"/>
                  <SP HEIGHT="85" WIDTH="18" VPOS="1980" HPOS="1593"/>
                  <String HEIGHT="85"
                          WIDTH="193"
                          VPOS="1980"
                          HPOS="1540"
                          CONTENT="rigator"/>
                  <SP HEIGHT="85" WIDTH="18" VPOS="1980" HPOS="1733"/>
                  <String HEIGHT="85"
                          WIDTH="210"
                          VPOS="1980"
                          HPOS="1680"
                          CONTENT="officium"/>
                  <SP HEIGHT="85" WIDTH="18" VPOS="1980" HPOS="1890"/>
                  <String HEIGHT="85"
                          WIDTH="123"
                          VPOS="1980"
                          HPOS="1838"
                          CONTENT="sui"/>
                  <SP HEIGHT="85" WIDTH="18" VPOS="1980" HPOS="1960"/>
                  <String HEIGHT="85"
                          WIDTH="210"
                          VPOS="1980"
                          HPOS="1908"
                          CONTENT="gesserit"/>
                  <SP HEIGHT="85" WIDTH="18" VPOS="1980" HPOS="2118"/>
                  <String HEIGHT="85"
                          WIDTH="175"
                          VPOS="1980"
                          HPOS="2048"
                          CONTENT="muneris,"/>
               </TextLine>
               <TextLine ID="r3l34"
                         BASELINE="2115"
                         HEIGHT="77"
                         WIDTH="726"
                         VPOS="2038"
                         HPOS="479">
                  <String HEIGHT="77"
                          WIDTH="195"
                          VPOS="2038"
                          HPOS="461"
                          CONTENT="caetera"/>
                  <SP HEIGHT="77" WIDTH="18" VPOS="2038" HPOS="656"/>
                  <String HEIGHT="77"
                          WIDTH="142"
                          VPOS="2038"
                          HPOS="603"
                          CONTENT="illi"/>
                  <SP HEIGHT="77" WIDTH="18" VPOS="2038" HPOS="745"/>
                  <String HEIGHT="77"
                          WIDTH="124"
                          VPOS="2038"
                          HPOS="691"
                          CONTENT="qui"/>
                  <SP HEIGHT="77" WIDTH="18" VPOS="2038" HPOS="815"/>
                  <String HEIGHT="77"
                          WIDTH="124"
                          VPOS="2038"
                          HPOS="762"
                          CONTENT="dat"/>
                  <SP HEIGHT="77" WIDTH="18" VPOS="2038" HPOS="886"/>
                  <String HEIGHT="77"
                          WIDTH="230"
                          VPOS="2038"
                          HPOS="833"
                          CONTENT="crementum"/>
                  <SP HEIGHT="77" WIDTH="18" VPOS="2038" HPOS="1063"/>
                  <String HEIGHT="77"
                          WIDTH="212"
                          VPOS="2038"
                          HPOS="993"
                          CONTENT="relinquit."/>
               </TextLine>
               <TextLine ID="r3l38"
                         BASELINE="2210"
                         HEIGHT="104"
                         WIDTH="1754"
                         VPOS="2106"
                         HPOS="476">
                  <String HEIGHT="104" WIDTH="110" VPOS="2106" HPOS="454" CONTENT="â‹"/>
                  <SP HEIGHT="104" WIDTH="22" VPOS="2106" HPOS="564"/>
                  <String HEIGHT="104"
                          WIDTH="132"
                          VPOS="2106"
                          HPOS="498"
                          CONTENT="Ad"/>
                  <SP HEIGHT="104" WIDTH="22" VPOS="2106" HPOS="629"/>
                  <String HEIGHT="104"
                          WIDTH="219"
                          VPOS="2106"
                          HPOS="564"
                          CONTENT="primum"/>
                  <SP HEIGHT="104" WIDTH="22" VPOS="2106" HPOS="783"/>
                  <String HEIGHT="104"
                          WIDTH="132"
                          VPOS="2106"
                          HPOS="717"
                          CONTENT="in"/>
                  <SP HEIGHT="104" WIDTH="22" VPOS="2106" HPOS="849"/>
                  <String HEIGHT="104"
                          WIDTH="307"
                          VPOS="2106"
                          HPOS="783"
                          CONTENT="oppositum:"/>
                  <SP HEIGHT="104" WIDTH="22" VPOS="2106" HPOS="1090"/>
                  <String HEIGHT="104"
                          WIDTH="175"
                          VPOS="2106"
                          HPOS="1024"
                          CONTENT="quod"/>
                  <SP HEIGHT="104" WIDTH="22" VPOS="2106" HPOS="1200"/>
                  <String HEIGHT="104"
                          WIDTH="219"
                          VPOS="2106"
                          HPOS="1134"
                          CONTENT="lumine"/>
                  <SP HEIGHT="104" WIDTH="22" VPOS="2106" HPOS="1353"/>
                  <String HEIGHT="104"
                          WIDTH="241"
                          VPOS="2106"
                          HPOS="1287"
                          CONTENT="naturae"/>
                  <SP HEIGHT="104" WIDTH="22" VPOS="2106" HPOS="1528"/>
                  <String HEIGHT="104"
                          WIDTH="175"
                          VPOS="2106"
                          HPOS="1463"
                          CONTENT="sine"/>
                  <SP HEIGHT="104" WIDTH="22" VPOS="2106" HPOS="1638"/>
                  <String HEIGHT="104"
                          WIDTH="241"
                          VPOS="2106"
                          HPOS="1572"
                          CONTENT="doctore"/>
                  <SP HEIGHT="104" WIDTH="22" VPOS="2106" HPOS="1813"/>
                  <String HEIGHT="104"
                          WIDTH="329"
                          VPOS="2106"
                          HPOS="1748"
                          CONTENT="cognoscimus"/>
                  <SP HEIGHT="104" WIDTH="22" VPOS="2106" HPOS="2077"/>
                  <String HEIGHT="104"
                          WIDTH="241"
                          VPOS="2106"
                          HPOS="1989"
                          CONTENT="naturalia"/>
               </TextLine>
               <TextLine ID="r3l39"
                         BASELINE="2270"
                         HEIGHT="68"
                         WIDTH="1743"
                         VPOS="2202"
                         HPOS="480">
                  <String HEIGHT="68"
                          WIDTH="147"
                          VPOS="2202"
                          HPOS="462"
                          CONTENT="ergo"/>
                  <SP HEIGHT="68" WIDTH="18" VPOS="2202" HPOS="608"/>
                  <String HEIGHT="68" WIDTH="92" VPOS="2202" HPOS="553" CONTENT="&amp;"/>
                  <SP HEIGHT="68" WIDTH="18" VPOS="2202" HPOS="645"/>
                  <String HEIGHT="68"
                          WIDTH="183"
                          VPOS="2202"
                          HPOS="590"
                          CONTENT="lumine"/>
                  <SP HEIGHT="68" WIDTH="18" VPOS="2202" HPOS="774"/>
                  <String HEIGHT="68"
                          WIDTH="312"
                          VPOS="2202"
                          HPOS="719"
                          CONTENT="supernaturali"/>
                  <SP HEIGHT="68" WIDTH="18" VPOS="2202" HPOS="1030"/>
                  <String HEIGHT="68"
                          WIDTH="147"
                          VPOS="2202"
                          HPOS="975"
                          CONTENT="sine"/>
                  <SP HEIGHT="68" WIDTH="18" VPOS="2202" HPOS="1122"/>
                  <String HEIGHT="68"
                          WIDTH="202"
                          VPOS="2202"
                          HPOS="1067"
                          CONTENT="doctore"/>
                  <SP HEIGHT="68" WIDTH="18" VPOS="2202" HPOS="1269"/>
                  <String HEIGHT="68"
                          WIDTH="349"
                          VPOS="2202"
                          HPOS="1214"
                          CONTENT="supernaturalia:"/>
                  <SP HEIGHT="68" WIDTH="18" VPOS="2202" HPOS="1562"/>
                  <String HEIGHT="68"
                          WIDTH="220"
                          VPOS="2202"
                          HPOS="1507"
                          CONTENT="Dicendum"/>
                  <SP HEIGHT="68" WIDTH="18" VPOS="2202" HPOS="1728"/>
                  <String HEIGHT="68"
                          WIDTH="147"
                          VPOS="2202"
                          HPOS="1673"
                          CONTENT="quod"/>
                  <SP HEIGHT="68" WIDTH="18" VPOS="2202" HPOS="1819"/>
                  <String HEIGHT="68"
                          WIDTH="165"
                          VPOS="2202"
                          HPOS="1764"
                          CONTENT="verum"/>
                  <SP HEIGHT="68" WIDTH="18" VPOS="2202" HPOS="1929"/>
                  <String HEIGHT="68"
                          WIDTH="128"
                          VPOS="2202"
                          HPOS="1874"
                          CONTENT="est"/>
                  <SP HEIGHT="68" WIDTH="18" VPOS="2202" HPOS="2003"/>
                  <String HEIGHT="68"
                          WIDTH="220"
                          VPOS="2202"
                          HPOS="1948"
                          CONTENT="loquendo"/>
                  <SP HEIGHT="68" WIDTH="18" VPOS="2202" HPOS="2168"/>
                  <String HEIGHT="68"
                          WIDTH="110"
                          VPOS="2202"
                          HPOS="2113"
                          CONTENT="de"/>
                  <SP HEIGHT="68" WIDTH="18" VPOS="2202" HPOS="2223"/>
                  <String HEIGHT="68" WIDTH="73" VPOS="2202" HPOS="2150" CONTENT="se"/>
               </TextLine>
               <TextLine ID="r3l40"
                         BASELINE="2325"
                         HEIGHT="73"
                         WIDTH="1740"
                         VPOS="2252"
                         HPOS="481">
                  <String HEIGHT="73"
                          WIDTH="160"
                          VPOS="2252"
                          HPOS="463"
                          CONTENT="cundo"/>
                  <SP HEIGHT="73" WIDTH="18" VPOS="2252" HPOS="623"/>
                  <String HEIGHT="73"
                          WIDTH="142"
                          VPOS="2252"
                          HPOS="570"
                          CONTENT="modo"/>
                  <SP HEIGHT="73" WIDTH="18" VPOS="2252" HPOS="712"/>
                  <String HEIGHT="73"
                          WIDTH="213"
                          VPOS="2252"
                          HPOS="659"
                          CONTENT="sciendi,"/>
                  <SP HEIGHT="73" WIDTH="18" VPOS="2252" HPOS="872"/>
                  <String HEIGHT="73"
                          WIDTH="213"
                          VPOS="2252"
                          HPOS="818"
                          CONTENT="scilicet"/>
                  <SP HEIGHT="73" WIDTH="18" VPOS="2252" HPOS="1031"/>
                  <String HEIGHT="73"
                          WIDTH="249"
                          VPOS="2252"
                          HPOS="978"
                          CONTENT="posteriora"/>
                  <SP HEIGHT="73" WIDTH="18" VPOS="2252" HPOS="1227"/>
                  <String HEIGHT="73"
                          WIDTH="107"
                          VPOS="2252"
                          HPOS="1173"
                          CONTENT="ex"/>
                  <SP HEIGHT="73" WIDTH="18" VPOS="2252" HPOS="1280"/>
                  <String HEIGHT="73"
                          WIDTH="231"
                          VPOS="2252"
                          HPOS="1227"
                          CONTENT="prioribus"/>
                  <SP HEIGHT="73" WIDTH="18" VPOS="2252" HPOS="1458"/>
                  <String HEIGHT="73"
                          WIDTH="302"
                          VPOS="2252"
                          HPOS="1404"
                          CONTENT="praecognitis."/>
                  <SP HEIGHT="73" WIDTH="18" VPOS="2252" HPOS="1706"/>
                  <String HEIGHT="73"
                          WIDTH="124"
                          VPOS="2252"
                          HPOS="1653"
                          CONTENT="Sed"/>
                  <SP HEIGHT="73" WIDTH="18" VPOS="2252" HPOS="1777"/>
                  <String HEIGHT="73"
                          WIDTH="124"
                          VPOS="2252"
                          HPOS="1724"
                          CONTENT="quo"/>
                  <SP HEIGHT="73" WIDTH="18" VPOS="2252" HPOS="1848"/>
                  <String HEIGHT="73"
                          WIDTH="107"
                          VPOS="2252"
                          HPOS="1795"
                          CONTENT="ad"/>
                  <SP HEIGHT="73" WIDTH="18" VPOS="2252" HPOS="1901"/>
                  <String HEIGHT="73"
                          WIDTH="213"
                          VPOS="2252"
                          HPOS="1848"
                          CONTENT="notitiam"/>
                  <SP HEIGHT="73" WIDTH="18" VPOS="2252" HPOS="2061"/>
                  <String HEIGHT="73"
                          WIDTH="195"
                          VPOS="2252"
                          HPOS="2008"
                          CONTENT="literae"/>
                  <SP HEIGHT="73" WIDTH="18" VPOS="2252" HPOS="2203"/>
                  <String HEIGHT="73"
                          WIDTH="107"
                          VPOS="2252"
                          HPOS="2150"
                          CONTENT="in"/>
                  <SP HEIGHT="73" WIDTH="18" VPOS="2252" HPOS="2257"/>
                  <String HEIGHT="73" WIDTH="36" VPOS="2252" HPOS="2185" CONTENT=""/>
               </TextLine>
               <TextLine ID="r3l41"
                         BASELINE="2374"
                         HEIGHT="63"
                         WIDTH="1739"
                         VPOS="2311"
                         HPOS="473">
                  <String HEIGHT="63"
                          WIDTH="149"
                          VPOS="2311"
                          HPOS="456"
                          CONTENT="aliis"/>
                  <SP HEIGHT="63" WIDTH="17" VPOS="2311" HPOS="605"/>
                  <String HEIGHT="63"
                          WIDTH="215"
                          VPOS="2311"
                          HPOS="556"
                          CONTENT="scientiis"/>
                  <SP HEIGHT="63" WIDTH="17" VPOS="2311" HPOS="771"/>
                  <String HEIGHT="63" WIDTH="83" VPOS="2311" HPOS="721" CONTENT="&amp;"/>
                  <SP HEIGHT="63" WIDTH="17" VPOS="2311" HPOS="804"/>
                  <String HEIGHT="63" WIDTH="99" VPOS="2311" HPOS="755" CONTENT="in"/>
                  <SP HEIGHT="63" WIDTH="17" VPOS="2311" HPOS="854"/>
                  <String HEIGHT="63"
                          WIDTH="149"
                          VPOS="2311"
                          HPOS="804"
                          CONTENT="ista,"/>
                  <SP HEIGHT="63" WIDTH="17" VPOS="2311" HPOS="953"/>
                  <String HEIGHT="63"
                          WIDTH="166"
                          VPOS="2311"
                          HPOS="904"
                          CONTENT="omnino"/>
                  <SP HEIGHT="63" WIDTH="17" VPOS="2311" HPOS="1069"/>
                  <String HEIGHT="63"
                          WIDTH="182"
                          VPOS="2311"
                          HPOS="1020"
                          CONTENT="refert:"/>
                  <SP HEIGHT="63" WIDTH="17" VPOS="2311" HPOS="1202"/>
                  <String HEIGHT="63"
                          WIDTH="182"
                          VPOS="2311"
                          HPOS="1152"
                          CONTENT="propter"/>
                  <SP HEIGHT="63" WIDTH="17" VPOS="2311" HPOS="1334"/>
                  <String HEIGHT="63"
                          WIDTH="116"
                          VPOS="2311"
                          HPOS="1285"
                          CONTENT="hoc"/>
                  <SP HEIGHT="63" WIDTH="17" VPOS="2311" HPOS="1400"/>
                  <String HEIGHT="63"
                          WIDTH="132"
                          VPOS="2311"
                          HPOS="1351"
                          CONTENT="quod"/>
                  <SP HEIGHT="63" WIDTH="17" VPOS="2311" HPOS="1483"/>
                  <String HEIGHT="63" WIDTH="99" VPOS="2311" HPOS="1434" CONTENT="in"/>
                  <SP HEIGHT="63" WIDTH="17" VPOS="2311" HPOS="1533"/>
                  <String HEIGHT="63"
                          WIDTH="149"
                          VPOS="2311"
                          HPOS="1483"
                          CONTENT="aliis"/>
                  <SP HEIGHT="63" WIDTH="17" VPOS="2311" HPOS="1632"/>
                  <String HEIGHT="63"
                          WIDTH="149"
                          VPOS="2311"
                          HPOS="1583"
                          CONTENT="signa"/>
                  <SP HEIGHT="63" WIDTH="17" VPOS="2311" HPOS="1732"/>
                  <String HEIGHT="63"
                          WIDTH="132"
                          VPOS="2311"
                          HPOS="1682"
                          CONTENT="sunt"/>
                  <SP HEIGHT="63" WIDTH="17" VPOS="2311" HPOS="1815"/>
                  <String HEIGHT="63"
                          WIDTH="149"
                          VPOS="2311"
                          HPOS="1765"
                          CONTENT="voces"/>
                  <SP HEIGHT="63" WIDTH="17" VPOS="2311" HPOS="1914"/>
                  <String HEIGHT="63"
                          WIDTH="199"
                          VPOS="2311"
                          HPOS="1864"
                          CONTENT="propriae"/>
                  <SP HEIGHT="63" WIDTH="17" VPOS="2311" HPOS="2063"/>
                  <String HEIGHT="63"
                          WIDTH="215"
                          VPOS="2311"
                          HPOS="1997"
                          CONTENT="determinate"/>
               </TextLine>
               <TextLine ID="r3l42"
                         BASELINE="2426"
                         HEIGHT="57"
                         WIDTH="1736"
                         VPOS="2369"
                         HPOS="479">
                  <String HEIGHT="57"
                          WIDTH="219"
                          VPOS="2369"
                          HPOS="461"
                          CONTENT="ducentes"/>
                  <SP HEIGHT="57" WIDTH="18" VPOS="2369" HPOS="680"/>
                  <String HEIGHT="57" WIDTH="110" VPOS="2369" HPOS="625" CONTENT="in"/>
                  <SP HEIGHT="57" WIDTH="18" VPOS="2369" HPOS="735"/>
                  <String HEIGHT="57"
                          WIDTH="219"
                          VPOS="2369"
                          HPOS="680"
                          CONTENT="notitiam"/>
                  <SP HEIGHT="57" WIDTH="18" VPOS="2369" HPOS="899"/>
                  <String HEIGHT="57"
                          WIDTH="183"
                          VPOS="2369"
                          HPOS="844"
                          CONTENT="rerum:"/>
                  <SP HEIGHT="57" WIDTH="18" VPOS="2369" HPOS="1027"/>
                  <String HEIGHT="57"
                          WIDTH="128"
                          VPOS="2369"
                          HPOS="972"
                          CONTENT="hic"/>
                  <SP HEIGHT="57" WIDTH="18" VPOS="2369" HPOS="1100"/>
                  <String HEIGHT="57"
                          WIDTH="164"
                          VPOS="2369"
                          HPOS="1045"
                          CONTENT="autem"/>
                  <SP HEIGHT="57" WIDTH="18" VPOS="2369" HPOS="1210"/>
                  <String HEIGHT="57"
                          WIDTH="164"
                          VPOS="2369"
                          HPOS="1155"
                          CONTENT="ipsae"/>
                  <SP HEIGHT="57" WIDTH="18" VPOS="2369" HPOS="1320"/>
                  <String HEIGHT="57"
                          WIDTH="128"
                          VPOS="2369"
                          HPOS="1265"
                          CONTENT="res"/>
                  <SP HEIGHT="57" WIDTH="18" VPOS="2369" HPOS="1393"/>
                  <String HEIGHT="57"
                          WIDTH="219"
                          VPOS="2369"
                          HPOS="1338"
                          CONTENT="ducentes"/>
                  <SP HEIGHT="57" WIDTH="18" VPOS="2369" HPOS="1557"/>
                  <String HEIGHT="57"
                          WIDTH="201"
                          VPOS="2369"
                          HPOS="1502"
                          CONTENT="obscure"/>
                  <SP HEIGHT="57" WIDTH="18" VPOS="2369" HPOS="1703"/>
                  <String HEIGHT="57"
                          WIDTH="128"
                          VPOS="2369"
                          HPOS="1649"
                          CONTENT="per"/>
                  <SP HEIGHT="57" WIDTH="18" VPOS="2369" HPOS="1776"/>
                  <String HEIGHT="57"
                          WIDTH="146"
                          VPOS="2369"
                          HPOS="1722"
                          CONTENT="suas"/>
                  <SP HEIGHT="57" WIDTH="18" VPOS="2369" HPOS="1868"/>
                  <String HEIGHT="57"
                          WIDTH="292"
                          VPOS="2369"
                          HPOS="1813"
                          CONTENT="proprietates"/>
                  <SP HEIGHT="57" WIDTH="18" VPOS="2369" HPOS="2105"/>
                  <String HEIGHT="57"
                          WIDTH="110"
                          VPOS="2369"
                          HPOS="2051"
                          CONTENT="in"/>
                  <SP HEIGHT="57" WIDTH="18" VPOS="2369" HPOS="2160"/>
                  <String HEIGHT="57"
                          WIDTH="128"
                          VPOS="2369"
                          HPOS="2087"
                          CONTENT="noti"
                          SUBS_TYPE="HypPart1"
                          SUBS_CONTENT="notitiam"/>
                  <HYP CONTENT="-"/>
               </TextLine>
               <TextLine ID="r3l43"
                         BASELINE="2480"
                         HEIGHT="77"
                         WIDTH="1736"
                         VPOS="2403"
                         HPOS="475">
                  <String HEIGHT="77"
                          WIDTH="145"
                          VPOS="2403"
                          HPOS="457"
                          CONTENT="tiam"
                          SUBS_TYPE="HypPart2"
                          SUBS_CONTENT="notitiam"/>
                  <SP HEIGHT="77" WIDTH="18" VPOS="2403" HPOS="602"/>
                  <String HEIGHT="77"
                          WIDTH="199"
                          VPOS="2403"
                          HPOS="547"
                          CONTENT="aliarum"/>
                  <SP HEIGHT="77" WIDTH="18" VPOS="2403" HPOS="746"/>
                  <String HEIGHT="77"
                          WIDTH="181"
                          VPOS="2403"
                          HPOS="692"
                          CONTENT="rerum,"/>
                  <SP HEIGHT="77" WIDTH="18" VPOS="2403" HPOS="873"/>
                  <String HEIGHT="77" WIDTH="109" VPOS="2403" HPOS="819" CONTENT="vt"/>
                  <SP HEIGHT="77" WIDTH="18" VPOS="2403" HPOS="927"/>
                  <String HEIGHT="77"
                          WIDTH="181"
                          VPOS="2403"
                          HPOS="873"
                          CONTENT="dictum"/>
                  <SP HEIGHT="77" WIDTH="18" VPOS="2403" HPOS="1054"/>
                  <String HEIGHT="77"
                          WIDTH="145"
                          VPOS="2403"
                          HPOS="999"
                          CONTENT="est."/>
                  <SP HEIGHT="77" WIDTH="18" VPOS="2403" HPOS="1144"/>
                  <String HEIGHT="77" WIDTH="90" VPOS="2403" HPOS="1090" CONTENT="â‹"/>
                  <SP HEIGHT="77" WIDTH="18" VPOS="2403" HPOS="1180"/>
                  <String HEIGHT="77"
                          WIDTH="109"
                          VPOS="2403"
                          HPOS="1126"
                          CONTENT="Ad"/>
                  <SP HEIGHT="77" WIDTH="18" VPOS="2403" HPOS="1235"/>
                  <String HEIGHT="77"
                          WIDTH="217"
                          VPOS="2403"
                          HPOS="1180"
                          CONTENT="secundum"/>
                  <SP HEIGHT="77" WIDTH="18" VPOS="2403" HPOS="1397"/>
                  <String HEIGHT="77"
                          WIDTH="109"
                          VPOS="2403"
                          HPOS="1343"
                          CONTENT="de"/>
                  <SP HEIGHT="77" WIDTH="18" VPOS="2403" HPOS="1452"/>
                  <String HEIGHT="77"
                          WIDTH="163"
                          VPOS="2403"
                          HPOS="1397"
                          CONTENT="beato"/>
                  <SP HEIGHT="77" WIDTH="18" VPOS="2403" HPOS="1560"/>
                  <String HEIGHT="77"
                          WIDTH="217"
                          VPOS="2403"
                          HPOS="1506"
                          CONTENT="Antonio:"/>
                  <SP HEIGHT="77" WIDTH="18" VPOS="2403" HPOS="1723"/>
                  <String HEIGHT="77"
                          WIDTH="217"
                          VPOS="2403"
                          HPOS="1669"
                          CONTENT="Dicendum"/>
                  <SP HEIGHT="77" WIDTH="18" VPOS="2403" HPOS="1886"/>
                  <String HEIGHT="77"
                          WIDTH="145"
                          VPOS="2403"
                          HPOS="1831"
                          CONTENT="quod"/>
                  <SP HEIGHT="77" WIDTH="18" VPOS="2403" HPOS="1976"/>
                  <String HEIGHT="77"
                          WIDTH="163"
                          VPOS="2403"
                          HPOS="1922"
                          CONTENT="illud"/>
                  <SP HEIGHT="77" WIDTH="18" VPOS="2403" HPOS="2084"/>
                  <String HEIGHT="77"
                          WIDTH="145"
                          VPOS="2403"
                          HPOS="2030"
                          CONTENT="fuit"/>
                  <SP HEIGHT="77" WIDTH="18" VPOS="2403" HPOS="2175"/>
                  <String HEIGHT="77"
                          WIDTH="109"
                          VPOS="2403"
                          HPOS="2103"
                          CONTENT="gra"
                          SUBS_TYPE="HypPart1"
                          SUBS_CONTENT="gratiae"/>
                  <HYP CONTENT="-"/>
               </TextLine>
               <TextLine ID="r3l44"
                         BASELINE="2538"
                         HEIGHT="72"
                         WIDTH="1736"
                         VPOS="2466"
                         HPOS="479">
                  <String HEIGHT="72"
                          WIDTH="146"
                          VPOS="2466"
                          HPOS="461"
                          CONTENT="tiae"
                          SUBS_TYPE="HypPart2"
                          SUBS_CONTENT="gratiae"/>
                  <SP HEIGHT="72" WIDTH="18" VPOS="2466" HPOS="607"/>
                  <String HEIGHT="72"
                          WIDTH="329"
                          VPOS="2466"
                          HPOS="552"
                          CONTENT="praerogatiuae:"/>
                  <SP HEIGHT="72" WIDTH="18" VPOS="2466" HPOS="881"/>
                  <String HEIGHT="72"
                          WIDTH="128"
                          VPOS="2466"
                          HPOS="826"
                          CONTENT="sed"/>
                  <SP HEIGHT="72" WIDTH="18" VPOS="2466" HPOS="954"/>
                  <String HEIGHT="72"
                          WIDTH="238"
                          VPOS="2466"
                          HPOS="899"
                          CONTENT="quaerimus"/>
                  <SP HEIGHT="72" WIDTH="18" VPOS="2466" HPOS="1137"/>
                  <String HEIGHT="72"
                          WIDTH="110"
                          VPOS="2466"
                          HPOS="1082"
                          CONTENT="de"/>
                  <SP HEIGHT="72" WIDTH="18" VPOS="2466" HPOS="1192"/>
                  <String HEIGHT="72"
                          WIDTH="201"
                          VPOS="2466"
                          HPOS="1137"
                          CONTENT="notitia"/>
                  <SP HEIGHT="72" WIDTH="18" VPOS="2466" HPOS="1338"/>
                  <String HEIGHT="72"
                          WIDTH="146"
                          VPOS="2466"
                          HPOS="1283"
                          CONTENT="quae"/>
                  <SP HEIGHT="72" WIDTH="18" VPOS="2466" HPOS="1429"/>
                  <String HEIGHT="72"
                          WIDTH="183"
                          VPOS="2466"
                          HPOS="1374"
                          CONTENT="potest"/>
                  <SP HEIGHT="72" WIDTH="18" VPOS="2466" HPOS="1557"/>
                  <String HEIGHT="72"
                          WIDTH="256"
                          VPOS="2466"
                          HPOS="1502"
                          CONTENT="contingere"/>
                  <SP HEIGHT="72" WIDTH="18" VPOS="2466" HPOS="1758"/>
                  <String HEIGHT="72"
                          WIDTH="219"
                          VPOS="2466"
                          HPOS="1703"
                          CONTENT="secundum"/>
                  <SP HEIGHT="72" WIDTH="18" VPOS="2466" HPOS="1923"/>
                  <String HEIGHT="72"
                          WIDTH="219"
                          VPOS="2466"
                          HPOS="1868"
                          CONTENT="communem"/>
                  <SP HEIGHT="72" WIDTH="18" VPOS="2466" HPOS="2087"/>
                  <String HEIGHT="72"
                          WIDTH="183"
                          VPOS="2466"
                          HPOS="2032"
                          CONTENT="statum"/>
                  <SP HEIGHT="72" WIDTH="18" VPOS="2466" HPOS="2215"/>
                  <String HEIGHT="72" WIDTH="73" VPOS="2466" HPOS="2142" CONTENT="ho"/>
               </TextLine>
               <TextLine ID="r3l45"
                         BASELINE="2590"
                         HEIGHT="66"
                         WIDTH="1744"
                         VPOS="2524"
                         HPOS="484">
                  <String HEIGHT="66"
                          WIDTH="192"
                          VPOS="2524"
                          HPOS="465"
                          CONTENT="minum."/>
                  <SP HEIGHT="66" WIDTH="19" VPOS="2524" HPOS="656"/>
                  <String HEIGHT="66" WIDTH="115" VPOS="2524" HPOS="599" CONTENT="ad"/>
                  <SP HEIGHT="66" WIDTH="19" VPOS="2524" HPOS="714"/>
                  <String HEIGHT="66"
                          WIDTH="172"
                          VPOS="2524"
                          HPOS="656"
                          CONTENT="illum"/>
                  <SP HEIGHT="66" WIDTH="19" VPOS="2524" HPOS="829"/>
                  <String HEIGHT="66"
                          WIDTH="153"
                          VPOS="2524"
                          HPOS="771"
                          CONTENT="enim"/>
                  <SP HEIGHT="66" WIDTH="19" VPOS="2524" HPOS="925"/>
                  <String HEIGHT="66"
                          WIDTH="230"
                          VPOS="2524"
                          HPOS="867"
                          CONTENT="priuatum"/>
                  <SP HEIGHT="66" WIDTH="19" VPOS="2524" HPOS="1097"/>
                  <String HEIGHT="66"
                          WIDTH="172"
                          VPOS="2524"
                          HPOS="1040"
                          CONTENT="modum"/>
                  <SP HEIGHT="66" WIDTH="19" VPOS="2524" HPOS="1212"/>
                  <String HEIGHT="66"
                          WIDTH="268"
                          VPOS="2524"
                          HPOS="1155"
                          CONTENT="accipiendi"/>
                  <SP HEIGHT="66" WIDTH="19" VPOS="2524" HPOS="1423"/>
                  <String HEIGHT="66"
                          WIDTH="230"
                          VPOS="2524"
                          HPOS="1366"
                          CONTENT="notitiam"/>
                  <SP HEIGHT="66" WIDTH="19" VPOS="2524" HPOS="1596"/>
                  <String HEIGHT="66"
                          WIDTH="268"
                          VPOS="2524"
                          HPOS="1538"
                          CONTENT="scripturae"/>
                  <SP HEIGHT="66" WIDTH="19" VPOS="2524" HPOS="1806"/>
                  <String HEIGHT="66"
                          WIDTH="134"
                          VPOS="2524"
                          HPOS="1749"
                          CONTENT="non"/>
                  <SP HEIGHT="66" WIDTH="19" VPOS="2524" HPOS="1883"/>
                  <String HEIGHT="66"
                          WIDTH="134"
                          VPOS="2524"
                          HPOS="1826"
                          CONTENT="est"/>
                  <SP HEIGHT="66" WIDTH="19" VPOS="2524" HPOS="1960"/>
                  <String HEIGHT="66"
                          WIDTH="192"
                          VPOS="2524"
                          HPOS="1902"
                          CONTENT="homini"/>
                  <SP HEIGHT="66" WIDTH="19" VPOS="2524" HPOS="2094"/>
                  <String HEIGHT="66"
                          WIDTH="211"
                          VPOS="2524"
                          HPOS="2017"
                          CONTENT="expectan"
                          SUBS_TYPE="HypPart1"
                          SUBS_CONTENT="expectandum:"/>
                  <HYP CONTENT="-"/>
               </TextLine>
               <TextLine ID="r3l46"
                         BASELINE="2651"
                         HEIGHT="76"
                         WIDTH="1730"
                         VPOS="2575"
                         HPOS="485">
                  <String HEIGHT="76"
                          WIDTH="138"
                          VPOS="2575"
                          HPOS="468"
                          CONTENT="dum:"
                          SUBS_TYPE="HypPart2"
                          SUBS_CONTENT="expectandum:"/>
                  <SP HEIGHT="76" WIDTH="17" VPOS="2575" HPOS="606"/>
                  <String HEIGHT="76"
                          WIDTH="121"
                          VPOS="2575"
                          HPOS="554"
                          CONTENT="sed"/>
                  <SP HEIGHT="76" WIDTH="17" VPOS="2575" HPOS="675"/>
                  <String HEIGHT="76"
                          WIDTH="173"
                          VPOS="2575"
                          HPOS="623"
                          CONTENT="studio"/>
                  <SP HEIGHT="76" WIDTH="17" VPOS="2575" HPOS="796"/>
                  <String HEIGHT="76"
                          WIDTH="190"
                          VPOS="2575"
                          HPOS="745"
                          CONTENT="proprio"/>
                  <SP HEIGHT="76" WIDTH="17" VPOS="2575" HPOS="935"/>
                  <String HEIGHT="76"
                          WIDTH="190"
                          VPOS="2575"
                          HPOS="883"
                          CONTENT="quantum"/>
                  <SP HEIGHT="76" WIDTH="17" VPOS="2575" HPOS="1073"/>
                  <String HEIGHT="76"
                          WIDTH="173"
                          VPOS="2575"
                          HPOS="1021"
                          CONTENT="potest"/>
                  <SP HEIGHT="76" WIDTH="17" VPOS="2575" HPOS="1194"/>
                  <String HEIGHT="76"
                          WIDTH="121"
                          VPOS="2575"
                          HPOS="1142"
                          CONTENT="cum"/>
                  <SP HEIGHT="76" WIDTH="17" VPOS="2575" HPOS="1264"/>
                  <String HEIGHT="76"
                          WIDTH="173"
                          VPOS="2575"
                          HPOS="1212"
                          CONTENT="diuino"/>
                  <SP HEIGHT="76" WIDTH="17" VPOS="2575" HPOS="1385"/>
                  <String HEIGHT="76"
                          WIDTH="225"
                          VPOS="2575"
                          HPOS="1333"
                          CONTENT="adiutorio"/>
                  <SP HEIGHT="76" WIDTH="17" VPOS="2575" HPOS="1558"/>
                  <String HEIGHT="76"
                          WIDTH="104"
                          VPOS="2575"
                          HPOS="1506"
                          CONTENT="ad"/>
                  <SP HEIGHT="76" WIDTH="17" VPOS="2575" HPOS="1610"/>
                  <String HEIGHT="76"
                          WIDTH="260"
                          VPOS="2575"
                          HPOS="1558"
                          CONTENT="intellectum"/>
                  <SP HEIGHT="76" WIDTH="17" VPOS="2575" HPOS="1817"/>
                  <String HEIGHT="76"
                          WIDTH="173"
                          VPOS="2575"
                          HPOS="1765"
                          CONTENT="sacrae"/>
                  <SP HEIGHT="76" WIDTH="17" VPOS="2575" HPOS="1938"/>
                  <String HEIGHT="76"
                          WIDTH="242"
                          VPOS="2575"
                          HPOS="1886"
                          CONTENT="scripturae"/>
                  <SP HEIGHT="76" WIDTH="17" VPOS="2575" HPOS="2129"/>
                  <String HEIGHT="76"
                          WIDTH="156"
                          VPOS="2575"
                          HPOS="2059"
                          CONTENT="diligen"/>
               </TextLine>
               <TextLine ID="r3l47"
                         BASELINE="2715"
                         HEIGHT="88"
                         WIDTH="651"
                         VPOS="2627"
                         HPOS="482">
                  <String HEIGHT="88"
                          WIDTH="127"
                          VPOS="2627"
                          HPOS="464"
                          CONTENT="ter"/>
                  <SP HEIGHT="88" WIDTH="18" VPOS="2627" HPOS="591"/>
                  <String HEIGHT="88"
                          WIDTH="271"
                          VPOS="2627"
                          HPOS="536"
                          CONTENT="laborandum,"/>
                  <SP HEIGHT="88" WIDTH="18" VPOS="2627" HPOS="807"/>
                  <String HEIGHT="88" WIDTH="109" VPOS="2627" HPOS="753" CONTENT="vt"/>
                  <SP HEIGHT="88" WIDTH="18" VPOS="2627" HPOS="862"/>
                  <String HEIGHT="88"
                          WIDTH="181"
                          VPOS="2627"
                          HPOS="808"
                          CONTENT="dictum"/>
                  <SP HEIGHT="88" WIDTH="18" VPOS="2627" HPOS="988"/>
                  <String HEIGHT="88"
                          WIDTH="127"
                          VPOS="2627"
                          HPOS="934"
                          CONTENT="est"/>
                  <SP HEIGHT="88" WIDTH="18" VPOS="2627" HPOS="1061"/>
                  <String HEIGHT="88"
                          WIDTH="145"
                          VPOS="2627"
                          HPOS="988"
                          CONTENT="supra."/>
               </TextLine>
               <TextLine ID="r3l48"
                         BASELINE="2807"
                         HEIGHT="99"
                         WIDTH="1443"
                         VPOS="2708"
                         HPOS="788">
                  <String HEIGHT="99"
                          WIDTH="143"
                          VPOS="2708"
                          HPOS="770"
                          CONTENT="Irca"/>
                  <SP HEIGHT="99" WIDTH="18" VPOS="2708" HPOS="913"/>
                  <String HEIGHT="99"
                          WIDTH="160"
                          VPOS="2708"
                          HPOS="859"
                          CONTENT="nonum"/>
                  <SP HEIGHT="99" WIDTH="18" VPOS="2708" HPOS="1020"/>
                  <String HEIGHT="99"
                          WIDTH="232"
                          VPOS="2708"
                          HPOS="966"
                          CONTENT="arguitur:"/>
                  <SP HEIGHT="99" WIDTH="18" VPOS="2708" HPOS="1198"/>
                  <String HEIGHT="99"
                          WIDTH="143"
                          VPOS="2708"
                          HPOS="1144"
                          CONTENT="quod"/>
                  <SP HEIGHT="99" WIDTH="18" VPOS="2708" HPOS="1287"/>
                  <String HEIGHT="99"
                          WIDTH="143"
                          VPOS="2708"
                          HPOS="1233"
                          CONTENT="illi"/>
                  <SP HEIGHT="99" WIDTH="18" VPOS="2708" HPOS="1376"/>
                  <String HEIGHT="99"
                          WIDTH="125"
                          VPOS="2708"
                          HPOS="1322"
                          CONTENT="qui"/>
                  <SP HEIGHT="99" WIDTH="18" VPOS="2708" HPOS="1447"/>
                  <String HEIGHT="99"
                          WIDTH="178"
                          VPOS="2708"
                          HPOS="1394"
                          CONTENT="sacram"/>
                  <SP HEIGHT="99" WIDTH="18" VPOS="2708" HPOS="1572"/>
                  <String HEIGHT="99"
                          WIDTH="249"
                          VPOS="2708"
                          HPOS="1518"
                          CONTENT="scripturam"/>
                  <SP HEIGHT="99" WIDTH="18" VPOS="2708" HPOS="1768"/>
                  <String HEIGHT="99"
                          WIDTH="338"
                          VPOS="2708"
                          HPOS="1714"
                          CONTENT="conscripserunt:"/>
                  <SP HEIGHT="99" WIDTH="18" VPOS="2708" HPOS="2053"/>
                  <String HEIGHT="99"
                          WIDTH="125"
                          VPOS="2708"
                          HPOS="1999"
                          CONTENT="non"/>
                  <SP HEIGHT="99" WIDTH="18" VPOS="2708" HPOS="2124"/>
                  <String HEIGHT="99"
                          WIDTH="178"
                          VPOS="2708"
                          HPOS="2053"
                          CONTENT="persecte"/>
               </TextLine>
               <TextLine ID="r3l49"
                         BASELINE="2855"
                         HEIGHT="69"
                         WIDTH="1417"
                         VPOS="2786"
                         HPOS="808">
                  <String HEIGHT="69"
                          WIDTH="115"
                          VPOS="2786"
                          HPOS="792"
                          CONTENT="eam"/>
                  <SP HEIGHT="69" WIDTH="16" VPOS="2786" HPOS="907"/>
                  <String HEIGHT="69"
                          WIDTH="297"
                          VPOS="2786"
                          HPOS="857"
                          CONTENT="intellexerunt."/>
                  <SP HEIGHT="69" WIDTH="16" VPOS="2786" HPOS="1154"/>
                  <String HEIGHT="69"
                          WIDTH="148"
                          VPOS="2786"
                          HPOS="1105"
                          CONTENT="Primo"/>
                  <SP HEIGHT="69" WIDTH="16" VPOS="2786" HPOS="1253"/>
                  <String HEIGHT="69"
                          WIDTH="132"
                          VPOS="2786"
                          HPOS="1203"
                          CONTENT="sic."/>
                  <SP HEIGHT="69" WIDTH="16" VPOS="2786" HPOS="1335"/>
                  <String HEIGHT="69"
                          WIDTH="165"
                          VPOS="2786"
                          HPOS="1286"
                          CONTENT="lonae."/>
                  <SP HEIGHT="69" WIDTH="16" VPOS="2786" HPOS="1451"/>
                  <String HEIGHT="69"
                          WIDTH="115"
                          VPOS="2786"
                          HPOS="1401"
                          CONTENT="ii."/>
                  <SP HEIGHT="69" WIDTH="16" VPOS="2786" HPOS="1517"/>
                  <String HEIGHT="69"
                          WIDTH="181"
                          VPOS="2786"
                          HPOS="1467"
                          CONTENT="dicitur"/>
                  <SP HEIGHT="69" WIDTH="16" VPOS="2786" HPOS="1648"/>
                  <String HEIGHT="69"
                          WIDTH="132"
                          VPOS="2786"
                          HPOS="1599"
                          CONTENT="quod"/>
                  <SP HEIGHT="69" WIDTH="16" VPOS="2786" HPOS="1731"/>
                  <String HEIGHT="69" WIDTH="99" VPOS="2786" HPOS="1681" CONTENT="ad"/>
                  <SP HEIGHT="69" WIDTH="16" VPOS="2786" HPOS="1780"/>
                  <String HEIGHT="69"
                          WIDTH="231"
                          VPOS="2786"
                          HPOS="1731"
                          CONTENT="praeceptum"/>
                  <SP HEIGHT="69" WIDTH="16" VPOS="2786" HPOS="1961"/>
                  <String HEIGHT="69"
                          WIDTH="165"
                          VPOS="2786"
                          HPOS="1912"
                          CONTENT="domini"/>
                  <SP HEIGHT="69" WIDTH="16" VPOS="2786" HPOS="2077"/>
                  <String HEIGHT="69"
                          WIDTH="148"
                          VPOS="2786"
                          HPOS="2027"
                          CONTENT="lonas"/>
                  <SP HEIGHT="69" WIDTH="16" VPOS="2786" HPOS="2176"/>
                  <String HEIGHT="69"
                          WIDTH="115"
                          VPOS="2786"
                          HPOS="2110"
                          CONTENT="prae"
                          SUBS_TYPE="HypPart1"
                          SUBS_CONTENT="praedicauit,"/>
                  <HYP CONTENT="-"/>
               </TextLine>
               <TextLine ID="r3l50"
                         BASELINE="2915"
                         HEIGHT="74"
                         WIDTH="1409"
                         VPOS="2841"
                         HPOS="801">
                  <String HEIGHT="74"
                          WIDTH="217"
                          VPOS="2841"
                          HPOS="783"
                          CONTENT="dicauit,"
                          SUBS_TYPE="HypPart2"
                          SUBS_CONTENT="praedicauit,"/>
                  <SP HEIGHT="74" WIDTH="18" VPOS="2841" HPOS="1000"/>
                  <String HEIGHT="74"
                          WIDTH="163"
                          VPOS="2841"
                          HPOS="946"
                          CONTENT="adhuc"/>
                  <SP HEIGHT="74" WIDTH="18" VPOS="2841" HPOS="1108"/>
                  <String HEIGHT="74"
                          WIDTH="271"
                          VPOS="2841"
                          HPOS="1054"
                          CONTENT="quadraginta"/>
                  <SP HEIGHT="74" WIDTH="18" VPOS="2841" HPOS="1325"/>
                  <String HEIGHT="74"
                          WIDTH="145"
                          VPOS="2841"
                          HPOS="1271"
                          CONTENT="dies"/>
                  <SP HEIGHT="74" WIDTH="18" VPOS="2841" HPOS="1415"/>
                  <String HEIGHT="74" WIDTH="90" VPOS="2841" HPOS="1361" CONTENT="&amp;"/>
                  <SP HEIGHT="74" WIDTH="18" VPOS="2841" HPOS="1451"/>
                  <String HEIGHT="74"
                          WIDTH="181"
                          VPOS="2841"
                          HPOS="1397"
                          CONTENT="Niniue"/>
                  <SP HEIGHT="74" WIDTH="18" VPOS="2841" HPOS="1578"/>
                  <String HEIGHT="74"
                          WIDTH="289"
                          VPOS="2841"
                          HPOS="1524"
                          CONTENT="subuertetur,"/>
                  <SP HEIGHT="74" WIDTH="18" VPOS="2841" HPOS="1813"/>
                  <String HEIGHT="74"
                          WIDTH="145"
                          VPOS="2841"
                          HPOS="1758"
                          CONTENT="quid"/>
                  <SP HEIGHT="74" WIDTH="18" VPOS="2841" HPOS="1903"/>
                  <String HEIGHT="74"
                          WIDTH="217"
                          VPOS="2841"
                          HPOS="1849"
                          CONTENT="secundum"/>
                  <SP HEIGHT="74" WIDTH="18" VPOS="2841" HPOS="2065"/>
                  <String HEIGHT="74"
                          WIDTH="163"
                          VPOS="2841"
                          HPOS="2011"
                          CONTENT="Glos,"/>
                  <SP HEIGHT="74" WIDTH="18" VPOS="2841" HPOS="2174"/>
                  <String HEIGHT="74"
                          WIDTH="126"
                          VPOS="2841"
                          HPOS="2120"
                          CONTENT="non"/>
                  <SP HEIGHT="74" WIDTH="18" VPOS="2841" HPOS="2246"/>
                  <String HEIGHT="74" WIDTH="36" VPOS="2841" HPOS="2174" CONTENT=""/>
               </TextLine>
               <TextLine ID="r3l51"
                         BASELINE="2968"
                         HEIGHT="72"
                         WIDTH="1408"
                         VPOS="2896"
                         HPOS="810">
                  <String HEIGHT="72"
                          WIDTH="134"
                          VPOS="2896"
                          HPOS="793"
                          CONTENT="erat"/>
                  <SP HEIGHT="72" WIDTH="17" VPOS="2896" HPOS="927"/>
                  <String HEIGHT="72"
                          WIDTH="218"
                          VPOS="2896"
                          HPOS="877"
                          CONTENT="prophetia"/>
                  <SP HEIGHT="72" WIDTH="17" VPOS="2896" HPOS="1095"/>
                  <String HEIGHT="72"
                          WIDTH="235"
                          VPOS="2896"
                          HPOS="1045"
                          CONTENT="descendens"/>
                  <SP HEIGHT="72" WIDTH="17" VPOS="2896" HPOS="1279"/>
                  <String HEIGHT="72"
                          WIDTH="101"
                          VPOS="2896"
                          HPOS="1229"
                          CONTENT="de"/>
                  <SP HEIGHT="72" WIDTH="17" VPOS="2896" HPOS="1330"/>
                  <String HEIGHT="72"
                          WIDTH="268"
                          VPOS="2896"
                          HPOS="1279"
                          CONTENT="praescientia"/>
                  <SP HEIGHT="72" WIDTH="17" VPOS="2896" HPOS="1548"/>
                  <String HEIGHT="72"
                          WIDTH="134"
                          VPOS="2896"
                          HPOS="1497"
                          CONTENT="dei:"/>
                  <SP HEIGHT="72" WIDTH="17" VPOS="2896" HPOS="1631"/>
                  <String HEIGHT="72"
                          WIDTH="117"
                          VPOS="2896"
                          HPOS="1581"
                          CONTENT="sed"/>
                  <SP HEIGHT="72" WIDTH="17" VPOS="2896" HPOS="1698"/>
                  <String HEIGHT="72"
                          WIDTH="235"
                          VPOS="2896"
                          HPOS="1648"
                          CONTENT="comminatio"/>
                  <SP HEIGHT="72" WIDTH="17" VPOS="2896" HPOS="1883"/>
                  <String HEIGHT="72"
                          WIDTH="101"
                          VPOS="2896"
                          HPOS="1832"
                          CONTENT="ad"/>
                  <SP HEIGHT="72" WIDTH="17" VPOS="2896" HPOS="1933"/>
                  <String HEIGHT="72"
                          WIDTH="285"
                          VPOS="2896"
                          HPOS="1883"
                          CONTENT="correctionem,"/>
                  <SP HEIGHT="72" WIDTH="17" VPOS="2896" HPOS="2168"/>
                  <String HEIGHT="72"
                          WIDTH="134"
                          VPOS="2896"
                          HPOS="2117"
                          CONTENT="quod"/>
                  <SP HEIGHT="72" WIDTH="17" VPOS="2896" HPOS="2252"/>
                  <String HEIGHT="72" WIDTH="34" VPOS="2896" HPOS="2184" CONTENT=""/>
               </TextLine>
               <TextLine ID="r3l52"
                         BASELINE="3015"
                         HEIGHT="67"
                         WIDTH="1422"
                         VPOS="2948"
                         HPOS="806">
                  <String HEIGHT="67"
                          WIDTH="164"
                          VPOS="2948"
                          HPOS="788"
                          CONTENT="tamen"/>
                  <SP HEIGHT="67" WIDTH="18" VPOS="2948" HPOS="952"/>
                  <String HEIGHT="67" WIDTH="109" VPOS="2948" HPOS="897" CONTENT="vt"/>
                  <SP HEIGHT="67" WIDTH="18" VPOS="2948" HPOS="1007"/>
                  <String HEIGHT="67"
                          WIDTH="201"
                          VPOS="2948"
                          HPOS="952"
                          CONTENT="videtur"/>
                  <SP HEIGHT="67" WIDTH="18" VPOS="2948" HPOS="1152"/>
                  <String HEIGHT="67"
                          WIDTH="164"
                          VPOS="2948"
                          HPOS="1098"
                          CONTENT="lonas"/>
                  <SP HEIGHT="67" WIDTH="18" VPOS="2948" HPOS="1262"/>
                  <String HEIGHT="67"
                          WIDTH="237"
                          VPOS="2948"
                          HPOS="1207"
                          CONTENT="ignorauit"/>
                  <SP HEIGHT="67" WIDTH="18" VPOS="2948" HPOS="1444"/>
                  <String HEIGHT="67"
                          WIDTH="201"
                          VPOS="2948"
                          HPOS="1389"
                          CONTENT="credens"/>
                  <SP HEIGHT="67" WIDTH="18" VPOS="2948" HPOS="1590"/>
                  <String HEIGHT="67"
                          WIDTH="109"
                          VPOS="2948"
                          HPOS="1535"
                          CONTENT="ad"/>
                  <SP HEIGHT="67" WIDTH="18" VPOS="2948" HPOS="1645"/>
                  <String HEIGHT="67"
                          WIDTH="201"
                          VPOS="2948"
                          HPOS="1590"
                          CONTENT="literam"/>
                  <SP HEIGHT="67" WIDTH="18" VPOS="2948" HPOS="1790"/>
                  <String HEIGHT="67"
                          WIDTH="182"
                          VPOS="2948"
                          HPOS="1736"
                          CONTENT="fuisse"/>
                  <SP HEIGHT="67" WIDTH="18" VPOS="2948" HPOS="1918"/>
                  <String HEIGHT="67"
                          WIDTH="273"
                          VPOS="2948"
                          HPOS="1863"
                          CONTENT="prophetiam:"/>
                  <SP HEIGHT="67" WIDTH="18" VPOS="2948" HPOS="2137"/>
                  <String HEIGHT="67"
                          WIDTH="146"
                          VPOS="2948"
                          HPOS="2082"
                          CONTENT="quia"/>
                  <SP HEIGHT="67" WIDTH="18" VPOS="2948" HPOS="2228"/>
                  <String HEIGHT="67" WIDTH="73" VPOS="2948" HPOS="2155" CONTENT="se"/>
               </TextLine>
               <TextLine ID="r3l53"
                         BASELINE="3066"
                         HEIGHT="66"
                         WIDTH="1420"
                         VPOS="3000"
                         HPOS="804">
                  <String HEIGHT="66"
                          WIDTH="160"
                          VPOS="3000"
                          HPOS="788"
                          CONTENT="quitur"/>
                  <SP HEIGHT="66" WIDTH="16" VPOS="3000" HPOS="948"/>
                  <String HEIGHT="66"
                          WIDTH="128"
                          VPOS="3000"
                          HPOS="900"
                          CONTENT="quod"/>
                  <SP HEIGHT="66" WIDTH="16" VPOS="3000" HPOS="1027"/>
                  <String HEIGHT="66"
                          WIDTH="176"
                          VPOS="3000"
                          HPOS="980"
                          CONTENT="sedebat"/>
                  <SP HEIGHT="66" WIDTH="16" VPOS="3000" HPOS="1155"/>
                  <String HEIGHT="66"
                          WIDTH="160"
                          VPOS="3000"
                          HPOS="1107"
                          CONTENT="subter"/>
                  <SP HEIGHT="66" WIDTH="16" VPOS="3000" HPOS="1267"/>
                  <String HEIGHT="66"
                          WIDTH="191"
                          VPOS="3000"
                          HPOS="1219"
                          CONTENT="quaercum"/>
                  <SP HEIGHT="66" WIDTH="16" VPOS="3000" HPOS="1410"/>
                  <String HEIGHT="66"
                          WIDTH="144"
                          VPOS="3000"
                          HPOS="1362"
                          CONTENT="donec"/>
                  <SP HEIGHT="66" WIDTH="16" VPOS="3000" HPOS="1506"/>
                  <String HEIGHT="66"
                          WIDTH="176"
                          VPOS="3000"
                          HPOS="1458"
                          CONTENT="videret"/>
                  <SP HEIGHT="66" WIDTH="16" VPOS="3000" HPOS="1634"/>
                  <String HEIGHT="66"
                          WIDTH="128"
                          VPOS="3000"
                          HPOS="1586"
                          CONTENT="quod"/>
                  <SP HEIGHT="66" WIDTH="16" VPOS="3000" HPOS="1713"/>
                  <String HEIGHT="66"
                          WIDTH="207"
                          VPOS="3000"
                          HPOS="1666"
                          CONTENT="accideret"/>
                  <SP HEIGHT="66" WIDTH="16" VPOS="3000" HPOS="1873"/>
                  <String HEIGHT="66"
                          WIDTH="207"
                          VPOS="3000"
                          HPOS="1825"
                          CONTENT="ciuitati."/>
                  <SP HEIGHT="66" WIDTH="16" VPOS="3000" HPOS="2033"/>
                  <String HEIGHT="66"
                          WIDTH="128"
                          VPOS="3000"
                          HPOS="1985"
                          CONTENT="ergo"/>
                  <SP HEIGHT="66" WIDTH="16" VPOS="3000" HPOS="2112"/>
                  <String HEIGHT="66" WIDTH="80" VPOS="3000" HPOS="2064" CONTENT="&amp;"/>
                  <SP HEIGHT="66" WIDTH="16" VPOS="3000" HPOS="2144"/>
                  <String HEIGHT="66"
                          WIDTH="144"
                          VPOS="3000"
                          HPOS="2080"
                          CONTENT="consimi"/>
               </TextLine>
               <TextLine ID="r3l54"
                         BASELINE="3122"
                         HEIGHT="65"
                         WIDTH="1434"
                         VPOS="3057"
                         HPOS="793">
                  <String HEIGHT="65"
                          WIDTH="154"
                          VPOS="3057"
                          HPOS="776"
                          CONTENT="liter"/>
                  <SP HEIGHT="65" WIDTH="17" VPOS="3057" HPOS="930"/>
                  <String HEIGHT="65"
                          WIDTH="137"
                          VPOS="3057"
                          HPOS="878"
                          CONTENT="alii"/>
                  <SP HEIGHT="65" WIDTH="17" VPOS="3057" HPOS="1015"/>
                  <String HEIGHT="65"
                          WIDTH="222"
                          VPOS="3057"
                          HPOS="964"
                          CONTENT="potuerunt"/>
                  <SP HEIGHT="65" WIDTH="17" VPOS="3057" HPOS="1186"/>
                  <String HEIGHT="65"
                          WIDTH="222"
                          VPOS="3057"
                          HPOS="1134"
                          CONTENT="ignorasse"/>
                  <SP HEIGHT="65" WIDTH="17" VPOS="3057" HPOS="1356"/>
                  <String HEIGHT="65"
                          WIDTH="205"
                          VPOS="3057"
                          HPOS="1305"
                          CONTENT="mysteria"/>
                  <SP HEIGHT="65" WIDTH="17" VPOS="3057" HPOS="1510"/>
                  <String HEIGHT="65" WIDTH="85" VPOS="3057" HPOS="1459" CONTENT="&amp;"/>
                  <SP HEIGHT="65" WIDTH="17" VPOS="3057" HPOS="1544"/>
                  <String HEIGHT="65"
                          WIDTH="205"
                          VPOS="3057"
                          HPOS="1493"
                          CONTENT="figuras,"/>
                  <SP HEIGHT="65" WIDTH="17" VPOS="3057" HPOS="1698"/>
                  <String HEIGHT="65"
                          WIDTH="137"
                          VPOS="3057"
                          HPOS="1647"
                          CONTENT="quae"/>
                  <SP HEIGHT="65" WIDTH="17" VPOS="3057" HPOS="1783"/>
                  <String HEIGHT="65"
                          WIDTH="188"
                          VPOS="3057"
                          HPOS="1732"
                          CONTENT="dominus"/>
                  <SP HEIGHT="65" WIDTH="17" VPOS="3057" HPOS="1920"/>
                  <String HEIGHT="65"
                          WIDTH="120"
                          VPOS="3057"
                          HPOS="1869"
                          CONTENT="eis"/>
                  <SP HEIGHT="65" WIDTH="17" VPOS="3057" HPOS="1988"/>
                  <String HEIGHT="65"
                          WIDTH="239"
                          VPOS="3057"
                          HPOS="1937"
                          CONTENT="reuelauit,"/>
                  <SP HEIGHT="65" WIDTH="17" VPOS="3057" HPOS="2176"/>
                  <String HEIGHT="65"
                          WIDTH="137"
                          VPOS="3057"
                          HPOS="2125"
                          CONTENT="quae"/>
                  <SP HEIGHT="65" WIDTH="17" VPOS="3057" HPOS="2261"/>
                  <String HEIGHT="65" WIDTH="34" VPOS="3057" HPOS="2193" CONTENT=""/>
               </TextLine>
               <TextLine ID="line_1590167028880_1952"
                         BASELINE="3182"
                         HEIGHT="81"
                         WIDTH="1754"
                         VPOS="3101"
                         HPOS="470">
                  <String HEIGHT="81" WIDTH="87" VPOS="3101" HPOS="456" CONTENT="in"/>
                  <SP HEIGHT="81" WIDTH="14" VPOS="3101" HPOS="542"/>
                  <String HEIGHT="81"
                          WIDTH="101"
                          VPOS="3101"
                          HPOS="499"
                          CONTENT="hac"/>
                  <SP HEIGHT="81" WIDTH="14" VPOS="3101" HPOS="600"/>
                  <String HEIGHT="81"
                          WIDTH="174"
                          VPOS="3101"
                          HPOS="557"
                          CONTENT="scientia"/>
                  <SP HEIGHT="81" WIDTH="14" VPOS="3101" HPOS="731"/>
                  <String HEIGHT="81"
                          WIDTH="174"
                          VPOS="3101"
                          HPOS="687"
                          CONTENT="conscrip"/>
                  <SP HEIGHT="81" WIDTH="14" VPOS="3101" HPOS="861"/>
                  <String HEIGHT="81"
                          WIDTH="159"
                          VPOS="3101"
                          HPOS="818"
                          CONTENT="serunt."/>
                  <SP HEIGHT="81" WIDTH="14" VPOS="3101" HPOS="977"/>
                  <String HEIGHT="81" WIDTH="72" VPOS="3101" HPOS="934" CONTENT="â‹"/>
                  <SP HEIGHT="81" WIDTH="14" VPOS="3101" HPOS="1006"/>
                  <String HEIGHT="81"
                          WIDTH="159"
                          VPOS="3101"
                          HPOS="963"
                          CONTENT="Secundo"/>
                  <SP HEIGHT="81" WIDTH="14" VPOS="3101" HPOS="1122"/>
                  <String HEIGHT="81"
                          WIDTH="116"
                          VPOS="3101"
                          HPOS="1079"
                          CONTENT="sic."/>
                  <SP HEIGHT="81" WIDTH="14" VPOS="3101" HPOS="1195"/>
                  <String HEIGHT="81"
                          WIDTH="130"
                          VPOS="3101"
                          HPOS="1151"
                          CONTENT="Hier."/>
                  <SP HEIGHT="81" WIDTH="14" VPOS="3101" HPOS="1282"/>
                  <String HEIGHT="81"
                          WIDTH="130"
                          VPOS="3101"
                          HPOS="1238"
                          CONTENT="iiii."/>
                  <SP HEIGHT="81" WIDTH="14" VPOS="3101" HPOS="1369"/>
                  <String HEIGHT="81"
                          WIDTH="203"
                          VPOS="3101"
                          HPOS="1325"
                          CONTENT="Hieremias."/>
                  <SP HEIGHT="81" WIDTH="14" VPOS="3101" HPOS="1528"/>
                  <String HEIGHT="81"
                          WIDTH="101"
                          VPOS="3101"
                          HPOS="1485"
                          CONTENT="heu"/>
                  <SP HEIGHT="81" WIDTH="14" VPOS="3101" HPOS="1586"/>
                  <String HEIGHT="81"
                          WIDTH="101"
                          VPOS="3101"
                          HPOS="1543"
                          CONTENT="heu"/>
                  <SP HEIGHT="81" WIDTH="14" VPOS="3101" HPOS="1644"/>
                  <String HEIGHT="81"
                          WIDTH="101"
                          VPOS="3101"
                          HPOS="1601"
                          CONTENT="heu"/>
                  <SP HEIGHT="81" WIDTH="14" VPOS="3101" HPOS="1702"/>
                  <String HEIGHT="81"
                          WIDTH="145"
                          VPOS="3101"
                          HPOS="1659"
                          CONTENT="domine"/>
                  <SP HEIGHT="81" WIDTH="14" VPOS="3101" HPOS="1804"/>
                  <String HEIGHT="81"
                          WIDTH="130"
                          VPOS="3101"
                          HPOS="1760"
                          CONTENT="deus."/>
                  <SP HEIGHT="81" WIDTH="14" VPOS="3101" HPOS="1891"/>
                  <String HEIGHT="81"
                          WIDTH="116"
                          VPOS="3101"
                          HPOS="1847"
                          CONTENT="ergo"/>
                  <SP HEIGHT="81" WIDTH="14" VPOS="3101" HPOS="1963"/>
                  <String HEIGHT="81" WIDTH="87" VPOS="3101" HPOS="1920" CONTENT="ne"/>
                  <SP HEIGHT="81" WIDTH="14" VPOS="3101" HPOS="2007"/>
                  <String HEIGHT="81"
                          WIDTH="188"
                          VPOS="3101"
                          HPOS="1963"
                          CONTENT="decepisti"/>
                  <SP HEIGHT="81" WIDTH="14" VPOS="3101" HPOS="2152"/>
                  <String HEIGHT="81"
                          WIDTH="130"
                          VPOS="3101"
                          HPOS="2094"
                          CONTENT="ppsopum"/>
               </TextLine>
               <TextLine ID="r3l57"
                         BASELINE="3259"
                         HEIGHT="88"
                         WIDTH="1756"
                         VPOS="3171"
                         HPOS="474">
                  <String HEIGHT="88"
                          WIDTH="145"
                          VPOS="3171"
                          HPOS="458"
                          CONTENT="istum"/>
                  <SP HEIGHT="88" WIDTH="16" VPOS="3171" HPOS="603"/>
                  <String HEIGHT="88" WIDTH="81" VPOS="3171" HPOS="555" CONTENT="&amp;"/>
                  <SP HEIGHT="88" WIDTH="16" VPOS="3171" HPOS="635"/>
                  <String HEIGHT="88"
                          WIDTH="226"
                          VPOS="3171"
                          HPOS="587"
                          CONTENT="Hierusalem"/>
                  <SP HEIGHT="88" WIDTH="16" VPOS="3171" HPOS="812"/>
                  <String HEIGHT="88"
                          WIDTH="161"
                          VPOS="3171"
                          HPOS="764"
                          CONTENT="dicens"/>
                  <SP HEIGHT="88" WIDTH="16" VPOS="3171" HPOS="925"/>
                  <String HEIGHT="88"
                          WIDTH="113"
                          VPOS="3171"
                          HPOS="877"
                          CONTENT="pax"/>
                  <SP HEIGHT="88" WIDTH="16" VPOS="3171" HPOS="990"/>
                  <String HEIGHT="88"
                          WIDTH="129"
                          VPOS="3171"
                          HPOS="941"
                          CONTENT="erit"/>
                  <SP HEIGHT="88" WIDTH="16" VPOS="3171" HPOS="1070"/>
                  <String HEIGHT="88"
                          WIDTH="161"
                          VPOS="3171"
                          HPOS="1022"
                          CONTENT="vobis:"/>
                  <SP HEIGHT="88" WIDTH="16" VPOS="3171" HPOS="1183"/>
                  <String HEIGHT="88" WIDTH="81" VPOS="3171" HPOS="1135" CONTENT="&amp;"/>
                  <SP HEIGHT="88" WIDTH="16" VPOS="3171" HPOS="1215"/>
                  <String HEIGHT="88"
                          WIDTH="129"
                          VPOS="3171"
                          HPOS="1167"
                          CONTENT="ecce"/>
                  <SP HEIGHT="88" WIDTH="16" VPOS="3171" HPOS="1296"/>
                  <String HEIGHT="88"
                          WIDTH="193"
                          VPOS="3171"
                          HPOS="1247"
                          CONTENT="peruenit"/>
                  <SP HEIGHT="88" WIDTH="16" VPOS="3171" HPOS="1441"/>
                  <String HEIGHT="88"
                          WIDTH="177"
                          VPOS="3171"
                          HPOS="1392"
                          CONTENT="gladius"/>
                  <SP HEIGHT="88" WIDTH="16" VPOS="3171" HPOS="1569"/>
                  <String HEIGHT="88"
                          WIDTH="145"
                          VPOS="3171"
                          HPOS="1521"
                          CONTENT="vsque"/>
                  <SP HEIGHT="88" WIDTH="16" VPOS="3171" HPOS="1666"/>
                  <String HEIGHT="88" WIDTH="97" VPOS="3171" HPOS="1618" CONTENT="ad"/>
                  <SP HEIGHT="88" WIDTH="16" VPOS="3171" HPOS="1714"/>
                  <String HEIGHT="88"
                          WIDTH="177"
                          VPOS="3171"
                          HPOS="1666"
                          CONTENT="animam."/>
                  <SP HEIGHT="88" WIDTH="16" VPOS="3171" HPOS="1843"/>
                  <String HEIGHT="88"
                          WIDTH="113"
                          VPOS="3171"
                          HPOS="1795"
                          CONTENT="vbi"/>
                  <SP HEIGHT="88" WIDTH="16" VPOS="3171" HPOS="1908"/>
                  <String HEIGHT="88"
                          WIDTH="145"
                          VPOS="3171"
                          HPOS="1859"
                          CONTENT="dicit"/>
                  <SP HEIGHT="88" WIDTH="16" VPOS="3171" HPOS="2004"/>
                  <String HEIGHT="88"
                          WIDTH="145"
                          VPOS="3171"
                          HPOS="1956"
                          CONTENT="Glos."/>
                  <SP HEIGHT="88" WIDTH="16" VPOS="3171" HPOS="2101"/>
                  <String HEIGHT="88"
                          WIDTH="129"
                          VPOS="3171"
                          HPOS="2053"
                          CONTENT="Quia"/>
                  <SP HEIGHT="88" WIDTH="16" VPOS="3171" HPOS="2182"/>
                  <String HEIGHT="88"
                          WIDTH="113"
                          VPOS="3171"
                          HPOS="2117"
                          CONTENT="supra"/>
               </TextLine>
            </TextBlock>
         </PrintSpace>
      </Page>
   </Layout>
</alto>
