1254 2027
71 96 893 178 sed Filium voluntatis Dei: volens asserere, acceden¬
81 159 891 233 tem Deo voluntatem, qua gigneret Filium: sicut nos
77 211 894 273 aliquando aliquid volumus, quod antea non voleba¬
77 260 897 315 mus, propter quod mutabilis intelligitur nostra na¬
87 311 906 371 tura, quod absit vt in Deo esse credamus. Dicamus
80 354 891 408 ergo verbum Dei esse Filium Dei natura, non vo¬
80 396 895 459 luntate, vt docet Aug. in xv. lib. de Trin. vbi quen¬
84 450 899 510 dam Catholicum haeretico respondentem commendat,
83 498 889 560 dicens, Acute sane quidem respondit haeretico ver.
88 555 894 616 sutissime interroganti, vtrum Deus Filium volens ve
85 595 900 665 nolens genuerit: vt si diceret, nolens, absurdissima
92 653 896 701 Dei miseria sequeretur: si autem, volens, continuo
86 693 906 759 quod intendebat cocluderet, scilicet non naturae esse
91 744 911 806 Filium, sed voluntatis. At ille vigilantissime vicis¬
90 799 909 855 sim quaesiuit ab eo, vtrum Deus Pater volens aut no
91 851 903 906 lens sit Deus: vt si responderet, nolens, sequeretur
87 894 900 952 grandis absurditas & miseria, quam de Deo crede¬
92 936 905 996 re magna est insania: si aute diceret, volens, respon¬
86 986 915 1051 deretur ei, ergo & ipse voluntate sua Deus est, non
93 1035 915 1101 natura. Quid ergo restabat, nisi vt obmutesceret,
81 1089 906 1149 sua interrogatione obligatum indissolubili vinculo se
99 1127 918 1188 videns: Ex praedictis docetur non esse concedendum,
87 1175 924 1236 quod Deus voluntate vel necessitate, vel volens, vel
86 1231 913 1277 nolens sit Deus. Item, quod voluntate vel necessita¬
87 1283 751 1342 te, vel volens, vel nolens genuerit Filium.
352 1338 624 1418 CAP. II
253 1401 730 1474 Obiectio contra praedicta.
150 1456 925 1524 SED contra hoc opponitur, sic, Voluntas Dei
92 1513 924 1573 est natura siue essentia Dei: quia non est aliud Deo
93 1567 909 1618 esse, aliud velle: & ideo sicut vna est essentia trium
95 1610 908 1677 Personarum, ita & vna voluntas. Si ergo Deus na.
86 1657 926 1707 tura Deus est, & voluntate Deus est: & si verbum
89 1708 921 1780 Dei natura Filius Dei est, & voluntate Filius Dei
