1257 2026
69 82 904 158 sapiens genuit, & huiusmodi. Si enim Pater sapiens
73 145 892 203 & bonus dicitur genuisse Filium, cur non & volens)
72 191 881 250 cum ita sit Deo idem esse volentem, quod est ess
65 236 896 298 Deum: sicut idem est esse sapientem, quod est esse
67 296 883 350 Deum. Dicamus ergo quia Pater sicut sapiens, it.
74 346 871 393 volens genuit Filium: sed non voluntate praeceden
71 396 871 440 ti vel accedenti. Quem sensum aperit Hier, & con
73 430 887 492 firmat ita dicens super epistola ad Ephes. de Filio
74 483 877 540 Dei, id est, Domino nostro Tesu Christo scriptum est
75 524 891 589 quia 2cum Patresemper fuit, & nunquam eum ut
80 571 883 649 esset, paterna voluntas praecessit, & ille quidem na
74 625 317 691 tura Filius est.
181 666 765 754 AD DISTINCT VI
342 746 593 822 Tmscriptionem.
185 807 881 862 Et an idem Pater. Fecerunt verba Augu¬
68 847 893 927 stini, quae & lib. I8. de Trinitate. cap. 2o & in li¬
66 905 890 969 bro &. Quaestion. 9. extant, habentque diserte
65 952 893 1019 (Vtrum Deus Pater volens, aut nolens sit Deus)
72 999 899 1059 vt dilucidioris orationis gratia hic adderem haec
70 1057 897 1115 verba, Idem Pater. Id quod etiam ex fine cap. I.
74 1098 900 1169 & cap. s. Inscriptione, vbi haec eadem repetun¬
76 1145 903 1209 tur, satis intelligi potest, addenda fuisse. Alias
71 1207 899 1254 enim & obscurus est sensus, & indefinita pro¬
68 1248 900 1310 positio. Nam ad Filium quoque referri pote¬
72 1290 903 1349 rat, Vtrum volens an nolens sit Deus, quod tamen
72 1338 902 1396 de Patre solo quaerit, proponitque ex August.
66 1383 899 1452 Lombardus. Ergo pertinet haec quaestio ad ge¬
71 1439 905 1502 nerationis (quae in solo Patre spectatur) ratio¬
66 1477 905 1534 ne explicanda, & confirmanda: etsi de Filio, &
73 1528 904 1590 Spiritu sancto idem (si per se & quatenus vnus
70 1575 899 1632 Deus sunt spectentur) sentiendum est, & respon¬
71 1621 904 1691 dendum, quod de Patre Deo respondet pius ille
66 1664 885 1749 Pater, nempe neutrum nolentem esse Deum.
