1252 2076
450 116 1161 191 Vnigenitum Dei. Ex ipso codice, vnde haec
335 174 1181 231 transcripta sunt, sic est restituenda huius loci
339 220 1156 282 series, & oratio, quemadmodum fecimus, Vni¬
329 264 1164 337 genitum Dei verbum Filium Dei esse natura. Quae
339 314 1171 369 etsi in speciem sunt Ieuia, tamen admonemus,
336 363 1173 418 nequis receptam iam lectionem, imo vel apiceni
338 421 1164 472 quidem in isto autore temere a nobis immuta¬
330 459 760 527 tum fuisse calumnietur.
433 499 1171 561 Propter quod mutabilis. Procul dubio cor¬
329 563 1164 618 rupta est vulgaris lectio, qualis in impressis Au¬
337 616 1177 669 gustini codicibus extat, quae ex hoc loco emen¬
339 654 1163 716 danda est: Na huius loci argumento sic est re¬
344 707 1161 769 ponenda, videlicet ideo, quia nos aliquid aliquan¬
337 749 1170 812 do volumus, quod antea no volebamus, propter quod
344 800 1170 852 (vel propter quae) ista mutabilis intelligitur natura
342 849 1169 907 nostra. Vulgo legitur, sed corruptissime, quae, no
336 897 755 961 proptor ista, nullo sensu.
587 951 859 1035 CAP. III
467 1004 1024 1080 Ad verba in margine ipsius capitis
663 1077 811 1130 annotata.
457 1114 1164 1189 Quod neque consilio. Quicunque ista ex
335 1177 1166 1246 libro Hilarij trascripsit, audacissime & pro Ma¬
339 1229 1165 1294 gistrali supercilio partim quaedam temere ad¬
334 1277 1157 1331 didit, partim diuersissimos locos confudit. Ad¬
337 1326 1166 1393 didit enim haec verba manifestissime, Noque
347 1369 1157 1433 consilio, quae nusquam leguntur apudHilarium:
345 1421 1159 1489 & perperam. hic ex mente Hilarij coniungun¬
346 1468 1164 1522 tur, velut svnonima. Est enim aliud Hilario
346 1521 1157 1583 hoc loco Voluntas, aliud Consilium: & alia quae¬
351 1562 1160 1630 stio, Vtrum voluntate Pater Filium genuerit, an con¬
347 1613 1161 1676 silio. Anathematixat enim Synodus Sardica, &
347 1672 1167 1720 cum ea Hilarius ipse eos, qui negant Patrem
354 1704 1170 1783 voluntate generasse Filium, quae eadem tamen
