1296 2041
130 113 971 195 la voluntas praecessit, sed semper fuit, & nunquam,
145 188 972 253 vt esset, accepit exordium. Vnde recte nunc de hus,
139 234 964 291 qui cum ante non essent. postea substiterunt, dicitur
135 276 968 348 πξοoάNεντες. De Filio vero, hoc est, de Domino
135 328 966 393 nostro Tesu Christo in alio loco scriptum est ἐειδενroς,
143 375 967 444 quia semper cum Patre fuit: & nunquam eum, vt
138 438 963 488 esset, voluntas Paterna praecessit. Ex quo colli¬
129 481 973 541 gitur semper Patrem, semper Filium fuisse: & in
133 522 963 587 quibus aeternitas coaequalis est eandem esse na¬
138 558 969 657 turam. Haec Hieronymus quae omittenda non
127 619 287 676 fuerunt.
292 661 750 747 Censura ad Distinctionem
456 719 598 801 seutam.
198 795 961 881 Haec est conclusio totius huius disputatio¬
121 868 959 942 nis a Lombardo capite primo facta. Ex praedi¬
131 916 955 980 ctis docetur, non esse concedendum, quod Deus vo¬
130 964 946 1031 luntate vel necessitate: vel volens vel nolens go¬
126 1014 956 1082 nuerit Filium. Quam ipse postea explicans ca¬
126 1060 947 1131 pite tertio, ait se intelligere de Voluntate praece¬
130 1112 947 1177 dente vel accedente vol efficiente. Dicamus er¬
118 1156 951 1228 go, ait, Quia Pater sicut sapiens, ita volens genuit
127 1215 947 1268 Filium: sed non voluntate praecedenti vel acceden¬
119 1262 948 1327 ti. Haec ille. Primum vero neque recte, neque
118 1309 944 1355 etiam ex Patrum orthodoxorum sententia i¬
117 1345 952 1424 sta dicuntur vel explicantur. Et quidem
119 1397 942 1458 non recte, quia & Voluntate praecedente, & ac¬
119 1454 949 1500 cedente: sed non noua, non in tempore: item ne¬
119 1495 957 1553 cessitato, sed non coactione tamen Pater Fi¬
119 1543 950 1615 lium genuit. Ac voluntate genuit, quoniam
115 1595 940 1661 Sardicae Synodi ( quam probat merito Hila
117 1642 944 1701 rius) haec verba sunt, vti supra docuimus,
118 1702 942 1752 quod eos anathematixat sancta & Catholica Ec¬
118 1748 950 1811 clesia, qui negant quod Pater Filium voluntate
