1324 2029
366 97 1200 170 genuit. Itaque Basilius libro secundo contra
380 158 1202 222 Eunomium, eum damnat, quod vellet Patrem
376 197 1196 256 ἁωαναρι τυς & δύωμναφεια, ἀτοι τοις ανάλκῆς ωεςiς vν¬
376 252 1198 314 ξεηνύμλυον, id est, Sine animi voluntate, vi consequu¬
374 313 1195 370 tionis ac necessitatis cogentis genuisse Filium. Et¬
377 342 1202 411 go recte conceditur Patrem genuisse Fllium vo¬
370 401 1200 453 luntate. Necessitate etiam genuit Filium Pa¬
375 445 1196 512 ter, quia omnino necesse est Patrem genuisse,
375 499 1202 563 vel gignere Filium. Praeterea omnia quae sunt
367 546 1194 611 in Deo, sunt actus & necessitas, vt loquuntur
376 589 1206 644 in scholis. Sed tamen non coactione, non vi,
372 644 1196 706 non denique cogente necessitate genuit, id est,
379 694 1196 751 quum nollet Pater, vt explicat idem Hilarius,
370 736 1195 793 fed genuit tamen secundum voluntatem, & se¬
381 780 1192 844 cundum naturam. Quamobrem quod addit i¬
378 838 1199 885 ste tanquam ex Patrum mente eam volunta¬
376 881 1204 940 tem in geheratione Filij excludi & temoueris
374 925 1208 989 quae praecedens sit, vel accedens, ad generationem
370 977 1205 1039 Filij, omnino Patribus ipsis ignotum est, & per
379 1026 1198 1081 se falsum. Subsequentem enim, & superuente¬
375 1082 1201 1135 tem Patri voluntatem potius excludunt ortho¬
379 1135 1196 1185 doxi Patres, quam praecedentem nostri intelle¬
383 1177 1195 1236 ctus ratione, aut etiam generationi ipsi acce¬
379 1222 1196 1288 dentem & concurrentem quam Thomas ap¬
374 1262 1196 1326 pellauit Concomitatem. Ista enim in Deo tem¬
377 1326 1197 1381 pore sunt coaeterna velle & generare. Ergo eo
379 1369 1197 1426 duntaxat sensu Filium voluntate genitum esse
375 1416 1200 1474 negarunt orthodoxi Patres, quo Eunomius di¬
375 1451 1196 1519 xerat, nempe quod temooris discrimen pone¬
377 1518 1196 1571 ret inter existentiam Personae Patris, & Perso¬
371 1550 1202 1614 nae Filij: & quo sensu velle allquid dicimur,
371 1596 1199 1654 quod antea non volebamus, vt docet Augusti¬
369 1653 1201 1724 nus libro is. de Trinitate. capite 2o. Denique
