1294 2038
110 117 950 196 roluntatem Patres excludunt, qua quνήματα (vt
110 177 953 233 impius Eunomius loquebatur) id est, creatu¬
109 235 945 292 rae a Deo in tempore productae sunt. Non au¬
109 282 945 338 tem omnino, & αοκῶς negant Patrem volen¬
102 330 943 371 tem generasse Filium κῶρον, aut Patris volunta¬
103 381 939 438 te Filium esse genitum. Quanquam enim ab ae¬
109 428 947 487 terno Deus ea quoque ipsa voluit, & decreuit,
113 475 946 524 quae sex diebus postea, certoque tempore pro¬
115 520 940 574 duxit, & creauit: tamen quia huiusmodi volun¬
116 566 945 629 tatis implementum, vt ait Basilius, non fuit ab
111 619 943 668 aeterno, dicitur haec voluntas esse (sed executio¬
110 663 945 735 nis ratione) posterior ipso Deo. Illa vero, qua
107 711 939 767 Filium genuit Pater, est aeterna, & coaeua ipsius
108 762 940 827 Patris existentiae, naturae, ac diuinae essentiae, &
107 816 940 872 quoad volitionem Patris, & quoad executionem,
115 861 939 918 & ipsam Filij emanationem. Nam ex ipsa pa¬
108 905 931 961 tris essentia Filius natus est: caetera non item.
111 954 935 1018 Nec potuit ille esse Deus, quin Pater esset: po¬
101 1012 930 1056 tuit tamen esse Deus, & non creator. Thomas
106 1050 930 1116 in prima parte Quaest. ataartic. 2. distinguit ali¬
109 1104 933 1150 ter hanc Dei voluntatem, nempe in eam, quae
104 1139 932 1201 est concomitantia tantum, & eam quae est prin¬
106 1196 925 1249 cipium operationis. Sed hanc Thomae distin¬
101 1248 931 1303 ctionem explodit, ita omnia funt apud istos in¬
101 1292 932 1342 certa, Ocean. Durandus ait Filium a Patre ge¬
103 1344 929 1399 nitum per modum productionis & naturae¬
100 1386 943 1445 non autem per modum merae voluntatis: quia
106 1435 930 1489 voluntas se habet, ait, aequaliter ad opposita. Me¬
95 1479 936 1538 lius omnino, & ad has quaestiones tollendas a¬
103 1529 943 1587 ptius est, si dicamus, Pater volens genuit Filium,
97 1577 939 1628 non autem, Pater voluntate genuit Filium. Et in
97 1623 930 1697 Synodo Voluntate, pro volens ponitur. Hinc i¬
108 1673 936 1736 igitur apparet, quam longe & a sensu, & a ver¬
