1279 2035
102 71 951 148 τηδμσαν τόο πάντῶν τωμντ& Hress. Est Filij essen¬
103 128 946 207 ria genita ante omnia consilio Dei & Patris. Essen¬
108 191 947 242 tiam Filij, genitam quidem esse oportet, cum non es¬
106 226 949 300 setante suam ipsius constitutionem, sed esse geni¬
108 286 947 340 tam ante omnia consilio (sententia vPatris. Ergo
109 331 949 387 non vsus est voce Sεληματος vVel ξουλλνεως Euno¬
108 386 954 449 mius, sed πῶμῆς vocabulo (quod voluntatem
112 422 957 487 cum Hilario interpretatur Augustinus) quod
111 480 947 531 magis tectam fraudem habebat, & de nouo su¬
114 524 956 591 peruenientis Patri voluntatis significationem
124 570 952 627 continebat. Vnde, nisi κῶuν Patris Filius na¬
117 615 958 675 tus esse concederetur, colligebat impius ille
112 663 802 725 Filium ατἐαρεrως esse ex Patre natum:
240 946 805 1052 DISTINCTIO VII
204 1039 856 1143 Hic quaeritur an Pater potuerit
319 1128 749 1204 vel voluerit gignere
457 1189 633 1253 Filium.
393 1289 612 1383 CAP. I.
251 1373 946 1442 IC solet quaeri a quibusdam, vtrum Pater
240 1436 942 1492 lootuerit vel voluerit generare Filium. Si e
128 1444 942 1536 unim, inquiunt, potuit vel voluit generare Fi
121 1531 945 1583 lium, ergo potuit aliquid & voluit, quod nec vo
122 1576 945 1647 luit nec potuit Filius: nam Filius nec potuit nec vo
116 1628 956 1676 l uit generare Filium. Cui versutiae facile responde¬
120 1681 971 1733 mus dicentes, Posse vel velle generare Filium, non
