1283 2048
288 94 1116 163 quae fruuntur & vtuntur: & inter eas, quibus vten¬
300 150 1132 204 dum est, etiam quaedam sunt per quas fruimur, vt
288 196 1116 256 virtutes, & potentiae animi, quae sunt naturalia bo¬
281 251 1115 315 vna. De quibus a omnibus, antequam de signis tracte¬
301 293 1122 351 mus, agendum est: acprimum de rebus quibus fruen¬
292 341 1131 424 dum est: scilicet de sancta atqe indiuidua Trinitate.
380 417 1023 511 AD DISTINCT. I.
601 490 773 566 Cap. I
629 576 749 639 collatio.
344 602 1128 682 Totius Theologiae Christianae subiectum &
289 681 1122 735 materia est duplex, nempe Res & Signa, quae
295 719 1133 782 duo non essentiae: sed relationis & significatio¬
291 769 788 837 nis modo inter se differunt.
400 819 1121 882 Sed rei. Augustinus habet, Sed res per si¬
282 893 292 934 e
296 909 1128 978 tur. Ergo addidit, Etiam, quod est non modo
289 964 1133 1024 praeter, sed etiam contra Augustini mentem, qui
296 1005 1120 1069 res ipsas per se, & extra significationem consi¬
299 1064 1126 1123 derat: at iste cogitat res primum per se disci
288 1120 810 1178 deinde per signa. I. per verba.
341 1167 1126 1222 2 Eorum autem. August. habet, Sunt autem
288 1212 1116 1273 alia signa, quorum omnis vsus in significando est, sic¬
290 1247 1129 1316 uti sunt verba. Hic addit, non in iustificando. Pri¬
294 1310 1130 1361 mum praeter mentem Augustini, qui de verbis
291 1345 1124 1410 tantum & vocabulis (quae signa duntaxat esse
296 1396 1128 1465 possunt, nempe sensa mentis nostrae exprimen¬
292 1452 1132 1508 tia) hoc genus signorum intelligit. Iste autem
293 1498 1130 1561 de sacramentis Legalibus hoc genus signorum
299 1538 1123 1606 sumit, quasi illa (quales erant boues, & oues vi¬
301 1586 1133 1647 ctimae: aqua lustralis: & vacca ruffa, & lotiones,
304 1637 1126 1694 & panes propositionis) duntaxat signa sint, non
307 1696 1126 1761 etiam res quaedam, quod tamen ipsa eorum de¬
