1282 2032
117 98 985 169 Filius autem non habet potentiam gignendi, si non
124 168 980 227 potest gignere. Habet ergo aliquam potentiam
127 209 976 260 Pater, quam non habet Filius. Non sequitur. Eandem
123 261 969 324 enim potentiam habet penitus Filius, quam & Pa¬
128 310 978 373 ter: qua Pater potuit gignere, & Filius gigni potuit.
130 353 974 415 Eadem enim potentia est in Filio, qua potuit gigni,
127 399 977 472 quae est in Patre, qua potuit gignere. Sed contra hoc
135 456 977 510 opponitur, Aliud est posse gignere, aliud est posse
128 505 967 566 gigni: quia aliud est gignere, & aliud gigni. Hic
137 554 970 611 distinguendum est. Si enim cum dicitur, aliud esi
136 588 964 657 posse gignere, aliud posse gigni, aliam significas po
137 651 978 713 tentiam, qua Pater potens estgignere, & aliam, qua
137 696 970 745 Filius potens est gigni, falsus est intellectus. Si au¬
138 744 968 810 tem dicas, Patrem posse habere aliam proprieta
136 794 978 844 tem siue notionem qua genitor est: & Filium aliam,
133 837 982 892 qua genitus est, verus est intellectus. Aliam enim
133 889 984 949 habet Pater proprietatem, qua Pater est, aliam Fi¬
138 936 462 1016 lius, qua Filius est.
422 990 719 1093 CAP. VII
195 1086 938 1151 Quomodo intelligendum sit, Filius habet
335 1137 779 1207 vel non habet potentiam
454 1184 669 1257 generandi¬
193 1232 998 1319 ITA etiam cum dicitur Filius non habet po¬
143 1299 983 1370 tentiam generandi, quam Pater habet dupliciter
143 1355 984 1415 intelligi potest. Si enim dicatur, Filius non habet
147 1400 977 1465 potestatem generandi quam & Pater, scilicet qua
134 1445 980 1520 potens sit ad generandum, id est, vt genuerit, vel vt
138 1509 978 1565 generet sicut Pater, verum est. Si vero intelligatus
141 1544 977 1613 sic, non habet potentiam qua possitgigni vel genitus
137 1593 980 1663 esse, qua eade Pater potens est vt genuerit vel vt ge¬
146 1640 979 1716 neret, falsum est. Sicut dicitur, Pater habet poten¬
149 1691 993 1773 tiam, qua potest esse Pater: Filius vero non habet
