1286 2033
155 100 997 169 est a Filio distincta, E8ανλα το λαοοτῆς δι πατζις
156 168 998 238 συσνεωςφαμον τὸν Ie δά λuκoν. Quae significatio non
164 216 1004 275 obseruata miros isti homini induit laqueos, dum
163 267 989 324 potentiam generandi, quam vocat, non Perso-
159 313 990 378 nae. I. Patris propria ac peculiarem, siue, vt lo¬
164 357 980 419 quuntur Graeci Theologici καετκληριςικμῳ fa
155 413 985 468 citised ipsius essentiae diuinae per se & in abstra¬
160 454 983 511 cto confideratae velut essentialem & commu¬
164 503 991 574 nem. Porro ista cogitatio multiplicis &
165 555 987 622 longae istius Dei ex Deo propagationis & se¬
163 604 994 666 riei (in qua Pater, Filius, Nepos, Pronepos esse
161 649 998 702 in diuinis posse fingitur) ex Valentinianorum
159 698 985 750 faedissimis lacunis hausta est, qui octoadas
156 747 985 805 deorum aliorum ex aliis nascentium induxe
156 798 998 846 tunt, vt docent Irenaeus, Epiphanius, & ex his
157 844 997 908 postea Augustinus, quas extinctas haereses, &
156 893 1000 953 feliciter iam sepultas ex Orco reuocare nihile¬
160 939 366 1007 rat necesse.
381 985 723 1058 Censura ad Dist. y¬
236 1038 995 1109 Vel vna haec disputatio Lombardi illud
167 1078 987 1146 verissimum esse confirmat, Serutator maiesta¬
169 1141 983 1202 tis ab eo opprimetur. Habitat enim Deus lucem
159 1191 983 1248 inaccessam, quemadmodum ait Paulus t. Thi¬
161 1238 993 1290 moth. &. Praesertim uero arcanum illud de
157 1294 984 1340 generatione Filij Dei ex Patre tantum om¬
157 1332 986 1384 nem humanum captum superat: sed & An¬
156 1382 990 1441 gelicum. Quamobrem mature monuerant
167 1430 983 1489 Patres in huiusmodi argumenti tractatione
156 1475 985 1529 sobrie sapiendum, & a curiosis quaestioni¬
160 1519 989 1577 bus abstinendum esse, quum nulla ex rebus
164 1575 987 1638 ereatis comparatio ad illius tam augusti myste¬
163 1622 981 1688 rij, & ipsi Deo duntaxat noti rationem expli¬
168 1671 988 1724 dam satis apta duci possit, minimeque sit illud
177 1718 984 1776 ad nostras, vel ullas rerum creaturarum leges
