1274 2027
112 82 954 154 Filium habere potentiam generandi. Ratio est
121 153 953 201 quoniam ad Personarum diuinarum actiones
107 191 948 255 internas, seu opera ad intra, quae vocant, perti¬
118 246 949 303 net haec actio, quae ab istis vocatur, Potentia,
112 297 953 351 Quanqua enim communia & inseparabilia sunt
120 345 942 404 totius Trinitatis opera ad extra propter ean¬
118 386 946 447 dem essentiae παυτολητα, virtutem, matestatem,
111 443 934 489 κεάτας, &gloriam: non sunt tamen opera earun¬
125 481 947 538 dem Personarum ad intra communia, vt idem
124 528 940 583 Patri quod Filio competat. Sunt enim illa ope¬
130 578 942 634 ξoφμσεων φαξακλκμσικdd. Proprietates vt loquum¬
127 624 948 680 turGraeci. Itaque quemadmodum ipsae Perso¬
122 684 942 737 nae diuinae non sunt vna & eadem Persona, nec
121 731 945 778 comunicat Pater Personam suam Filio: ita nec
128 767 943 828 proprium suae Personae characterem, proprietatem
122 814 954 880 & attributum quod est generare. Neque tamen
117 863 945 930 propterea est Filius imbecillior Patre, quia Pa¬
120 908 949 964 ter esse non potest: vt nec Pater impotentior est
126 957 949 1019 Filio, quia Pater Filius esse non potest. Haec est
120 1008 950 1076 igitur breuis solutio totius huius quaestionis.
158 1056 946 1106 Tertium perpetuo paralogismo iste & fallit, &
123 1103 954 1159 fallitur, dum ad sensu & mentem verborum, quibus
126 1151 940 1201 Patres orthodoxi vtuntur, non attendit, ac ne qui¬
120 1203 944 1257 dem ipsorum vocabulorum significatum capit. Dicunt
126 1249 944 1307 Patres, Pater Deus de sua natura genuit Filium de
128 1296 944 1358 Fide ad Petr. cap. 2. Filius solus de Patre est essen¬
120 1356 952 1398 tialiter genitus. cap. I. Filius de natura Patris natus
116 1388 949 1456 est. cap. I2. Damascenus lib. I. cap. 8. de Ortho¬
119 1437 955 1494 doxa fide dicit, Generatio illa aeterna Filij est
119 1485 959 1543 ἁρνον φυνεως και κ δῆςμoμας ααιι τρηάνμοα, est naturae
116 1543 951 1589 ipsius opus, & ex ipsa Patris essentia promanans.
120 1579 949 1645 lam ex his sic argumentatur iste, Pater genuit,
128 1620 953 1701 ergo ipsa essentia diuina per se considerata ge¬
123 1688 948 1745 nerat, nabetque generandi iguν. At illa essentia
