1299 2038
135 104 979 185 finitio ostendit. Quum enim essent Sacramen¬
132 167 976 235 ta, etsi Legalia, res erant primum& per se quidem
140 226 976 273 res quaedam: deinde ex Dei promissione, eaedem
136 270 965 322 res sunt effectae signa. ei. Sacramenta. Ergo hoc
138 318 962 373 signorum genus (nempe sacramenta Legalia)
141 373 955 415 ex sententia Augustini, ad idem genus signo¬
129 421 968 477 rum, ad quod vocabula referuntur, quae sunt
138 461 966 519 mere signa, pertinere non potest: sed ad illud
137 509 967 571 potius rerum genus, quae & res & signa sunt.
131 558 966 617 August. lib. 2. cap. 3 & 2. de Doctr. Christ. Vnde
133 601 962 667 falsum est quod hic ipse postea subiicit, nos non
128 657 962 711 vti istis rebus, quae sunt sacramenta Legalia,
122 697 964 757 nisi aliquid significandi gratia. Nam non bos &
126 748 962 809 ouis quaelibet, fuerunt Iudaeis signa Sacramen¬
132 799 957 861 talia, vti neque nobis quilibet panis in oculos
121 850 957 913 incurrens est signum corporis Christi. Sed quod
119 901 948 948 de solis vocabulis & vocibus ex hominum in¬
120 936 951 994 stituto significantibus, recte dixit Augustinus,
123 991 940 1041 addens, Nemo enim utitur verbis, nisi aliquid si
122 1039 956 1095 gnificandigratia: iste ad sacramenta Legalia per¬
130 1087 950 1140 peram refert: vt errorem errori cumulans di¬
129 1134 956 1186 scrimen constituat inter Euangelica & Legalia
125 1181 950 1232 sacramenta: quasi haec gratiam ex se non con¬
121 1229 947 1297 ferrent, ac proinde per se, ipsaque operatione
120 1274 950 1341 & communicatione non iustificarent: illa vero
113 1325 948 1376 Euangelica sacramenta vtrunque per se faciant
120 1374 947 1434 & praestent: ideoque de Legalibus agens dixit
113 1431 955 1492 esse eorum vsuin, tantum in significando, & non in
109 1467 319 1530 iustificando.
371 1506 620 1576 CAP. II
213 1556 936 1636 Inter vtrasque constituti. August. lib. I. cap.
103 1611 933 1682 B, sic habet. Nos qui fruimur, & vtimur, inter v¬
105 1659 944 1724 trasque constiturt, si eis, quibus vtendum est, &c. Hic
104 1710 931 1792 addit, & Angeli, & S. nchi. Augustinus suam sen¬
