1282 2030
321 87 1161 149 diuina in Filio & Spiritu sancto eadem est, &
331 153 1163 213 aeque potens. Ergo Filius & Spiritus sanctus
330 207 1162 265 generare possunt. Quid hac conclusione absur.
334 251 1157 304 dius) Cum quae de Persona dicuntur, ad ipsam
333 295 1157 357 essentiam per se consideratam referantur. Ergo
331 349 1152 400 non animaduertit Lombardus semper sic Vete¬
329 386 1158 453 res loqui de generatione hac diuina, vt eam ad
330 442 1155 498 personalitatem, id est, Personam Patris: non ad
337 484 1160 538 essentiam ipsius referant. Vnde dixit autor libel¬
330 534 1158 591 lide Fide ad Petrum has phrases omnes tadem
340 584 1159 635 exponens, Generare est opus Paternae proprietatus.
338 631 1166 683 Cur igitur sic loquuntur Patres, Pater Deus do
333 675 1163 739 sua natura genuit, Nimirum ne Filius ex nihilo
328 735 1156 788 genitus a Patre censeatur: ne ex sola voluntate,
333 782 1162 832 vt eaeterae res creatae: ne Filius alia esse essentia
334 827 1161 881 diuina, quam Pater credatur, dicunt disertis ver¬
334 869 1159 929 dis de natura, de essentia, essentialiter, natus est
329 923 1162 983 Filius. Oenerare quidem Filium verbum &
331 965 1157 1023 Deum non potuit Pater, nisi esset Deus : non
333 1010 1166 1076 tamen, vti diximus, ipsa essentia diuina per se
339 1063 1157 1113 copsiderata, idcirco generat. Itaque illa po¬
336 1110 1158 1172 tentia generandi extra personam Patris nec est,
332 1162 1163 1215 nec esse potest in ipsa essentia diuina, quoniam
340 1206 1172 1260 est propriissimus ipsius Patris character. Dei¬
332 1250 1165 1323 nique quod iste pro iusto suae responsionis fun¬
329 1297 1165 1357 damento affert ex Augustino lib 2. cap. I2. ad
332 1352 1149 1412 vers. Maximi. Arianum huiusinodi est, vt dete¬
330 1386 1151 1448 stationem potius tam ineptae & impiae senton¬
320 1448 1158 1505 tiae contineat, quam veram istius quaestionis
329 1494 1162 1552 explicationem ab Augustino factam, Vtrum
320 1539 1163 1603 Filius generare possit. Sed iste non,. vidit se hac
325 1591 957 1653 Augustini sententia minime iuuari,
