1336 2082
374 94 1201 151 Lombardi verba nusquam leguntur. Sic autem
367 155 1198 208 in cap. 2, epistolae habet, Nomen essentiae, quia co¬
371 203 1192 249 mune erat omnibus, sibi proprium vendicat Deus.
373 256 1204 311 quia non habet aliunde, quod subsistat: alia vero, vt
371 290 1199 360 esse dicantur, habent Dei bonitate & beneficio do¬
373 352 1198 398 natum: quae, si Deus voluerit, in nihilum reuerten¬
368 390 1193 455 tur. Haec Hieronvmus. Porro illud potius fuit
374 437 1194 496 explicandum, vt doceretur Deum & vero, & so¬
375 492 1197 553 lum esse ex Hieronvmi sententia, quod obiici
374 531 1196 598 potest ex altera eiusdem epistola ad Damasum,
369 593 1194 647 Substantia Dei est, omne quod viuimus, sapimus, co¬
375 629 1199 696 gitamus, in verba prorumpimus. Perinde enim ho
369 676 1195 739 mines videntur vere esse, atque Deus ipse, si sub¬
375 728 1196 783 stantia eius est, quod sunt & viuunt homines: id
378 783 1202 838 quod etiam Macedonianorum errorem redo¬
380 821 1199 882 lere videtur. Respondeo igitur vocem Substan¬
371 872 1195 929 tia illic munus & donum Dei, & illud quidem
379 928 1195 977 verum significare, quoniam eam substantiam,
374 970 1200 1019 & anima nobis dedit Deus per quam viuimus,
373 1016 1201 1074 & shpimus. Itaque alludit Hieronymus ad Pau
373 1060 1192 1122 li dictum. Actor. I7. Versi 29. Vnde postea sum¬
377 1115 1194 1170 psit Bernardus, Sermo. 4. in Cantica Canticor.
377 1161 1199 1218 istud suum. Sane esse omnium dixerim Deum, non
374 1211 1202 1267 quia illa sunt, quod est ille: sed quia ex ipso, per i¬
371 1256 1198 1318 psum, & in ipso sunt omnia. Dionvsius de Diuinis
378 1301 1199 1359 nominibus, Deus est omnia quae sunt: & nibil eorum
375 1350 1210 1409 quae sunt. Rom. II. Versigo. Substantia igitur Dei
373 1398 1203 1464 non est substantia ipsius Dei, sed substantia da¬
382 1447 553 1509 ta a Deo.
419 1493 1197 1549 2 Quia in eius comparatione. Locus iste iam
368 1547 1204 1589 ex lsidoro sumptus est, lib. 9. Etymolog. cap. I.
371 1591 1200 1641 S. Sextum nomen haerere, &c. Vel si isti Verba haec
373 1636 1197 1684 Hieronymi esse contendunt, a seipsis vet res
375 1685 1204 1757 Hieronymi codices corruptos fuisse fatean: ur
