1271 2025
124 81 947 155 futuris. Fuit, quia nunquam defuit: Erit, quia nun¬
127 142 959 201 quam deerit: Est, quia semper est. Neque enim ue¬
129 191 963 248 lut qui iam non sit cum. praeterius occidit: aut cum
127 250 954 301 praesentibus, velut qui non maneat, labitur: aut cum
122 287 955 351 futuris, velut qui non fuerat, orietur. Proinde quum
118 339 958 398 secundum volumina temporum loquutio humana va
117 388 953 449 riatur, qui per nulla deesse potuit, aut potest, aut po¬
124 435 945 493 terit tempora, vera de illo dicuntur cuiustibet tem¬
129 480 941 548 poris verba. Huc denique pertinet, quod de AE¬
122 524 952 580 ternitate infra disputatur. Est enim illud aeter¬
129 579 956 653 num, quod omnia tempora simul habet, id est,
132 624 721 693 praesens, praeteritum, & futurum:
243 670 952 736 Et ideo non est mirum. Hic locus, ex Tra¬
126 719 954 780 ctatu August. 92. in I8. caput Euangelij Ioan¬
130 782 951 836 nis desumptus est, sed a germano sensu detor¬
125 831 957 879 tus. Disputat enim illic Augustinus, quum di-
128 866 955 926 catur de Spiritu sancto, Non enim loquetur a se¬
129 915 956 979 metipso, sed quaecunque audiet, loquetur, a quo illa
132 964 951 1011 audiet, quae loquetur, & vtrum illi aliud sit es¬
133 1009 957 1066 sentia, aliud sapientia: vel, vtrum illi aliud sit
137 1058 961 1113 scire ac audire, quam esse. De temporis autem,
151 1112 947 1172 quod verbo Loquetur aut audiet, continetur)
133 1155 953 1208 ratione, ne 9gu quide: imo ea ipsa, quae de ver¬
133 1204 962 1256 bi huius Est, Erit, & Fuit, variis temporibus ac
131 1249 958 1306 mutationibus de Deo vsurpantur, sunt τα¬
132 1291 957 1363 peκύαπαα. Ergo sic habet Augustinus, A quo
125 1347 972 1402 ulla audiet Spiritus sanctus, non ergo loquetur a
119 1402 961 1464 semetipso, quia non est a semetipso: sed quaecunque
126 1448 963 1502 audiet, loquetur, ab illo audiet a quo procedit. Et
121 1487 964 1564 paulo post, Ab illo igitur audiuit, audit, & audiet,
123 1541 960 1597 a quo est: ab illo est, a quo procedit. Et ibidem,
129 1586 969 1654 Linguae difficillimum est explicare, quantustibet sit
123 1640 964 1697 doctor: quantustibet sit auditor, iste nimirum Spi¬
133 1687 975 1770 ritus sanctus. Ad illam autaem quaestionem,
