1278 2030
147 88 978 166 Natura, s &c, & a superiori menbro dispunxit sic¬
149 159 973 215 Natura scilicet perfecta & absoluta, & infinita, &
142 209 987 274 non ex disparibus constituta, sed viuens ipsa per to¬
153 247 987 306 tum (de eo enim quaestio erat, Vtrum eade vitam
148 303 980 363 haberet Filius, quam Pater ipse) Quae cum qualis
149 350 990 410 habetur, talis & data est, etsi natiuitas eius intelli¬
151 399 989 461 gitur significari, cui data est: non tumen diuersitatem
159 455 980 510 generis, affert, quum talis data est, qualis & habe¬
161 490 983 553 tur. Potius vero ex libro nono Hilarij circa fi¬
157 542 993 601 nem, ad argumenti. I. de quo agit Lombardus,
161 588 987 652 confrmationem, fuit trascribendus iste locus.
163 639 990 701 Caeterum natura Dei non eget compositis humani
167 684 981 752 officij necessitatibus, linguae motum, temperamento o¬
150 744 993 798 ris, Spiritus nixu, aeris pulsu. Deus simplex est. I. Be
165 781 986 835 ligione nostra intelligendus est, pietate profitendus
162 833 995 883 est, sensu vero non persequendus est, sed adorandus,
156 883 985 947 Non est itaque diuersus compositae diumitatis parti¬
162 929 999 978 bus, vt sit in eo aut post stuporem voluntas: aut post
169 975 993 1040 silentium sermo, &c. Non subiacet naturae legibus, a
170 1031 1005 1093 quo legem omnis natura sortitur, Haec diligenter
165 1071 481 1137 sunt obseruanda.
200 1113 990 1187 S Sic habetur in natura. Est & hic locus ean¬
162 1172 1009 1228 dem fide, qua superior Hilarij, ab isto prolatus,
173 1224 1000 1265 i. a vera Augustini mente diductus. Probat enim
160 1266 1002 1333 illic August. eandem esse, & simplicem eam
167 1311 1005 1368 essentiam, quae in tribus Personis diuinis est,
169 1361 998 1415 vt eandem memoriam, intelligentiam, & cha¬
164 1411 1010 1468 ritatem Personae su gulae habeant(. i. Pater, Filius
160 1461 997 1511 & Spiritus sanctus) )in sua qui, que natura. Itaque
157 1506 996 1572 ex isto Augustini loco pei oυλολιςικὸν Lombardi
157 1559 992 1610 colligeret haereticus, quia simplex natura omni¬
164 1610 991 1673 no nihil ponit in diuinis praeter essentiam, er¬
164 1660 995 1717 go nulla est Personarum distinctio, sed vt vna est
167 1698 1001 1752 in diuinis essentia, sic vna quoque est, Persona,
170 1746 999 1809 quia simplex natura nihil ponit praeter essetia,
