1278 2043
314 100 1160 175 Quod quam sit blasphemum, & ab Augustini
307 159 1137 226 pietate seiunctum vident omnes, & tamen re¬
316 212 1143 268 cte ex Lombardi methodo efficeretur. Tanti
307 268 1146 321 nimirum est extra oleas vagari, & locorum, quos
313 317 810 365 citas, mentem non spectare.
364 349 1146 417 A SIVE substantia. Multa sunt in hoc ex
317 416 1142 459 Augustino testimonio immutata siue errore
307 448 1147 504 librariorum, siue incuria ipsius Lombardi, at¬
315 500 1147 557 que etiam quaedam non ἀκινδυνως vti quod hoc
313 548 1148 601 locoprimum occurrit, Nam pro his verbis Siue
307 596 1155 661 substantia, Augustinus habet sine subsistentia, &
316 647 1079 711 procul dubio sic est hoc loco reponendum.
348 690 1097 759 S. NEC, est ipsa. Haec verba sunt addita.
437 737 1149 814 DICITVRvnius. Augustinus Dici¬
311 789 525 853 tur Diuens.
649 829 805 900 Censura.
361 887 1155 949 Videor mihi in superiori Distinctione (prae¬
316 937 1153 1008 ter ea quae iam annotaui) reprehendere merito
318 998 1159 1045 multa posse, quae partim in istius autoris mecho
309 1032 1151 1096 do: partim in re ipsa versatur. Ac primum, quod
320 1093 1160 1133 ad methodum quis laudet, quod Lombardus
318 1126 1153 1187 suae de natura Dei explicatione confirmatio¬
315 1183 1156 1241 nem eam praetermittit, quae ex sacra scriptura
326 1235 1150 1289 (ex qua vna quid sit Deus intelligi vere po¬
324 1272 1151 1329 test)duci debet: vbi enim in toto hoc argumen
319 1327 1152 1388 to vel locus vllus, ex Nouo, testamento qualis
323 1369 1160 1431 est Rom. I. Vers. 2o. I. Thimoth. I. Vers. I7. Vel
322 1424 1157 1476 ex veteri, qualis Exod. 34. Vversic. 6 & Psal. I4g.
325 1462 1156 1531 proferturo vbi haec epitheta (quae pulcherrime
330 1526 1158 1573 tamen, & ex ipsius Dei ore naturam diuinam
328 1560 1162 1617 explicant) ab isto traduntur, nempe AEternus,
318 1613 1158 1676 immortalitatem solus habens, inuisibilis, sap tens,
328 1653 1163 1723 potes, sortis, xelotes, &c. Augustinus in lib. de fide
328 1707 1159 1777 & Svmb. ad Catech, & li. de specul. ca. s. recitato
