<?xml version="1.0" encoding="UTF-8" standalone="yes"?>
<PcGts xmlns="http://schema.primaresearch.org/PAGE/gts/pagecontent/2013-07-15" xmlns:xsi="http://www.w3.org/2001/XMLSchema-instance" xsi:schemaLocation="http://schema.primaresearch.org/PAGE/gts/pagecontent/2013-07-15 http://schema.primaresearch.org/PAGE/gts/pagecontent/2013-07-15/pagecontent.xsd">
    <Metadata>
        <Creator>prov=University of Rostock/Institute of Mathematics/CITlab|PLANET AI GmbH/Gundram Leifert/gundram.leifert@planet-ai.de:name=Geneva1580-m2(htr_id=30020)::::v=2.6.7
prov=University of Rostock/Institute of Mathematics/CITlab|PLANET AI GmbH/Tobias Gruening/tobias.gruening@planet-ai.de:name=de.uros.citlab.module.baseline2polygon.B2PSeamMultiOriented:v=2.6.7
prov=University of Rostock/Institute of Mathematics/CITlab|PLANET AI GmbH/Tobias Gruening/tobias.gruening@planet-ai.de:name=/net_tf/LA73_249_0mod360.pb:de.uros.citlab.segmentation.CITlab_LA_ML:v=2.6.6
Transkribus</Creator>
        <Created>2021-01-20T13:54:45.338+01:00</Created>
        <LastChange>2021-02-10T14:59:23.306+01:00</LastChange>
        <TranskribusMetadata docId="576385" pageId="23671767" pageNr="263" tsid="52347345" status="IN_PROGRESS" userId="25065" imgUrl="https://files.transkribus.eu/Get?id=CQPLIOCIYSKVXAAPVYPVNBIZ&amp;fileType=view" xmlUrl="https://files.transkribus.eu/Get?id=FLKQJPGCMGMYMLXGWTAOGZYC" imageId="18180581"/>
    </Metadata>
    <Page imageFilename="262.jpg" imageWidth="1253" imageHeight="2026">
        <ReadingOrder>
            <OrderedGroup id="ro_1612985978028" caption="Regions reading order">
                <RegionRefIndexed index="0" regionRef="r1"/>
            </OrderedGroup>
        </ReadingOrder>
        <TextRegion orientation="0.0" id="r1" custom="readingOrder {index:0;}">
            <Coords points="105,61 105,1819 961,1819 961,61"/>
            <TextLine id="r1l3" custom="readingOrder {index:0;}">
                <Coords points="101,151 706,152 765,175 948,153 924,116 819,107 101,107"/>
                <Baseline points="107,147 148,148 190,149 232,149 274,149 316,149 357,150 399,150 441,150 483,150 525,149 566,149 608,149 650,149 692,149 734,149 775,149 817,149 859,150 901,150 943,150"/>
                <TextEquiv>
                    <Unicode>non est aliud Pater, aliud Filius, aliud Spiritus san¬</Unicode>
                </TextEquiv>
            </TextLine>
            <TextLine id="r1l4" custom="readingOrder {index:1;}">
                <Coords points="109,206 336,224 529,199 612,232 955,200 938,167 835,160 109,170"/>
                <Baseline points="114,200 155,199 197,199 239,198 281,198 323,198 364,198 406,198 448,198 490,198 532,198 573,198 615,199 657,199 699,199 741,199 782,199 824,199 866,199 908,198 950,198"/>
                <TextEquiv>
                    <Unicode>ctus: quanuis personaliter alius sit Pater, alius Fi¬</Unicode>
                </TextEquiv>
            </TextLine>
            <TextLine id="r1l5" custom="readingOrder {index:2;}">
                <Coords points="100,269 221,253 251,273 300,273 347,251 462,277 548,251 548,218 476,206 394,223 357,209 336,224 307,207 272,222 230,211 190,233 151,211 100,209"/>
                <Baseline points="105,248 130,248 156,248 182,248 208,248 233,248 259,248 285,248 311,248 336,248 362,247 388,247 414,247 439,247 465,247 491,247 517,247 543,247"/>
                <TextEquiv>
                    <Unicode>lius, alius Spiritus sanctus.</Unicode>
                </TextEquiv>
            </TextLine>
            <TextLine id="r1l6" custom="readingOrder {index:3;}">
                <Coords points="439,324 456,331 468,320 504,318 518,328 533,317 567,318 584,309 603,321 659,321 671,316 671,252 645,246 631,255 605,254 575,275 538,277 513,268 501,277 476,265 439,279"/>
                <Baseline points="444,308 471,309 499,310 527,310 555,309 582,308 610,308 638,307 666,307"/>
                <TextEquiv>
                    <Unicode>CAP. II</Unicode>
                </TextEquiv>
            </TextLine>
            <TextLine id="r1l8" custom="readingOrder {index:4;}">
                <Coords points="185,377 866,364 866,332 787,312 542,331 371,317 318,335 243,303 185,322"/>
                <Baseline points="191,359 224,359 257,359 291,358 324,358 358,358 391,358 425,357 458,357 492,357 525,357 558,357 592,357 625,357 659,357 692,357 726,357 759,358 793,358 826,359 860,360"/>
                <TextEquiv>
                    <Unicode>Hic de coaeternitate Filij cum Patre.</Unicode>
                </TextEquiv>
            </TextLine>
            <TextLine id="r1l9" custom="readingOrder {index:5;}">
                <Coords points="161,446 295,426 944,432 944,399 889,379 698,402 432,371 221,395 161,367"/>
                <Baseline points="167,422 205,422 244,422 282,422 321,422 360,422 398,422 437,421 475,421 514,421 553,422 591,422 630,422 668,422 707,422 746,422 784,423 823,423 861,423 900,424 939,424"/>
                <TextEquiv>
                    <Unicode>Qenitus est enim a Patre Filius, &amp; ideo alius.</Unicode>
                </TextEquiv>
            </TextLine>
            <TextLine id="r1l10" custom="readingOrder {index:6;}">
                <Coords points="112,482 932,483 932,448 834,438 112,435"/>
                <Baseline points="117,470 157,470 198,471 238,471 279,471 319,471 360,471 400,471 441,470 481,470 522,470 562,470 603,470 643,470 684,470 724,471 765,471 805,472 846,472 886,473 927,474"/>
                <TextEquiv>
                    <Unicode>nec tamen ante fuit Pater, quam Filius: coaeternae e</Unicode>
                </TextEquiv>
            </TextLine>
            <TextLine id="r1l11" custom="readingOrder {index:7;}">
                <Coords points="116,527 194,540 235,526 253,544 291,546 327,527 342,541 384,531 419,545 473,528 488,540 548,533 548,492 493,477 353,497 303,482 269,496 116,484"/>
                <Baseline points="121,518 147,518 173,519 200,520 226,520 252,520 279,520 305,520 332,520 358,519 384,519 411,519 437,519 463,519 490,519 516,519 543,520"/>
                <TextEquiv>
                    <Unicode>nim sunt sibi tres Personae.</Unicode>
                </TextEquiv>
            </TextLine>
            <TextLine id="r1l12" custom="readingOrder {index:8;}">
                <Coords points="378,595 463,586 480,592 517,580 544,584 572,607 600,607 645,590 645,546 614,531 575,545 547,538 533,552 495,538 477,549 448,536 438,546 394,533 378,543"/>
                <Baseline points="384,584 409,584 435,583 460,583 486,583 512,583 537,583 563,583 588,583 614,583 640,583"/>
                <TextEquiv>
                    <Unicode>CAP. III</Unicode>
                </TextEquiv>
            </TextLine>
            <TextLine id="r1l13" custom="readingOrder {index:9;}">
                <Coords points="291,656 342,671 429,649 478,666 537,646 617,666 651,650 703,664 790,656 790,625 698,600 630,624 528,606 504,620 337,620 291,604"/>
                <Baseline points="297,644 322,644 348,644 374,644 399,643 425,643 451,643 476,643 502,644 528,644 553,644 579,644 605,644 630,644 656,644 682,645 707,645 733,645 759,646 785,646"/>
                <TextEquiv>
                    <Unicode>Argumentatio Arianorum.</Unicode>
                </TextEquiv>
            </TextLine>
            <TextLine id="r1l14" custom="readingOrder {index:10;}">
                <Coords points="168,716 933,707 933,674 897,659 837,680 168,669"/>
                <Baseline points="174,706 211,703 249,702 287,701 324,700 362,699 400,699 437,699 475,699 513,699 551,699 588,700 626,700 664,701 701,701 739,701 777,701 814,701 852,701 890,700 928,700"/>
                <TextEquiv>
                    <Unicode>Sed contra hoc inquit haereticus, vt refert Ambr</Unicode>
                </TextEquiv>
            </TextLine>
            <TextLine id="r1l15" custom="readingOrder {index:11;}">
                <Coords points="111,760 937,766 936,711 111,712"/>
                <Baseline points="116,754 156,753 197,752 238,751 279,750 319,750 360,749 401,749 442,749 482,749 523,749 564,749 605,749 645,749 686,749 727,750 768,750 808,750 849,750 890,749 931,749"/>
                <TextEquiv>
                    <Unicode>in li. I. de fide ad Gratianum: Omne quod natum est, </Unicode>
                </TextEquiv>
            </TextLine>
            <TextLine id="r1l16" custom="readingOrder {index:12;}">
                <Coords points="110,826 302,802 885,821 929,814 929,768 109,769"/>
                <Baseline points="115,801 155,800 195,799 236,799 276,799 317,798 357,798 398,798 438,798 479,798 519,798 559,798 600,798 640,798 681,798 721,798 762,798 802,798 843,798 883,798 924,797"/>
                <TextEquiv>
                    <Unicode>principium habet, &amp; ideo quia filius natus est, prin</Unicode>
                </TextEquiv>
            </TextLine>
            <TextLine id="r1l17" custom="readingOrder {index:13;}">
                <Coords points="114,862 409,842 441,870 834,849 911,868 938,808 113,827"/>
                <Baseline points="119,848 159,848 200,848 241,848 281,848 322,848 363,848 403,848 444,848 485,848 526,848 566,847 607,847 648,847 688,847 729,847 770,847 810,846 851,846 892,846 933,845"/>
                <TextEquiv>
                    <Unicode>cipium habet, &amp; esse coepit: quod haereticorum ori</Unicode>
                </TextEquiv>
            </TextLine>
            <TextLine id="r1l18" custom="readingOrder {index:14;}">
                <Coords points="116,922 168,900 465,923 509,901 941,905 941,869 900,859 116,861"/>
                <Baseline points="121,897 161,897 202,897 243,896 284,896 324,896 365,896 406,896 447,896 487,896 528,896 569,896 610,896 650,896 691,896 732,896 773,896 813,896 854,896 895,896 936,896"/>
                <TextEquiv>
                    <Unicode>sic dictum est. Nam ipse Arius, vt meminit Aug.</Unicode>
                </TextEquiv>
            </TextLine>
            <TextLine id="r1l19" custom="readingOrder {index:15;}">
                <Coords points="118,958 282,944 493,972 821,948 900,975 947,961 947,909 510,901 465,923 318,899 118,922"/>
                <Baseline points="123,946 166,945 209,945 252,944 295,944 338,944 381,944 424,944 467,944 510,944 554,944 597,944 640,945 683,945 726,945 769,945 812,945 855,945 898,945 942,945"/>
                <TextEquiv>
                    <Unicode>in o. li. de Trinit. dixisse fertur, Si filius est, natus est.</Unicode>
                </TextEquiv>
            </TextLine>
            <TextLine id="r1l20" custom="readingOrder {index:16;}">
                <Coords points="116,1021 644,997 703,1022 799,998 864,1019 864,962 806,953 667,972 599,951 501,973 116,961"/>
                <Baseline points="122,996 158,995 195,995 232,994 269,994 306,993 343,993 379,993 416,993 453,993 490,993 527,993 564,993 601,993 637,994 674,994 711,994 748,994 785,994 822,993 859,993"/>
                <TextEquiv>
                    <Unicode>si natus est, erat tempus quando non erat filius.</Unicode>
                </TextEquiv>
            </TextLine>
            <TextLine id="r1l22" custom="readingOrder {index:17;}">
                <Coords points="361,1060 404,1069 419,1056 460,1069 518,1047 549,1074 577,1057 666,1068 658,1004 632,1013 580,1004 548,1016 535,1008 517,1017 445,1013 425,1025 390,1001 361,1021"/>
                <Baseline points="367,1055 393,1053 420,1051 446,1050 473,1049 500,1049 526,1049 553,1048 580,1049 606,1049 633,1049 660,1050"/>
                <TextEquiv>
                    <Unicode>CAP IIII</Unicode>
                </TextEquiv>
            </TextLine>
            <TextLine id="r1l23" custom="readingOrder {index:18;}">
                <Coords points="262,1115 305,1137 409,1110 831,1125 831,1075 750,1060 678,1082 579,1062 548,1082 332,1056 262,1070"/>
                <Baseline points="267,1103 296,1103 325,1103 355,1103 384,1103 414,1103 443,1103 472,1104 502,1104 531,1104 561,1105 590,1105 620,1105 649,1105 678,1106 708,1106 737,1106 767,1106 796,1106 826,1106"/>
                <TextEquiv>
                    <Unicode>Responsio Augustini catholica.</Unicode>
                </TextEquiv>
            </TextLine>
            <TextLine id="r1l24" custom="readingOrder {index:19;}">
                <Coords points="163,1179 204,1197 405,1155 585,1193 627,1170 943,1182 930,1126 412,1147 163,1121"/>
                <Baseline points="168,1166 206,1167 244,1167 283,1167 321,1167 360,1167 398,1167 437,1167 475,1167 514,1167 552,1167 590,1167 629,1167 667,1167 706,1167 744,1167 783,1168 821,1168 860,1168 898,1168 937,1169"/>
                <TextEquiv>
                    <Unicode>Qui hoc dicit non intelligit etiam natum esse de</Unicode>
                </TextEquiv>
            </TextLine>
            <TextLine id="r1l25" custom="readingOrder {index:20;}">
                <Coords points="118,1236 726,1219 905,1239 937,1219 937,1177 118,1183"/>
                <Baseline points="123,1218 163,1217 203,1217 244,1217 284,1216 325,1216 365,1216 406,1216 446,1216 487,1216 527,1216 567,1216 608,1216 648,1216 689,1217 729,1217 770,1217 810,1217 851,1217 891,1217 932,1217"/>
                <TextEquiv>
                    <Unicode>Deo, isempiternum esse, vt sit coaetern Patri Filius: si</Unicode>
                </TextEquiv>
            </TextLine>
            <TextLine id="r1l26" custom="readingOrder {index:21;}">
                <Coords points="118,1278 937,1271 937,1240 821,1224 118,1236"/>
                <Baseline points="123,1268 163,1267 203,1266 244,1265 284,1264 325,1264 365,1264 406,1264 446,1264 487,1264 527,1264 567,1265 608,1265 648,1266 689,1266 729,1266 770,1266 810,1266 851,1266 891,1266 932,1266"/>
                <TextEquiv>
                    <Unicode>cut splendor, qui gignitur ab igne atque diffunditur</Unicode>
                </TextEquiv>
            </TextLine>
            <TextLine id="r1l27" custom="readingOrder {index:22;}">
                <Coords points="122,1325 296,1318 429,1346 639,1323 750,1353 826,1324 935,1335 935,1284 836,1275 774,1295 716,1272 660,1295 448,1275 352,1294 291,1269 122,1289"/>
                <Baseline points="127,1315 167,1315 207,1315 247,1314 287,1314 327,1314 367,1314 408,1314 448,1314 488,1314 528,1315 568,1315 608,1315 648,1315 689,1315 729,1315 769,1315 809,1315 849,1315 889,1315 930,1315"/>
                <TextEquiv>
                    <Unicode>coaeuus est illi, &amp; esset coaeternus, siignis esset aeter¬</Unicode>
                </TextEquiv>
            </TextLine>
            <TextLine id="r1l28" custom="readingOrder {index:23;}">
                <Coords points="124,1369 133,1368 135,1371 138,1367 145,1367 151,1373 164,1373 174,1382 182,1383 192,1376 198,1376 199,1334 193,1334 184,1327 176,1332 173,1330 168,1335 162,1333 153,1340 148,1338 145,1341 133,1334 125,1335"/>
                <Baseline points="129,1364 161,1364 193,1366"/>
                <TextEquiv>
                    <Unicode>nus.</Unicode>
                </TextEquiv>
            </TextLine>
            <TextLine id="r1l29" custom="readingOrder {index:24;}">
                <Coords points="407,1414 422,1421 442,1414 477,1426 522,1414 551,1422 573,1408 590,1422 629,1394 628,1352 605,1342 583,1358 536,1370 507,1353 495,1359 477,1348 406,1359"/>
                <Baseline points="412,1412 438,1411 465,1410 491,1410 518,1410 544,1410 571,1409 597,1408 624,1406"/>
                <TextEquiv>
                    <Unicode>CAP. V</Unicode>
                </TextEquiv>
            </TextLine>
            <TextLine id="r1l30" custom="readingOrder {index:25;}">
                <Coords points="166,1466 215,1488 520,1463 812,1484 893,1473 894,1424 570,1435 510,1415 370,1437 302,1411 229,1437 166,1417"/>
                <Baseline points="172,1460 207,1460 243,1460 279,1460 315,1460 351,1460 386,1460 422,1460 458,1459 494,1459 530,1459 565,1459 601,1459 637,1460 673,1460 709,1460 744,1460 780,1461 816,1461 852,1461 888,1462"/>
                <TextEquiv>
                    <Unicode>Oppositio Augustini contra haereticum:</Unicode>
                </TextEquiv>
            </TextLine>
            <TextLine id="r1l31" custom="readingOrder {index:26;}">
                <Coords points="163,1515 883,1529 931,1520 931,1472 163,1483"/>
                <Baseline points="168,1510 205,1510 243,1509 281,1509 319,1509 357,1508 395,1508 433,1508 471,1508 509,1508 547,1508 584,1508 622,1508 660,1508 698,1508 736,1509 774,1509 812,1509 850,1509 888,1510 926,1510"/>
                <TextEquiv>
                    <Unicode>ltem, Si Dei filius, inquit August. virtus &amp; sa</Unicode>
                </TextEquiv>
            </TextLine>
            <TextLine id="line_1612108749372_1355" custom="readingOrder {index:27;}">
                <Coords points="112,1583 435,1554 896,1577 942,1570 942,1523 274,1516 112,1542"/>
                <Baseline points="117,1560 155,1559 194,1559 233,1558 272,1558 311,1558 350,1558 389,1557 428,1557 467,1557 506,1557 544,1557 583,1557 622,1557 661,1557 700,1557 739,1557 778,1557 817,1558 856,1558 895,1558 916,1555 936,1557"/>
                <TextEquiv>
                    <Unicode>pientia Dei est, nec unquam fuit Deus sine virtute &amp;</Unicode>
                </TextEquiv>
            </TextLine>
            <TextLine id="r1l34" custom="readingOrder {index:28;}">
                <Coords points="117,1624 838,1620 947,1611 947,1568 117,1585"/>
                <Baseline points="123,1608 166,1607 209,1607 252,1606 295,1606 338,1606 381,1606 424,1605 467,1605 510,1605 554,1605 597,1605 640,1606 683,1606 726,1606 769,1606 812,1606 855,1607 898,1607 942,1607"/>
                <TextEquiv>
                    <Unicode>sapientia, coaeternus est ergo Deo Patri Flius. Dicit</Unicode>
                </TextEquiv>
            </TextLine>
            <TextLine id="r1l35" custom="readingOrder {index:29;}">
                <Coords points="123,1673 927,1668 949,1621 123,1623"/>
                <Baseline points="128,1655 168,1655 209,1655 250,1655 291,1655 331,1655 372,1655 413,1655 454,1655 494,1655 535,1655 576,1655 617,1655 657,1655 698,1655 739,1655 780,1655 820,1655 861,1655 902,1655 943,1656"/>
                <TextEquiv>
                    <Unicode>autem Apostolus Coristum esse Dei virtute &amp; Dei</Unicode>
                </TextEquiv>
            </TextLine>
            <TextLine id="r1l36" custom="readingOrder {index:30;}">
                <Coords points="116,1731 208,1707 953,1721 953,1686 875,1658 706,1681 116,1673"/>
                <Baseline points="121,1703 162,1704 203,1704 244,1704 286,1704 327,1704 368,1704 410,1703 451,1703 492,1703 534,1703 575,1703 616,1703 657,1703 699,1703 740,1703 781,1704 823,1704 864,1705 905,1705 947,1706"/>
                <TextEquiv>
                    <Unicode>sapientiam: Aut ergo non fuit quando non fuit Filius, </Unicode>
                </TextEquiv>
            </TextLine>
            <TextLine id="r1l37" custom="readingOrder {index:31;}">
                <Coords points="122,1770 520,1757 638,1789 776,1758 863,1788 953,1776 953,1721 122,1734"/>
                <Baseline points="128,1752 169,1753 210,1753 251,1753 292,1753 333,1753 374,1753 415,1753 456,1753 497,1753 538,1753 579,1753 620,1753 661,1753 702,1753 743,1753 784,1754 825,1754 866,1755 907,1755 948,1756"/>
                <TextEquiv>
                    <Unicode>aut aliquando Deus non habuit virtutem &amp; sapien¬</Unicode>
                </TextEquiv>
            </TextLine>
            <TextEquiv>
                <Unicode>non est aliud Pater, aliud Filius, aliud Spiritus san¬
ctus: quanuis personaliter alius sit Pater, alius Fi¬
lius, alius Spiritus sanctus.
CAP. II
Hic de coaeternitate Filij cum Patre.
Qenitus est enim a Patre Filius, &amp; ideo alius.
nec tamen ante fuit Pater, quam Filius: coaeternae e
nim sunt sibi tres Personae.
CAP. III
Argumentatio Arianorum.
Sed contra hoc inquit haereticus, vt refert Ambr
in li. I. de fide ad Gratianum: Omne quod natum est, 
principium habet, &amp; ideo quia filius natus est, prin
cipium habet, &amp; esse coepit: quod haereticorum ori
sic dictum est. Nam ipse Arius, vt meminit Aug.
in o. li. de Trinit. dixisse fertur, Si filius est, natus est.
si natus est, erat tempus quando non erat filius.
CAP IIII
Responsio Augustini catholica.
Qui hoc dicit non intelligit etiam natum esse de
Deo, isempiternum esse, vt sit coaetern Patri Filius: si
cut splendor, qui gignitur ab igne atque diffunditur
coaeuus est illi, &amp; esset coaeternus, siignis esset aeter¬
nus.
CAP. V
Oppositio Augustini contra haereticum:
ltem, Si Dei filius, inquit August. virtus &amp; sa
pientia Dei est, nec unquam fuit Deus sine virtute &amp;
sapientia, coaeternus est ergo Deo Patri Flius. Dicit
autem Apostolus Coristum esse Dei virtute &amp; Dei
sapientiam: Aut ergo non fuit quando non fuit Filius, 
aut aliquando Deus non habuit virtutem &amp; sapien¬</Unicode>
            </TextEquiv>
        </TextRegion>
    </Page>
</PcGts>
