<?xml version="1.0" encoding="UTF-8" standalone="yes"?>
<PcGts xmlns="http://schema.primaresearch.org/PAGE/gts/pagecontent/2013-07-15" xmlns:xsi="http://www.w3.org/2001/XMLSchema-instance" xsi:schemaLocation="http://schema.primaresearch.org/PAGE/gts/pagecontent/2013-07-15 http://schema.primaresearch.org/PAGE/gts/pagecontent/2013-07-15/pagecontent.xsd">
    <Metadata>
        <Creator>prov=University of Rostock/Institute of Mathematics/CITlab|PLANET AI GmbH/Gundram Leifert/gundram.leifert@planet-ai.de:name=Geneva1580-m2(htr_id=30020)::::v=2.6.7
prov=University of Rostock/Institute of Mathematics/CITlab|PLANET AI GmbH/Tobias Gruening/tobias.gruening@planet-ai.de:name=de.uros.citlab.module.baseline2polygon.B2PSeamMultiOriented:v=2.6.7
prov=University of Rostock/Institute of Mathematics/CITlab|PLANET AI GmbH/Tobias Gruening/tobias.gruening@planet-ai.de:name=/net_tf/LA73_249_0mod360.pb:de.uros.citlab.segmentation.CITlab_LA_ML:v=2.6.6
Transkribus</Creator>
        <Created>2021-01-20T13:54:47.053+01:00</Created>
        <LastChange>2021-02-10T15:00:38.173+01:00</LastChange>
        <TranskribusMetadata docId="576385" pageId="23671772" pageNr="268" tsid="52347399" status="IN_PROGRESS" userId="25065" imgUrl="https://files.transkribus.eu/Get?id=GJOVCGMOXKJLNPBTEGUMBNOI&amp;fileType=view" xmlUrl="https://files.transkribus.eu/Get?id=HNZLYTBYLJYXYYGXIYIYFCFB" imageId="18180586"/>
    </Metadata>
    <Page imageFilename="267.jpg" imageWidth="1294" imageHeight="2037">
        <ReadingOrder>
            <OrderedGroup id="ro_1612985979032" caption="Regions reading order">
                <RegionRefIndexed index="0" regionRef="TextRegion_1612108895024_1477"/>
            </OrderedGroup>
        </ReadingOrder>
        <TextRegion orientation="0.0" id="TextRegion_1612108895024_1477" custom="readingOrder {index:0;}">
            <Coords points="320,56 1199,56 1199,1808 348,1808 344,1506"/>
            <TextLine id="line_1612108895080_1480" custom="readingOrder {index:0;}">
                <Coords points="316,160 1145,154 1164,96 1033,76 829,115 315,111"/>
                <Baseline points="321,146 334,146 383,145 431,144 480,144 528,143 577,142 625,142 674,141 722,141 771,140 819,139 868,139 916,138 965,138 1013,137 1062,136 1110,135 1159,135"/>
                <TextEquiv>
                    <Unicode>inatus este Ilud enim sincera &amp; catholica fides tenet</Unicode>
                </TextEquiv>
            </TextLine>
            <TextLine id="r1l5" custom="readingOrder {index:1;}">
                <Coords points="333,207 1108,205 1162,201 1161,146 524,169 457,150 332,179"/>
                <Baseline points="338,196 378,195 419,194 460,194 501,193 542,192 583,192 624,191 665,191 706,190 747,190 787,189 828,189 869,188 910,188 951,187 992,186 1033,185 1074,184 1115,183 1156,182"/>
                <TextEquiv>
                    <Unicode>ac praedicat, vt istud. Quare ergo, ait, dicamus ve¬</Unicode>
                </TextEquiv>
            </TextLine>
            <TextLine id="r1l7" custom="readingOrder {index:2;}">
                <Coords points="329,253 566,243 601,266 952,236 982,258 1172,225 1077,197 329,212"/>
                <Baseline points="334,246 375,244 417,243 458,242 500,241 542,241 583,240 625,240 666,239 708,239 750,238 791,238 833,238 874,237 916,236 958,236 999,235 1041,234 1082,233 1124,232 1166,230"/>
                <TextEquiv>
                    <Unicode>rius, cum vtrunque pariter sit verum: nisi quia vo¬</Unicode>
                </TextEquiv>
            </TextLine>
            <TextLine id="r1l9" custom="readingOrder {index:3;}">
                <Coords points="330,302 1163,289 1155,244 987,267 871,244 329,252"/>
                <Baseline points="335,293 376,292 417,291 458,291 499,290 540,290 581,289 623,289 664,288 705,288 746,287 787,287 828,286 869,286 911,285 952,284 993,284 1034,283 1075,282 1116,281 1158,279"/>
                <TextEquiv>
                    <Unicode>lebat intelligi hoc ad maiorem euidentiam &amp; expres¬</Unicode>
                </TextEquiv>
            </TextLine>
            <TextLine id="r1l10" custom="readingOrder {index:4;}">
                <Coords points="324,367 466,340 1157,345 1156,298 323,304"/>
                <Baseline points="329,342 370,341 411,340 452,339 493,338 534,338 575,337 617,337 658,336 699,336 740,336 781,335 822,335 863,335 905,334 946,334 987,333 1028,332 1069,331 1110,330 1152,328"/>
                <TextEquiv>
                    <Unicode>sionem veritatis dici, quam illude His etenim uer¬</Unicode>
                </TextEquiv>
            </TextLine>
            <TextLine id="r1l11" custom="readingOrder {index:5;}">
                <Coords points="332,395 1140,397 1164,348 332,357"/>
                <Baseline points="337,390 378,389 419,388 460,387 501,387 542,386 583,386 624,385 665,385 706,384 748,384 789,384 830,383 871,383 912,382 953,382 994,382 1035,381 1076,380 1117,380 1159,379"/>
                <TextEquiv>
                    <Unicode>bis omnis ealumniandi versutis haereticis obstruitur a¬</Unicode>
                </TextEquiv>
            </TextLine>
            <TextLine id="r1l12" custom="readingOrder {index:6;}">
                <Coords points="334,447 1164,443 1174,386 333,396"/>
                <Baseline points="339,438 380,438 422,437 463,436 505,435 546,435 588,434 629,434 671,434 712,433 754,433 795,433 837,432 878,432 920,431 961,431 1003,430 1044,430 1086,429 1127,428 1169,427"/>
                <TextEquiv>
                    <Unicode>ditus, quibus Christi secundum deitatem generatio</Unicode>
                </TextEquiv>
            </TextLine>
            <TextLine id="r1l13" custom="readingOrder {index:7;}">
                <Coords points="337,502 1167,495 1166,447 1105,438 336,453"/>
                <Baseline points="342,486 385,485 428,485 471,485 514,485 557,484 600,484 643,483 686,483 729,483 773,482 816,482 859,481 902,480 945,480 988,479 1031,478 1074,478 1117,476 1161,476"/>
                <TextEquiv>
                    <Unicode>sine initio, &amp; sine fine esse, ac perfecta monstratur.</Unicode>
                </TextEquiv>
            </TextLine>
            <TextLine id="r1l14" custom="readingOrder {index:8;}">
                <Coords points="343,541 898,536 953,558 1172,531 1171,496 1131,488 342,499"/>
                <Baseline points="348,534 391,533 434,533 477,533 520,532 563,532 606,532 649,531 692,531 735,530 779,530 822,530 865,529 908,529 951,528 994,527 1037,527 1080,526 1123,525 1167,525"/>
                <TextEquiv>
                    <Unicode>Non autem adeo aperte semper manifestatur veri¬</Unicode>
                </TextEquiv>
            </TextLine>
            <TextLine id="r1l15" custom="readingOrder {index:9;}">
                <Coords points="337,587 814,583 869,604 898,581 1179,581 1149,528 1068,553 1021,534 955,556 337,559"/>
                <Baseline points="342,584 383,583 425,583 466,582 508,582 550,581 591,581 633,580 674,580 716,579 758,579 799,579 841,578 882,578 924,577 966,577 1007,577 1049,576 1090,575 1132,575 1174,574"/>
                <TextEquiv>
                    <Unicode>tas cum dicitur, Filius ante tempora genitus est de</Unicode>
                </TextEquiv>
            </TextLine>
            <TextLine id="r1l16" custom="readingOrder {index:10;}">
                <Coords points="347,640 684,660 731,632 1141,638 1178,631 1177,582 346,600"/>
                <Baseline points="352,632 393,631 434,631 475,630 516,630 557,629 598,629 639,628 680,628 721,628 762,627 803,627 844,627 885,626 926,626 967,626 1008,625 1049,625 1090,624 1131,623 1173,622"/>
                <TextEquiv>
                    <Unicode>Patre, vel Filius semper nascitur de Patre. Et ideo</Unicode>
                </TextEquiv>
            </TextLine>
            <TextLine id="r1l17" custom="readingOrder {index:11;}">
                <Coords points="342,695 1027,677 1104,697 1172,679 1172,644 341,637"/>
                <Baseline points="347,679 388,679 429,679 470,679 511,679 552,678 593,678 634,678 675,677 716,677 757,677 798,676 839,676 880,675 921,675 962,674 1003,674 1044,674 1085,673 1126,673 1167,673"/>
                <TextEquiv>
                    <Unicode>dicit Gregortus, quod non possumus dicere, semper</Unicode>
                </TextEquiv>
            </TextLine>
            <TextLine id="r1l18" custom="readingOrder {index:12;}">
                <Coords points="345,735 530,751 1174,720 1152,693 970,684 344,695"/>
                <Baseline points="350,728 390,728 431,728 472,727 513,727 554,727 595,726 636,726 677,726 718,725 759,725 799,724 840,724 881,723 922,723 963,723 1004,722 1045,721 1086,721 1127,720 1168,720"/>
                <TextEquiv>
                    <Unicode>nascitur. Non, inquam, ita conuenienter, non ita con¬</Unicode>
                </TextEquiv>
            </TextLine>
            <TextLine id="r1l19" custom="readingOrder {index:13;}">
                <Coords points="340,799 1127,788 1185,777 1185,744 415,733 340,760"/>
                <Baseline points="345,777 386,777 428,777 470,776 512,776 553,776 595,775 637,775 679,775 720,774 762,774 804,773 846,773 887,772 929,772 971,771 1013,771 1054,770 1096,769 1138,769 1180,769"/>
                <TextEquiv>
                    <Unicode>grue ad explicatione veritatis: potest tamen dici, si sa¬</Unicode>
                </TextEquiv>
            </TextLine>
            <TextLine id="r1l20" custom="readingOrder {index:14;}">
                <Coords points="344,832 485,854 512,831 1159,831 1177,779 343,799"/>
                <Baseline points="349,825 390,825 431,825 472,825 513,825 554,824 595,824 637,824 678,823 719,823 760,822 801,821 842,821 883,820 925,820 966,819 1007,819 1048,819 1089,818 1130,818 1172,818"/>
                <TextEquiv>
                    <Unicode>ne intelligatur. Semper enim nascitur Filius de Pa¬</Unicode>
                </TextEquiv>
            </TextLine>
            <TextLine id="r1l21" custom="readingOrder {index:15;}">
                <Coords points="344,894 969,871 1121,893 1179,876 1179,840 1007,822 343,850"/>
                <Baseline points="349,873 390,873 431,873 472,873 514,873 555,873 596,872 637,872 679,872 720,871 761,871 802,870 844,870 885,870 926,869 967,869 1009,868 1050,868 1091,867 1132,867 1174,866"/>
                <TextEquiv>
                    <Unicode>tre, vt ait Origen, non quod quotidie iteretur illa ge¬</Unicode>
                </TextEquiv>
            </TextLine>
            <TextLine id="r1l22" custom="readingOrder {index:16;}">
                <Coords points="348,933 840,921 1054,944 1191,917 1191,868 1139,899 1062,876 348,896"/>
                <Baseline points="354,922 395,922 437,922 478,922 520,921 562,921 603,921 645,920 686,920 728,920 770,919 811,919 853,918 894,918 936,918 978,917 1019,917 1061,917 1102,917 1144,917 1186,917"/>
                <TextEquiv>
                    <Unicode>neratio, sed quia semper est. Semper ergo nascitur, id</Unicode>
                </TextEquiv>
            </TextLine>
            <TextLine id="r1l23" custom="readingOrder {index:17;}">
                <Coords points="347,988 840,980 865,972 865,939 840,921 755,944 643,931 549,950 501,929 437,946 346,933"/>
                <Baseline points="352,973 377,972 402,972 428,972 453,971 479,971 504,971 529,970 555,970 580,970 606,969 631,969 656,968 682,968 707,968 733,967 758,967 783,967 809,966 834,966 860,966"/>
                <TextEquiv>
                    <Unicode>est, natiuitas eius sempiterna est.</Unicode>
                </TextEquiv>
            </TextLine>
            <TextLine id="r1l24" custom="readingOrder {index:18;}">
                <Coords points="580,1030 653,1023 681,1036 738,1013 761,1024 906,1033 905,965 827,985 773,979 745,1005 698,979 655,982 624,1000 580,978"/>
                <Baseline points="586,1020 612,1019 638,1017 664,1017 690,1016 716,1016 743,1016 769,1016 795,1016 821,1015 847,1015 873,1013 900,1012"/>
                <TextEquiv>
                    <Unicode>CAP. XIII</Unicode>
                </TextEquiv>
            </TextLine>
            <TextLine id="r1l25" custom="readingOrder {index:19;}">
                <Coords points="397,1084 1136,1079 1136,1035 1083,1008 795,1039 396,1025"/>
                <Baseline points="402,1070 438,1069 474,1068 511,1067 547,1067 584,1066 620,1065 657,1065 693,1065 730,1064 766,1064 802,1064 839,1064 875,1064 912,1063 948,1063 985,1063 1021,1063 1058,1062 1094,1062 1131,1062"/>
                <TextEquiv>
                    <Unicode>Quod Filius semper generatur, confirma¬</Unicode>
                </TextEquiv>
            </TextLine>
            <TextLine id="r1l26" custom="readingOrder {index:20;}">
                <Coords points="583,1118 608,1127 644,1115 678,1126 715,1119 729,1129 800,1112 922,1137 948,1124 948,1078 912,1070 883,1085 863,1068 780,1090 718,1072 675,1089 652,1079 623,1091 582,1086"/>
                <Baseline points="588,1114 613,1113 638,1112 664,1112 689,1112 714,1111 740,1111 765,1111 790,1111 816,1112 841,1112 866,1112 892,1111 917,1111 943,1111"/>
                <TextEquiv>
                    <Unicode>tur ex dictis Hilarij,</Unicode>
                </TextEquiv>
            </TextLine>
            <TextLine id="r1l27" custom="readingOrder {index:21;}">
                <Coords points="401,1176 1192,1172 1181,1118 1049,1135 976,1105 922,1138 774,1138 400,1105"/>
                <Baseline points="406,1167 445,1166 484,1164 523,1163 562,1162 601,1162 640,1161 679,1161 718,1160 757,1160 796,1160 835,1160 874,1160 913,1159 952,1159 991,1159 1030,1159 1069,1159 1108,1158 1147,1158 1187,1157"/>
                <TextEquiv>
                    <Unicode>HILARIVSquoque dicit Filium nasci ex</Unicode>
                </TextEquiv>
            </TextLine>
            <TextLine id="r1l28" custom="readingOrder {index:22;}">
                <Coords points="361,1220 586,1237 635,1212 769,1230 946,1205 1186,1228 1186,1163 444,1188 361,1162"/>
                <Baseline points="366,1215 406,1214 447,1212 488,1211 529,1211 569,1210 610,1209 651,1209 692,1209 732,1209 773,1208 814,1208 855,1208 895,1209 936,1209 977,1209 1018,1209 1058,1209 1099,1209 1140,1209 1181,1208"/>
                <TextEquiv>
                    <Unicode>Patre, in lib. I. de Trinit. his verbis, Viues Deus, &amp;</Unicode>
                </TextEquiv>
            </TextLine>
            <TextLine id="r1l31" custom="readingOrder {index:23;}">
                <Coords points="357,1273 1182,1269 1182,1226 1154,1217 357,1224"/>
                <Baseline points="363,1263 403,1261 444,1260 485,1259 525,1259 566,1258 607,1258 647,1258 688,1257 729,1257 770,1257 810,1257 851,1257 892,1257 932,1257 973,1257 1014,1257 1054,1257 1095,1256 1136,1255 1177,1255"/>
                <TextEquiv>
                    <Unicode>naturae aeternae viuentis potestas est: &amp; quod cum sa¬</Unicode>
                </TextEquiv>
            </TextLine>
            <TextLine id="r1l33" custom="readingOrder {index:24;}">
                <Coords points="365,1324 736,1305 996,1331 1182,1315 1194,1257 1109,1281 853,1263 811,1285 750,1262 713,1285 441,1265 364,1284"/>
                <Baseline points="370,1311 413,1310 456,1309 499,1308 542,1308 585,1307 628,1307 671,1306 714,1306 757,1306 801,1306 844,1305 887,1305 930,1305 973,1305 1016,1304 1059,1304 1102,1304 1145,1303 1189,1303"/>
                <TextEquiv>
                    <Unicode>cramento scientiae suae ex eo nascitur, non potuit aliud</Unicode>
                </TextEquiv>
            </TextLine>
            <TextLine id="r1l36" custom="readingOrder {index:25;}">
                <Coords points="364,1376 1152,1365 1197,1357 1197,1315 806,1339 534,1314 363,1338"/>
                <Baseline points="369,1361 410,1360 451,1359 492,1358 533,1358 574,1357 615,1356 657,1356 698,1355 739,1355 780,1355 821,1355 862,1354 903,1354 945,1354 986,1354 1027,1353 1068,1353 1109,1353 1150,1352 1192,1352"/>
                <TextEquiv>
                    <Unicode>esse quam viues. Nam cum ait, Sicut misit me utves</Unicode>
                </TextEquiv>
            </TextLine>
            <TextLine id="r1l38" custom="readingOrder {index:26;}">
                <Coords points="366,1416 1198,1417 1198,1366 365,1375"/>
                <Baseline points="371,1409 412,1408 453,1407 494,1406 535,1406 576,1405 617,1405 658,1404 699,1404 740,1403 782,1403 823,1403 864,1402 905,1402 946,1402 987,1402 1028,1401 1069,1401 1110,1401 1151,1401 1193,1401"/>
                <TextEquiv>
                    <Unicode>Pater, &amp; ego viuo propter Patre: docuit vitam in se</Unicode>
                </TextEquiv>
            </TextLine>
            <TextLine id="r1l41" custom="readingOrder {index:27;}">
                <Coords points="365,1465 1205,1455 1204,1414 1118,1407 365,1419"/>
                <Baseline points="370,1457 411,1456 452,1456 494,1455 535,1455 577,1454 618,1454 660,1453 701,1453 743,1452 784,1452 825,1451 867,1451 908,1451 950,1450 991,1450 1033,1450 1074,1450 1116,1449 1157,1449 1199,1449"/>
                <TextEquiv>
                    <Unicode>per viuentem Patrem inesse. Ecce hic habes, quia</Unicode>
                </TextEquiv>
            </TextLine>
            <TextLine id="r1l43" custom="readingOrder {index:28;}">
                <Coords points="361,1517 816,1504 909,1528 1202,1502 1201,1460 1152,1456 1070,1479 973,1456 886,1479 361,1477"/>
                <Baseline points="366,1506 407,1505 449,1504 490,1504 532,1503 573,1503 615,1502 656,1502 698,1501 739,1501 781,1501 822,1500 864,1500 905,1500 947,1500 988,1499 1030,1499 1071,1498 1113,1498 1154,1497 1196,1497"/>
                <TextEquiv>
                    <Unicode>Filius nascitur ex Patre. Itemaueodem, cum dicie</Unicode>
                </TextEquiv>
            </TextLine>
            <TextLine id="r1l46" custom="readingOrder {index:29;}">
                <Coords points="365,1567 1204,1549 1203,1517 1165,1504 909,1528 365,1514"/>
                <Baseline points="370,1554 411,1554 452,1553 494,1553 535,1552 577,1552 618,1551 659,1551 701,1550 742,1550 784,1549 825,1549 866,1549 908,1548 949,1548 991,1547 1032,1547 1073,1546 1115,1546 1156,1546 1198,1546"/>
                <TextEquiv>
                    <Unicode>Christus, sicut Pater habet vitam in se, sic &amp; Filio</Unicode>
                </TextEquiv>
            </TextLine>
            <TextLine id="r1l48" custom="readingOrder {index:30;}">
                <Coords points="365,1614 1143,1609 1199,1604 1199,1563 364,1567"/>
                <Baseline points="370,1602 411,1602 452,1601 493,1601 534,1600 576,1600 617,1599 658,1599 699,1599 740,1598 782,1598 823,1597 864,1597 905,1597 946,1596 988,1596 1029,1596 1070,1595 1111,1595 1152,1595 1194,1594"/>
                <TextEquiv>
                    <Unicode>dedit vitam habere insemetipso: omnia viua sua ex</Unicode>
                </TextEquiv>
            </TextLine>
            <TextLine id="r1l50" custom="readingOrder {index:31;}">
                <Coords points="355,1660 1186,1663 1204,1616 354,1628"/>
                <Baseline points="360,1650 404,1650 448,1649 492,1649 536,1648 580,1648 624,1648 669,1647 713,1647 757,1646 801,1646 845,1645 889,1645 934,1645 978,1644 1022,1644 1066,1643 1110,1643 1154,1643 1199,1642"/>
                <TextEquiv>
                    <Unicode>viuete testatus est Quod autem ex viuo viuum natum </Unicode>
                </TextEquiv>
            </TextLine>
            <TextLine id="r1l51" custom="readingOrder {index:32;}">
                <Coords points="354,1709 1195,1699 1194,1662 1157,1657 354,1659"/>
                <Baseline points="359,1699 400,1699 442,1698 483,1698 525,1697 566,1697 608,1696 649,1696 691,1695 732,1695 774,1694 815,1694 857,1694 898,1694 940,1693 981,1693 1023,1693 1064,1693 1106,1693 1147,1693 1189,1693"/>
                <TextEquiv>
                    <Unicode>est, habet natiuitatis profectum sine nouitate naturae¬</Unicode>
                </TextEquiv>
            </TextLine>
            <TextLine id="r1l52" custom="readingOrder {index:33;}">
                <Coords points="347,1760 781,1746 926,1775 976,1746 1199,1748 1199,1713 346,1709"/>
                <Baseline points="352,1748 394,1747 436,1746 478,1745 520,1745 562,1744 604,1744 646,1743 688,1743 730,1743 773,1742 815,1742 857,1742 899,1742 941,1742 983,1741 1025,1741 1067,1740 1109,1740 1151,1739 1194,1738"/>
                <TextEquiv>
                    <Unicode>Non enim nouum est quod ex viuo generatur in vi¬</Unicode>
                </TextEquiv>
            </TextLine>
            <TextLine id="r1l53" custom="readingOrder {index:34;}">
                <Coords points="349,1824 750,1798 846,1825 1016,1798 1073,1818 1203,1803 1203,1760 348,1774"/>
                <Baseline points="354,1798 396,1797 438,1796 480,1796 522,1795 565,1795 607,1794 649,1794 691,1794 733,1794 776,1793 818,1793 860,1793 902,1793 944,1793 987,1793 1029,1792 1071,1792 1113,1791 1155,1791 1198,1790"/>
                <TextEquiv>
                    <Unicode>um, quia nec ex nibilo est : &amp; vita quae natiuitatem </Unicode>
                </TextEquiv>
            </TextLine>
            <TextEquiv>
                <Unicode>inatus este Ilud enim sincera &amp; catholica fides tenet
ac praedicat, vt istud. Quare ergo, ait, dicamus ve¬
rius, cum vtrunque pariter sit verum: nisi quia vo¬
lebat intelligi hoc ad maiorem euidentiam &amp; expres¬
sionem veritatis dici, quam illude His etenim uer¬
bis omnis ealumniandi versutis haereticis obstruitur a¬
ditus, quibus Christi secundum deitatem generatio
sine initio, &amp; sine fine esse, ac perfecta monstratur.
Non autem adeo aperte semper manifestatur veri¬
tas cum dicitur, Filius ante tempora genitus est de
Patre, vel Filius semper nascitur de Patre. Et ideo
dicit Gregortus, quod non possumus dicere, semper
nascitur. Non, inquam, ita conuenienter, non ita con¬
grue ad explicatione veritatis: potest tamen dici, si sa¬
ne intelligatur. Semper enim nascitur Filius de Pa¬
tre, vt ait Origen, non quod quotidie iteretur illa ge¬
neratio, sed quia semper est. Semper ergo nascitur, id
est, natiuitas eius sempiterna est.
CAP. XIII
Quod Filius semper generatur, confirma¬
tur ex dictis Hilarij,
HILARIVSquoque dicit Filium nasci ex
Patre, in lib. I. de Trinit. his verbis, Viues Deus, &amp;
naturae aeternae viuentis potestas est: &amp; quod cum sa¬
cramento scientiae suae ex eo nascitur, non potuit aliud
esse quam viues. Nam cum ait, Sicut misit me utves
Pater, &amp; ego viuo propter Patre: docuit vitam in se
per viuentem Patrem inesse. Ecce hic habes, quia
Filius nascitur ex Patre. Itemaueodem, cum dicie
Christus, sicut Pater habet vitam in se, sic &amp; Filio
dedit vitam habere insemetipso: omnia viua sua ex
viuete testatus est Quod autem ex viuo viuum natum 
est, habet natiuitatis profectum sine nouitate naturae¬
Non enim nouum est quod ex viuo generatur in vi¬
um, quia nec ex nibilo est : &amp; vita quae natiuitatem </Unicode>
            </TextEquiv>
        </TextRegion>
    </Page>
</PcGts>
