<?xml version="1.0" encoding="UTF-8" standalone="yes"?>
<PcGts xmlns="http://schema.primaresearch.org/PAGE/gts/pagecontent/2013-07-15" xmlns:xsi="http://www.w3.org/2001/XMLSchema-instance" xsi:schemaLocation="http://schema.primaresearch.org/PAGE/gts/pagecontent/2013-07-15 http://schema.primaresearch.org/PAGE/gts/pagecontent/2013-07-15/pagecontent.xsd">
    <Metadata>
        <Creator>prov=University of Rostock/Institute of Mathematics/CITlab|PLANET AI GmbH/Gundram Leifert/gundram.leifert@planet-ai.de:name=Geneva1580-m2(htr_id=30020)::::v=2.6.7
prov=University of Rostock/Institute of Mathematics/CITlab|PLANET AI GmbH/Tobias Gruening/tobias.gruening@planet-ai.de:name=de.uros.citlab.module.baseline2polygon.B2PSeamMultiOriented:v=2.6.7
prov=University of Rostock/Institute of Mathematics/CITlab|PLANET AI GmbH/Tobias Gruening/tobias.gruening@planet-ai.de:name=/net_tf/LA73_249_0mod360.pb:de.uros.citlab.segmentation.CITlab_LA_ML:v=2.6.6
Transkribus</Creator>
        <Created>2021-01-20T13:54:48.445+01:00</Created>
        <LastChange>2021-02-10T15:01:29.145+01:00</LastChange>
        <TranskribusMetadata docId="576385" pageId="23671777" pageNr="272" tsid="52347422" status="IN_PROGRESS" userId="25065" imgUrl="https://files.transkribus.eu/Get?id=ZVDNWNAAZRFKDWBPQPAIGTME&amp;fileType=view" xmlUrl="https://files.transkribus.eu/Get?id=UEUFEVSISFXAIIVFPEHZQMVO" imageId="18180591"/>
    </Metadata>
    <Page imageFilename="271.jpg" imageWidth="1275" imageHeight="2037">
        <ReadingOrder>
            <OrderedGroup id="ro_1612985980037" caption="Regions reading order">
                <RegionRefIndexed index="0" regionRef="r1"/>
            </OrderedGroup>
        </ReadingOrder>
        <TextRegion orientation="0.0" id="r1" custom="readingOrder {index:0;}">
            <Coords points="311,53 311,1789 1175,1789 1175,53"/>
            <TextLine id="r1l3" custom="readingOrder {index:0;}">
                <Coords points="313,156 1147,142 1124,84 780,117 590,96 456,120 312,92"/>
                <Baseline points="318,147 359,147 400,147 441,147 482,147 524,147 565,146 606,145 647,145 688,144 730,143 771,142 812,141 853,141 894,140 936,139 977,138 1018,138 1059,137 1100,137 1142,137"/>
                <TextEquiv>
                    <Unicode>iis ipsis recitandis quaedam (in dispunctionibus</Unicode>
                </TextEquiv>
            </TextLine>
            <TextLine id="r1l4" custom="readingOrder {index:1;}">
                <Coords points="313,217 1141,194 1140,165 1036,144 907,174 721,151 313,161"/>
                <Baseline points="318,195 358,195 399,195 440,195 481,194 522,194 563,194 604,193 645,192 686,191 727,191 767,190 808,189 849,189 890,188 931,188 972,188 1013,187 1054,187 1095,188 1136,188"/>
                <TextEquiv>
                    <Unicode>praesertim) ab isto sint immutata. Sic in seque</Unicode>
                </TextEquiv>
            </TextLine>
            <TextLine id="r1l5" custom="readingOrder {index:2;}">
                <Coords points="315,252 1145,237 1144,205 1042,194 315,217"/>
                <Baseline points="320,243 361,243 402,243 443,243 484,243 525,242 566,241 607,241 648,240 689,240 730,239 771,238 812,238 853,237 894,236 935,235 976,235 1017,235 1058,234 1099,234 1140,234"/>
                <TextEquiv>
                    <Unicode>ti capite, &amp; testimonio ex eodem Ambrosio de¬</Unicode>
                </TextEquiv>
            </TextLine>
            <TextLine id="r1l6" custom="readingOrder {index:3;}">
                <Coords points="313,307 1146,285 1145,258 1010,240 761,265 312,253"/>
                <Baseline points="318,292 359,292 400,291 441,291 482,291 523,290 564,290 605,290 646,289 687,288 729,287 770,287 811,286 852,285 893,285 934,284 975,283 1016,283 1057,282 1098,282 1140,282"/>
                <TextEquiv>
                    <Unicode>scripto ipsa Ambrosianae orationis series ne¬</Unicode>
                </TextEquiv>
            </TextLine>
            <TextLine id="r1l7" custom="readingOrder {index:4;}">
                <Coords points="313,347 402,365 560,339 944,336 995,357 1151,336 1150,303 1100,287 1062,310 824,290 312,306"/>
                <Baseline points="318,340 359,340 400,339 442,339 483,338 525,338 566,337 607,337 649,336 690,336 732,335 773,335 814,335 856,334 897,334 939,333 980,332 1021,332 1063,331 1104,331 1146,330"/>
                <TextEquiv>
                    <Unicode>quaquam est retenta. Quod tamen quia citra</Unicode>
                </TextEquiv>
            </TextLine>
            <TextLine id="r1l8" custom="readingOrder {index:5;}">
                <Coords points="316,408 538,417 684,390 900,413 931,386 1153,384 1152,351 1113,339 315,351"/>
                <Baseline points="321,389 362,388 403,388 445,387 486,386 527,386 569,385 610,385 651,384 693,384 734,383 775,383 817,382 858,382 899,381 941,381 982,380 1023,380 1065,379 1106,378 1148,378"/>
                <TextEquiv>
                    <Unicode>sententiae dispendium factum est, non annota¬</Unicode>
                </TextEquiv>
            </TextLine>
            <TextLine id="r1l9" custom="readingOrder {index:6;}">
                <Coords points="312,450 334,453 349,443 365,443 393,451 410,441 457,447 457,419 431,405 410,412 380,398 370,404 354,396 339,404 312,400"/>
                <Baseline points="317,437 344,438 371,437 398,436 425,436 452,438"/>
                <TextEquiv>
                    <Unicode>uimus.</Unicode>
                </TextEquiv>
            </TextLine>
            <TextLine id="r1l11" custom="readingOrder {index:7;}">
                <Coords points="488,492 531,504 553,489 581,502 616,488 659,504 728,499 774,469 807,492 932,493 931,432 909,423 799,443 725,419 655,445 632,435 591,452 488,452"/>
                <Baseline points="493,485 518,484 544,484 569,484 595,483 620,483 646,483 671,482 697,482 722,481 748,481 773,480 799,480 824,479 850,479 875,478 901,478 927,477"/>
                <TextEquiv>
                    <Unicode>AD CAP. VIII</Unicode>
                </TextEquiv>
            </TextLine>
            <TextLine id="r1l12" custom="readingOrder {index:8;}">
                <Coords points="386,550 1120,549 1151,545 1151,500 1004,478 741,519 454,493 386,521"/>
                <Baseline points="391,544 428,544 466,544 504,544 542,544 579,544 617,544 655,544 693,543 730,543 768,542 806,542 844,541 881,541 919,540 957,539 995,539 1032,539 1070,538 1108,538 1146,538"/>
                <TextEquiv>
                    <Unicode>Vnde Isaias. Haec verba de suo hic addit</Unicode>
                </TextEquiv>
            </TextLine>
            <TextLine id="r1l13" custom="readingOrder {index:9;}">
                <Coords points="307,599 1144,599 1144,568 1072,548 307,559"/>
                <Baseline points="312,595 353,595 394,595 436,594 477,594 518,593 560,593 601,593 642,592 684,591 725,591 766,590 808,590 849,589 890,589 932,588 973,588 1014,587 1056,587 1097,587 1139,587"/>
                <TextEquiv>
                    <Unicode>Lombardus. Neque enim habentur apud Am¬</Unicode>
                </TextEquiv>
            </TextLine>
            <TextLine id="r1l14" custom="readingOrder {index:10;}">
                <Coords points="312,652 1152,650 1151,611 1117,600 664,595 616,618 569,598 493,621 311,601"/>
                <Baseline points="317,644 358,644 400,643 441,643 483,642 524,641 566,641 607,640 649,639 690,639 732,638 773,638 815,638 856,637 898,637 939,636 981,636 1022,636 1064,636 1105,636 1147,636"/>
                <TextEquiv>
                    <Unicode>brosium, &amp; alium sensum habent, quam eum,</Unicode>
                </TextEquiv>
            </TextLine>
            <TextLine id="r1l15" custom="readingOrder {index:11;}">
                <Coords points="316,704 1151,692 1150,652 1075,641 315,654"/>
                <Baseline points="321,691 362,691 403,691 444,690 485,690 527,689 568,689 609,689 650,688 691,688 733,687 774,687 815,686 856,686 897,685 939,685 980,684 1021,684 1062,683 1103,682 1145,681"/>
                <TextEquiv>
                    <Unicode>quem affert hic Lombardus, sed ab Augustino</Unicode>
                </TextEquiv>
            </TextLine>
            <TextLine id="r1l16" custom="readingOrder {index:12;}">
                <Coords points="318,762 961,736 1144,756 1152,692 317,705"/>
                <Baseline points="323,743 364,742 405,741 446,740 487,739 529,738 570,738 611,737 652,737 693,736 735,736 776,735 817,735 858,734 899,734 941,733 982,733 1023,732 1064,732 1105,731 1147,731"/>
                <TextEquiv>
                    <Unicode>lib. I. de Symbolo ad Catechum. est mutuatus.</Unicode>
                </TextEquiv>
            </TextLine>
            <TextLine id="r1l18" custom="readingOrder {index:13;}">
                <Coords points="496,824 582,822 616,796 650,816 736,803 896,826 903,750 796,781 743,761 691,774 668,760 608,784 577,761 496,782"/>
                <Baseline points="501,807 527,807 554,806 580,806 607,805 633,805 660,805 686,805 713,805 739,804 766,804 792,804 819,804 845,803 872,803 899,802"/>
                <TextEquiv>
                    <Unicode>AD CAP. IX</Unicode>
                </TextEquiv>
            </TextLine>
            <TextLine id="r1l19" custom="readingOrder {index:14;}">
                <Coords points="425,877 931,880 992,861 1087,882 1157,857 1157,817 424,832"/>
                <Baseline points="430,869 466,868 502,866 538,865 574,864 610,864 646,863 682,862 718,862 754,862 791,861 827,861 863,861 899,860 935,860 971,859 1007,859 1043,858 1079,858 1115,857 1152,856"/>
                <TextEquiv>
                    <Unicode>Qui sapissime. Hieronym. neque ex pro¬</Unicode>
                </TextEquiv>
            </TextLine>
            <TextLine id="r1l21" custom="readingOrder {index:15;}">
                <Coords points="322,930 1155,905 1148,869 545,891 321,873"/>
                <Baseline points="327,917 368,917 409,916 450,915 491,914 532,914 573,913 615,912 656,911 697,911 738,910 779,909 820,909 861,908 903,908 944,907 985,907 1026,906 1067,905 1108,905 1150,905"/>
                <TextEquiv>
                    <Unicode>fesso illic, vnde sumit iste, locum lsaiae decla¬</Unicode>
                </TextEquiv>
            </TextLine>
            <TextLine id="r1l22" custom="readingOrder {index:16;}">
                <Coords points="321,978 1158,973 1158,927 321,938"/>
                <Baseline points="326,966 367,965 408,964 450,963 491,962 532,961 574,960 615,960 656,959 698,959 739,958 780,957 822,957 863,956 904,956 946,955 987,955 1028,954 1070,954 1111,954 1153,953"/>
                <TextEquiv>
                    <Unicode>rat: neque isti Lombardi interpretationi fauet, </Unicode>
                </TextEquiv>
            </TextLine>
            <TextLine id="r1l23" custom="readingOrder {index:17;}">
                <Coords points="323,1023 1150,1016 1149,973 1115,968 323,976"/>
                <Baseline points="328,1014 368,1013 409,1012 450,1011 491,1011 532,1010 573,1009 613,1008 654,1007 695,1007 736,1006 777,1005 818,1005 859,1004 899,1004 940,1003 981,1003 1022,1002 1063,1002 1104,1002 1145,1002"/>
                <TextEquiv>
                    <Unicode>imo eam euertit. Verba Hierony. ex commen¬</Unicode>
                </TextEquiv>
            </TextLine>
            <TextLine id="r1l24" custom="readingOrder {index:18;}">
                <Coords points="330,1073 1094,1067 1170,1060 1169,1016 329,1033"/>
                <Baseline points="335,1062 376,1061 418,1061 459,1060 501,1059 542,1058 584,1057 625,1056 667,1055 708,1054 750,1053 791,1053 833,1052 874,1052 916,1051 957,1051 999,1050 1040,1050 1082,1050 1123,1050 1165,1051"/>
                <TextEquiv>
                    <Unicode>tario in cap. 2. Ecclesiastae haec sunt circa finem.</Unicode>
                </TextEquiv>
            </TextLine>
            <TextLine id="r1l25" custom="readingOrder {index:19;}">
                <Coords points="326,1116 1165,1120 1166,1075 325,1073"/>
                <Baseline points="331,1111 372,1110 414,1109 455,1108 497,1107 538,1106 580,1105 621,1104 663,1103 704,1103 746,1102 787,1101 829,1100 870,1100 912,1100 953,1099 995,1099 1036,1098 1078,1098 1119,1098 1161,1098"/>
                <TextEquiv>
                    <Unicode>Sed Verba ipsa Ecclesiastae primum proponit</Unicode>
                </TextEquiv>
            </TextLine>
            <TextLine id="r1l26" custom="readingOrder {index:20;}">
                <Coords points="319,1170 1162,1158 1161,1116 1116,1103 1068,1125 318,1119"/>
                <Baseline points="324,1158 365,1157 407,1156 448,1155 490,1154 532,1153 573,1153 615,1152 657,1151 698,1151 740,1150 782,1149 823,1149 865,1148 907,1148 948,1147 990,1147 1032,1146 1073,1146 1115,1146 1157,1145"/>
                <TextEquiv>
                    <Unicode>Hieronvmus, Quis cognoscit, Spiritus filiorum ho¬</Unicode>
                </TextEquiv>
            </TextLine>
            <TextLine id="r1l27" custom="readingOrder {index:21;}">
                <Coords points="325,1216 1156,1216 1168,1157 1038,1177 693,1158 636,1181 472,1159 325,1190"/>
                <Baseline points="330,1206 371,1205 413,1204 454,1203 496,1202 538,1201 579,1200 621,1200 663,1199 704,1199 746,1198 788,1198 829,1197 871,1197 913,1197 954,1196 996,1196 1038,1195 1079,1195 1121,1194 1163,1193"/>
                <TextEquiv>
                    <Unicode>minum si ascendat ipse sursum: &amp; Spiritus iumenti</Unicode>
                </TextEquiv>
            </TextLine>
            <TextLine id="r1l28" custom="readingOrder {index:22;}">
                <Coords points="332,1273 850,1247 1149,1262 1158,1216 331,1216"/>
                <Baseline points="336,1255 376,1253 417,1253 458,1251 499,1251 540,1250 581,1249 621,1248 662,1247 703,1247 744,1246 785,1246 826,1245 867,1245 907,1244 948,1244 989,1244 1030,1244 1071,1244 1112,1244 1153,1245"/>
                <TextEquiv>
                    <Unicode>si d escendat ipse deorsum in terram. Deinde ea ex¬</Unicode>
                </TextEquiv>
            </TextLine>
            <TextLine id="r1l29" custom="readingOrder {index:23;}">
                <Coords points="329,1324 481,1301 1159,1302 1158,1265 1079,1253 329,1277"/>
                <Baseline points="334,1302 377,1301 420,1301 463,1300 506,1299 549,1298 592,1297 635,1297 678,1296 721,1296 765,1295 808,1295 851,1294 894,1294 937,1293 980,1293 1023,1293 1066,1293 1109,1292 1153,1292"/>
                <TextEquiv>
                    <Unicode>ponit, Non inter pecudes, &amp; hominem secundum a¬</Unicode>
                </TextEquiv>
            </TextLine>
            <TextLine id="r1l30" custom="readingOrder {index:24;}">
                <Coords points="324,1365 975,1344 1140,1368 1159,1304 323,1327"/>
                <Baseline points="329,1350 370,1349 411,1348 452,1347 494,1346 535,1346 576,1345 617,1345 659,1344 700,1344 741,1343 782,1343 824,1343 865,1342 906,1342 947,1342 989,1342 1030,1341 1071,1341 1112,1341 1154,1341"/>
                <TextEquiv>
                    <Unicode>himae dignitatem nihil interesse contendit: sed adij¬</Unicode>
                </TextEquiv>
            </TextLine>
            <TextLine id="r1l31" custom="readingOrder {index:25;}">
                <Coords points="332,1412 1118,1408 1158,1402 1158,1367 1093,1345 841,1372 331,1362"/>
                <Baseline points="337,1398 377,1398 418,1397 459,1397 500,1396 541,1396 581,1395 622,1394 663,1394 704,1393 745,1393 785,1392 826,1391 867,1391 908,1391 949,1390 989,1390 1030,1389 1071,1389 1112,1389 1153,1389"/>
                <TextEquiv>
                    <Unicode>cienda, Quis, difficultatem rei voluit demonstrare.</Unicode>
                </TextEquiv>
            </TextLine>
            <TextLine id="r1l32" custom="readingOrder {index:26;}">
                <Coords points="331,1460 1173,1447 1162,1402 331,1412"/>
                <Baseline points="336,1449 377,1447 419,1446 460,1445 502,1444 543,1444 585,1443 626,1442 668,1442 709,1441 751,1441 793,1440 834,1440 876,1439 917,1439 959,1439 1000,1438 1042,1438 1083,1438 1125,1437 1167,1437"/>
                <TextEquiv>
                    <Unicode>Pronomen enim Quis in scripturis Sanctis non pro</Unicode>
                </TextEquiv>
            </TextLine>
            <TextLine id="r1l33" custom="readingOrder {index:27;}">
                <Coords points="328,1510 801,1513 869,1486 942,1513 993,1491 1080,1507 1162,1499 1162,1454 328,1456"/>
                <Baseline points="333,1496 374,1496 415,1495 456,1495 497,1494 539,1493 580,1493 621,1492 662,1491 703,1490 745,1490 786,1489 827,1488 868,1488 909,1487 951,1487 992,1487 1033,1487 1074,1487 1115,1487 1157,1487"/>
                <TextEquiv>
                    <Unicode>impossibili, sed pro difficilisemper accipitur, vt ibi¬</Unicode>
                </TextEquiv>
            </TextLine>
            <TextLine id="r1l34" custom="readingOrder {index:28;}">
                <Coords points="333,1567 1171,1546 1170,1506 1028,1495 332,1519"/>
                <Baseline points="338,1542 379,1543 420,1543 462,1542 503,1542 545,1542 586,1541 627,1540 669,1540 710,1539 752,1538 793,1537 834,1536 876,1536 917,1535 959,1535 1000,1535 1041,1535 1083,1535 1124,1535 1166,1536"/>
                <TextEquiv>
                    <Unicode>generationem eius quis enarrabit: &amp; in Psalmo 1a¬</Unicode>
                </TextEquiv>
            </TextLine>
            <TextLine id="r1l35" custom="readingOrder {index:29;}">
                <Coords points="339,1605 1169,1607 1169,1549 1026,1571 892,1540 659,1567 339,1555"/>
                <Baseline points="345,1592 388,1592 431,1591 474,1590 517,1590 560,1589 603,1588 646,1588 689,1587 732,1586 776,1586 819,1585 862,1585 905,1584 948,1584 991,1583 1034,1583 1077,1583 1120,1583 1164,1582"/>
                <TextEquiv>
                    <Unicode>Domine quis habitabit in tabernaculo tuo, &amp;c. Ex</Unicode>
                </TextEquiv>
            </TextLine>
            <TextLine id="r1l36" custom="readingOrder {index:30;}">
                <Coords points="334,1651 1178,1641 1177,1611 1080,1592 334,1606"/>
                <Baseline points="339,1641 380,1641 422,1640 463,1640 505,1640 547,1639 588,1638 630,1638 672,1637 713,1636 755,1636 797,1635 838,1634 880,1633 922,1633 963,1632 1005,1632 1047,1631 1088,1631 1130,1631 1172,1631"/>
                <TextEquiv>
                    <Unicode>quo apparet primum vocem Semper a Lom¬</Unicode>
                </TextEquiv>
            </TextLine>
            <TextLine id="r1l37" custom="readingOrder {index:31;}">
                <Coords points="345,1712 1171,1686 1145,1643 1037,1662 648,1643 468,1669 344,1650"/>
                <Baseline points="350,1690 390,1689 431,1689 472,1688 513,1687 553,1686 594,1686 635,1685 676,1684 716,1684 757,1683 798,1682 839,1682 879,1681 920,1681 961,1680 1002,1680 1042,1680 1083,1680 1124,1679 1165,1679"/>
                <TextEquiv>
                    <Unicode>bardo in Saepissime, esse commutatam: deinde</Unicode>
                </TextEquiv>
            </TextLine>
            <TextLine id="r1l38" custom="readingOrder {index:32;}">
                <Coords points="347,1774 483,1744 548,1772 654,1741 756,1766 852,1731 1181,1740 1180,1697 1134,1686 346,1712"/>
                <Baseline points="352,1738 393,1738 434,1737 475,1737 516,1737 557,1736 598,1735 640,1734 681,1734 722,1733 763,1732 804,1731 845,1730 886,1730 928,1729 969,1729 1010,1728 1051,1728 1092,1728 1133,1728 1175,1729"/>
                <TextEquiv>
                    <Unicode>quam ex mente Hieronymi solutionem affert</Unicode>
                </TextEquiv>
            </TextLine>
            <TextEquiv>
                <Unicode>iis ipsis recitandis quaedam (in dispunctionibus
praesertim) ab isto sint immutata. Sic in seque
ti capite, &amp; testimonio ex eodem Ambrosio de¬
scripto ipsa Ambrosianae orationis series ne¬
quaquam est retenta. Quod tamen quia citra
sententiae dispendium factum est, non annota¬
uimus.
AD CAP. VIII
Vnde Isaias. Haec verba de suo hic addit
Lombardus. Neque enim habentur apud Am¬
brosium, &amp; alium sensum habent, quam eum,
quem affert hic Lombardus, sed ab Augustino
lib. I. de Symbolo ad Catechum. est mutuatus.
AD CAP. IX
Qui sapissime. Hieronym. neque ex pro¬
fesso illic, vnde sumit iste, locum lsaiae decla¬
rat: neque isti Lombardi interpretationi fauet, 
imo eam euertit. Verba Hierony. ex commen¬
tario in cap. 2. Ecclesiastae haec sunt circa finem.
Sed Verba ipsa Ecclesiastae primum proponit
Hieronvmus, Quis cognoscit, Spiritus filiorum ho¬
minum si ascendat ipse sursum: &amp; Spiritus iumenti
si d escendat ipse deorsum in terram. Deinde ea ex¬
ponit, Non inter pecudes, &amp; hominem secundum a¬
himae dignitatem nihil interesse contendit: sed adij¬
cienda, Quis, difficultatem rei voluit demonstrare.
Pronomen enim Quis in scripturis Sanctis non pro
impossibili, sed pro difficilisemper accipitur, vt ibi¬
generationem eius quis enarrabit: &amp; in Psalmo 1a¬
Domine quis habitabit in tabernaculo tuo, &amp;c. Ex
quo apparet primum vocem Semper a Lom¬
bardo in Saepissime, esse commutatam: deinde
quam ex mente Hieronymi solutionem affert</Unicode>
            </TextEquiv>
        </TextRegion>
    </Page>
</PcGts>
