1299 2036
167 96 1013 166 Lombardus, nempe Generationem filij aeternam a
170 159 1012 217 quoquam mortalium plane intelligi vel explicari no
169 201 1006 260 posse, sed tantum ex parte, eam non esse Hiero¬
179 258 1018 319 nvmi sententiam, imo ex vocabulo Quis docet
165 292 1019 355 Hieronymus eam enarrationem non impossi¬
178 344 888 425 bilem nobis, sed tantum difficilem esse.
385 414 752 495 AD CAP. X.
297 488 1010 565 Et semper dicamus. Et, particula addita
180 546 1000 607 est, sed recte : & fortasse in ipso prototypo in¬
186 592 563 657 curia librorum deest.
215 638 1011 698 2 AEternitatem quanuis. Hic praetermissa
172 700 1014 749 aut potius de industria detracta est pulcherrima
176 741 995 793 Gregorij sententia, vt sequ scholio apparebit.
290 777 1010 846 Sed balbutiendo, vt possumts, excelsa Dei
173 835 1000 892 resonemus. Addita & inserta est ad Gregorij te¬
181 879 992 956 stinionium tota haec sententia. Nam quae se
179 928 1002 989 quuntur, Et Dominus, &c. sunt Gregorij. Ita¬
180 987 1018 1050 que quoniam alibi quoque varie vulneratus est
178 1031 998 1084 ab isto hic locus, totum, qualis natiuus est, re¬
176 1084 1000 1142 praesento, Dominus Deus noster (hanc vocem o
174 1131 996 1184 misit Lombardus) Iesus Christus (& hanc quo¬
172 1174 997 1235 que) ln eo quod virtus & sapientia Dei est: vel po¬
170 1219 1004 1287 tius, quia nec coepit nasci, nec desiit, dicamus verius,
167 1275 1005 1327 semper natus. Non autem possumus dicere, semper
173 1318 1001 1379 nascitur, ne imperfectus videatur. At vero vt aeter¬
168 1366 1010 1431 nus designari valeat, & perfectus, semper dicamus,
172 1414 999 1487 lege & semper, & natus: quatenus & natus ad per¬
165 1460 1006 1521 fectionem pertineat: & semper ad aeternitatem, vt
165 1521 1003 1582 quocunque modo illa essentia sine tempore tempora¬
166 1558 1009 1612 li valeat designari sermone. Hoc totum est omis¬
166 1608 1003 1678 sum a Lombardo, quauis hoc ipso quod perfectum dici¬
164 1654 1008 1724 mus, multum ab illius veritatis expressione deuiamus,
176 1707 1004 1776 quia quod factum non est, non potest dici perfectum. Et
