1295 2036
145 119 989 178 lium. Quod vero dixit, Filius meus es tu, ego hodie
151 179 996 234 genui te, nihil aliud manifestat nisi quia ex ipsa essen
144 224 990 277 tia Patris est genitus. Sicut enim esse dicitur ex prae¬
149 268 986 324 senti tempore, (sic quippe magis de Deo dici conue¬
144 319 983 385 nit) ita quod dictum est, hodie, praesentis est tempo¬
144 376 991 423 ris. Potest tamen & secundum camem hoc accipi
149 414 979 488 dictum. Haec Chrysostomus Homil. 2. in epi¬
153 467 994 545 stolam ad Hebraeos: quae quid ad Lombardi
154 510 383 591 Rhombum¬
337 586 717 664 AD CAP. XI
254 652 979 714 Saluator ergo noster splendor est claritatis.
140 696 980 774 Sic primum habet Origenes in fine Homil. &
145 762 974 810 in Hieremiam, Omnis qui peccatum facit ex Za¬
143 809 970 869 bulo (Diabolum olim Zabulum vocauerunt lin¬
146 867 976 918 guae blaesae vitio Gochi) natus est, toties ex Ga¬
149 898 979 956 bulo nascimur quoties peccamus. Infelix ille qui ge¬
147 953 972 1006 neratur a Zabulo. Rursumque multum beatus, qui
138 1001 974 1069 semper ex Deo nascitur. Neque enim semel dicam
137 1059 967 1104 iustum ex Deo natum, sed per singula virtutis ope¬
140 1103 969 1160 ra semper iustus nascitur ex Deo. Hoc aute vt ple¬
138 1156 958 1210 nius possit probari etiam de Saluatoris nostri quoti¬
133 1195 964 1249 diana natiuitate dicimus, liquido id in iustis obti¬
138 1255 970 1297 nentes, quod in Domino praecesserit. Ex his intelli¬
133 1307 969 1363 gitur cur de natiuitate Filij loquatur Orige¬
138 1344 977 1399 nes, nimirum vt doceat quotidiana Filiorum
136 1385 977 1457 Dei in fide incrementa, esse opus Dei in illis, &
135 1441 958 1501 quasi quotidianam generationem. Postea se¬
131 1498 971 1550 quuntur ea verba, ex quibus sua decerpsit Lom¬
127 1532 972 1601 bardus, quae quam sint perturbata facile quiuis
136 1586 968 1643 pius etiam cognoscet. Sic igitur Origenes, Sal¬
132 1639 970 1690 uator noster splendor est gloriae. Splendor autem non
121 1680 957 1752 semel nascitur, & deinceps desinit nasci. Quotiescum¬
128 1741 961 1810 que ortum fuerit lumen, ex quo splendor oritur, toties
