1319 2039
156 117 998 184 tur Pater, & Filius, & Spiritus sanctus, Isimul om¬
156 179 1008 235 nes vna chanitas. Non ideo tamen quisquam nos in¬
165 222 1004 286 conuenienter aestimet charitatem appellare Spiritum
168 277 1008 335 sanctum: quia & Deus Pater, & Deus Filius potest
165 320 1009 382 charitas nuncupari: sicut proprie verbum Dei etiam
158 368 1007 440 sapientia Dei dicitur, cum Pater & Spiritus sanctus
170 423 378 496 sit sapientia.
383 451 681 540 CAP III
168 511 1010 597 Sicut Verbum Dei proprie dicitur sapientia, &
223 580 942 634 tamen tota Trinitas dicitur sapientia: ita
268 622 885 692 & Spiritus sanctus proprie dicitur
335 673 838 735 charitas, & tamen Pater &
377 723 769 789 Filius & Spiritus san¬
420 767 731 834 ctus dicitur cha¬
523 830 624 886 ritas.
208 868 1017 951 SI ergo proprie aliquis horum trium charitas
156 938 996 997 nuncupari debet, quis aptius quam Spiritus sanctus,
155 990 1000 1045 vt scilicet in illa summa simplicique natura non sit
162 1038 988 1089 aliud substantia, & aliud charitas: sed substantia i
155 1080 993 1145 psa sit charitas, & charitas ipsa sit substantia, siue in
160 1129 989 1180 Patre, siue in Filio, siue in Spiritu sancto: & tamen
152 1171 983 1246 Spiritus sanctus proprie charitas nuncupetur. Ec¬
160 1227 994 1282 ce his verbis aperte dicit August, quod in Trinitate
152 1269 995 1333 charitas aliquando refertur ad substantiam, quae co¬
152 1328 995 1389 munis est trium Personarum & tota in singulis: ali¬
151 1382 1001 1441 quando specialiter ad Personam Spiritus sancti: sicut
137 1426 996 1481 sapientia Dei aliquando pro substantia diuma, ali¬
144 1476 999 1539 quando pro Filio proprie accipitur, & hoc in multis
138 1517 388 1581 fieri reperitur.
389 1550 694 1634 CAP. IIII
199 1619 937 1695 Exemplis firmat eadem nomina proprie
382 1673 751 1747 vniuersaliter accipi.
181 1726 984 1810 PLVRIBVS en in exemplis doceri potest
