1287 2037
134 117 979 185 facilius postea seruiam:. Ergo nullo bono suo,
141 177 983 238 ld est, non ex vlla inopia is vtitur Deus: nos
139 228 971 287 autem, & nostro bono, & ad Dei ipsius gloria.
282 272 984 328 Deus nulla necessitate compulsus aut
138 317 977 385 ἁδυναμα, iis reb) vtitur, vtpote qui absque illis
139 375 974 436 eadem plane efficere possit, quae illis interpositis,
138 420 968 487 ltaque eae sunt tantum οpλανaα electa, & praepara¬
141 470 978 530 ta, nempe ratione Dei: nullo autem modo caussae
138 515 968 572 necessariae. Nos autem iis rebus, veluti cibis, vti¬
134 567 969 620 mur ex necessitate & consequentis & consequentiae.
135 614 975 673 Na iis omnino egemus, quales quidem naturasu¬
134 668 974 725 mus. Itaque nostri ratione non tantum sut organa,
131 718 963 772 sed & caussae efficientes, & eaedem nobis necessariae
175 764 960 814 s Deus rebus omnibus pro suis, iureque ple¬
134 814 971 858 ni dominij liberrime vtitur, vtpote qui iis singu
131 855 969 921 lis το cυuς dederit, easque conseruet & sustentet.
133 905 964 958 Nos autem precario tantum, idque ab eo, & qua¬
136 956 965 1021 tenus, quoque modo ille concedit. Gen. 9. Vers¬
132 1002 970 1064 2. I. Timoth. 4. Verse4, vt ex feripta nobis ab eo
136 1044 952 1119 regula plane sit iis vtendum, neque aliter, ne¬
134 1095 966 1156 que latius neque lautius. Primum tantum vsum
140 1146 406 1210 attigit August.
270 1191 971 1261 Isse enim. Sumptus locus ex eod. libro,
133 1251 967 1297 cap. 2o. in fine ab Augustini tamen mente lon¬
132 1294 964 1350 gissime detortus. Augustinus enim ibi docet
124 1340 965 1398 quid dilectio nostra erga proximum differat a
129 1392 963 1441 dilectione Dei erga nos. Hic intorquet itr eum
124 1439 958 1505 sensum, vt doceat nullum esse inter vtranque
129 1482 955 1539 discrimen: siquidem iste ex hoc loco nititur ef¬
118 1536 956 1590 ficere Deum propter suam bonitatem nobis v¬
127 1582 958 1651 ti, & nos quoque alios aliis vti propter eandem
118 1621 956 1688 Dei bonitatem. Quare ex isto loco nulla est sta¬
116 1687 957 1737 tuenda differentia inter istas dilectiones: vnde
125 1731 966 1807 omnino aliud, quam Aug. voluit, hic efficitur.
