1249 2025
315 80 1156 160 Filis sunt ἐν, σύμρρωνες, σύμάμυοι, qμoλμμῶ, denique
315 143 1146 197 vna est vtriusqne voluntas. Hinc igitur appa¬
310 196 1155 251 ret, quam aberret a mente Panli haec interpre¬
307 233 1158 298 tatio. Porro quam sit eadem periculosa quoque
314 287 1149 336 ex eo colligitur, quod sic dispescitur, diuiditur¬
317 330 1146 391 que vnica illa & simplicissima diuina essentia.
319 380 1151 445 Nam si Pater dicatur diligere Filium, & Filius
317 431 1149 481 Patrem per Spiritum sanctum: si inter se pacem
310 478 1148 534 feruare credantur per vnitatem & consensum,
315 533 1151 598 quem conciliat inter eos Spiritus sanctus, quo¬
314 584 1151 636 nam modo Pater & Filius a sese & animo & lo¬
315 620 1141 670 co non separantur, vti nos pij alius ab alio di¬
314 667 1153 741 uersi sumus: Atque sic multiplicatur diuina
313 725 1151 772 essentia in plures deos. Denique postquam sex
311 765 1145 821 huius sententiae non tantum diuersas, sed con¬
309 816 1149 871 trarias explicationes comemorauit Thomas
311 868 1158 932 in I. par. quaest, x artic. 2. eo tandem delabitur,
313 914 1151 981 vt potius obscuret & inuoluat hanc, quam ipse
318 967 1148 1015 vocat difficultatem, quam euoluat & enodet.
313 1012 1150 1077 Sed homo iste receptas suo seculo & vexatas
308 1052 1148 1130 iam quaestiones augere, id este oleum camino
309 1108 1140 1171 addere, gloriosum existimauit, neqe quid recte,
308 1162 1151 1218 quid non: quid accommodate, quid perperam
310 1201 1152 1274 diceretur, pili fecit, id quod etiam apparet infr.
306 1251 730 1329 cap. 9. hac ipsa sectione.
349 1292 1149 1373 2 Que si nihil est. Locus ex perspicuo obscu
302 1354 1151 1409 rus a Lombardo redditus ex sententiae verbo¬
304 1400 1151 1472 rumque Augustini mutilatione. Ecquae enim
304 1448 1151 1506 est ista consecutio, Si dilectio nibil est, quomodo
302 1494 1155 1562 Deus substantia est: Nam & dilectio in homi¬
295 1545 1147 1597 ne est, nec tamen sequitur, vt homo non sit
299 1591 1157 1656 substantia si dilectio nihil est. Est ergo istud
294 1639 1154 1711 ατῳ τe συμλεςnκότος προς τν ξσμαν παεα λονινεξως
296 1686 1155 1751 Sic autem & quidem dilucida eonclusione ha¬
