1258 2035
147 107 980 181 futatur lib. 2. de Trinitate, his verbis. Quis audet
137 176 978 224 dicere Patrem nec se, nec Filium, nec Spiritum san¬
141 226 975 277 ctum diligere, nisi per Spiritum sanctum: Quamob.
137 265 977 326 rem erant hae tam variae eiusdem Augustini sen
147 319 977 383 tentiae inter se conferendae ac diiudicandae, non
144 359 977 426 autem ἀπλῶς & αδμακρλως vna quaedam illius sen
144 406 975 469 tentia obtrudenda piis, quam etiam ab ipsomet
144 456 968 521 Augustino fuisse retractata ex paribus locis alij
140 512 970 568 ante me, & recte quidem, collegerunt, quemad¬
141 566 978 639 modum tradit Thomas I. parte quaestionis 7.
134 598 335 662 articuloI
157 727 956 827 Qαάgeςα ῆξααagςδξsς δς
287 816 794 910 DISTINCTIO XI
216 910 905 997 Quod Spiritus sanctus procedit a
400 980 713 1059 Patre & Filio.
417 1090 651 1155 CAP. I.
227 1174 964 1232 RIc dicendum est Spiritum sanctum a Patre
147 1231 953 1317 Bu esse & Filio, & procedere a Patre & Filio,
264 1279 945 1351 quod multi haeretici negauerunt. Quod au¬
136 1317 946 1390 tem de vtroque procedat, multis diuinorum eloquio¬
129 1373 948 1438 rum testimoniis coprobatur. Dicit enim Apostolus
133 1428 951 1472 Misit Deus Spiritum Filij sui in corda nostra. Ecci
133 1472 942 1542 hic dicitur Spiritus Filij. Et alibi, Qui autem Spi¬
126 1523 954 1570 ritum Christi non habet, hic non est eius. Ipse etiam
132 1578 949 1637 Filius de Spiritu sancto dicit in Euangelio, Quen
142 1623 962 1677 ego mittam vobis a Patre. Patris autem Spiritus
135 1668 960 1717 dictus est, vbi legitur, si Spiritus eius qui suscitauit
138 1712 964 1792 Christum a moriuis, habitat in vobis. Et ipse Christus
