1277 2035
164 116 997 180 Spiritus intelligitur per se secundum quod Spiritus
164 163 998 232 est, & non Filius: sed tamen non est alienus ab eo.
161 228 989 275 Spiritus enim ueritatis nominatur, & profsuit ab eo
163 266 981 329 sicut ex Deo Patre. Ioannnes quoque Chrys. in ho¬
166 307 989 368 milia quadam de expositione Symboli, sic ait, Iste est
161 358 978 432 Spiritus procedens de Patre & Filio, qui diuidit do¬
160 408 972 461 na propria prout vult. Idem in alia homilia. Credem
174 455 972 517 dum est Spiritum sanctum Patris esse & Filij. Ist.
164 509 976 570 Spiritum sanctum dicimus Patri & Filio coaequalem
165 568 986 618 & procedentem de Patre & Filio. Hoc credite, ne
161 596 970 668 colloquia mala corrumpant bonos moros. Ecce a do
162 656 989 723 ctoribus Graecorum aperta habemus testimonia, qui¬
160 697 985 761 bus Spiritus sanctus a Patre & Filio procedere o¬
152 750 997 814 stenditur. Omnis ergo lingua confiteatur Spiritum
161 797 739 872 sanctum procedere a Patre & Filio¬
265 888 850 967 AD DISTINCT. XI
415 967 698 1052 CAP. III
210 1032 989 1097 I Vt suppleret quae. Totus hic locus sumptus
162 1094 991 1165 est ex August. Tractat. 9o. in Euangel. Ioannis:
162 1142 993 1196 quo abutuntur ij, qui putant aliquid ad sacram
161 1196 987 1258 Scriptura addi posse, in quo fidei nostrae pars,
164 1238 993 1296 aut articulus vllus positus sit, cum supra cap. 2.
156 1284 985 1343 dixerit Lombardus, in Euangelio fidem integram
156 1337 986 1405 contineri. Nam quod ait Paulus ad Thessaloni¬
158 1385 986 1438 censes, epist. I. cap. 2. Versic. Io, se velle supplere
157 1437 985 1500 ὑδηρηματα quae desunt fidei eorum, non de ipsa
145 1477 987 1539 doctrina intelligitur, quasi eam imperfecta Ec¬
148 1536 989 1579 clesiis tradiderit Paulus, sed de constantia, con¬
154 1571 989 1620 solatione & incremento, siue maiori fiducia con¬
151 1622 991 1691 cipienda exemplo suo, vt idem Paulus explicat
155 1664 470 1740 Colossi s. Versi l4
