1249 2030
116 120 958 187 per Filium. Quomodo etiam antea loquutus e¬
119 176 951 225 rat Hilarius Pictauiensi lib. I2. de Trinitate. Ita¬
121 221 962 290 que in huius mediae aetatis Graecis Theologis
112 270 957 331 hae loquutiones passim occurrunt. Sequuta por¬
120 323 953 380 ro est postrema eorum aetas, quae prorsus nega¬
122 379 947 426 uit Spiritum sanctum procedere ex Filio, vel per
123 418 948 473 Filium. Nam quum Bulgari ad fidem Christia¬
121 465 940 529 nam recens conuersi Symbolum quoddam fi¬
123 513 956 563 dei orthodoxae a Nicolao primo Roma. Ponti¬
121 558 934 607 fice postulassent, videretque ille de hoc quae¬
121 607 947 664 stionem iam anxie moueri inter Graecos, Vtrum
120 660 947 712 Spiritus sanctus procederet a Filio, in suis ad Bul¬
115 706 952 766 garos responsis diserte expressit Spiritum san¬
126 749 951 811 ctum procedere & a Patre, & a Filio, idque or¬
131 804 947 849 thodoxam fidem credere. Quare offensus Con¬
129 847 960 920 stantinopolit, episcopus, (quod a se Symbolum
120 895 955 965 istud petendum potius, quam a Roma, episco¬
134 953 954 1006 po fuisse diceret) aperte in hoc articulo a Lati¬
124 995 959 1057 na Ecclesia primus secessione fecit. Inde qui
121 1043 969 1105 sequuti sunt Theologi Graeci, vt Theophyla¬
123 1089 959 1147 ctus, pedibus in eorum sententiam iuenre, qui
124 1139 958 1196 negant Spiritum sanctum a Filio procedere. Haec
125 1191 950 1257 tempora & diuersa scripta confudit tamen Lo¬
126 1231 954 1282 bardus, & ex primae & secundae aetatis Theolo¬
125 1284 949 1343 gis aduersus postremam affert cap. 8 ινσκοιν, quae
124 1335 953 1384 minime admittentur. Est enim haec argumenta¬
127 1379 676 1445 tionis ratio, ignoratio Elenchi.
170 1425 964 1488 Secundo vero loco notandum est, istum. ex
124 1485 954 1545 eadem confusione pessime cap. 4. interpretari
124 1523 948 1587 postremae illius aetatis (aduersus quam dunta¬
127 1582 956 1633 xat agit) sententiam, nempe, Graecos confiteri
131 1619 947 1674 Spiritum sanctum esse Filij, sicut & Patris, quo¬
119 1669 948 1730 niam admittant hoc Pauli dictum, Tiηαν κα τ: Vακ.
120 1719 952 1796 Oalat. 4. ver. & quod de Spiritu sancto procul¬
