1263 2037
419 208 1002 287 DISTINCTIO XIII
379 275 1074 361 Quare Spiritus sanctus cum sit de
411 334 1008 420 substantia Patris, no dicatur
495 395 934 476 genitus vel Filius, sed
548 464 861 529 tantum proce¬
638 511 769 572 dens.
578 582 813 667 CAP. I.
398 643 1138 717 ROST haec considerandum est, quantum a tali¬
371 704 1146 772 abus quales nos sumus intelligi potest, cum Spi
421 753 1142 812 ritus sactus procedat de Patre, & sit de sub¬
301 797 1145 859 stantia Patris, cur non dicatur esse natus, sed potius
301 842 1145 918 procedere : & cur dicatur Filius. Quare aute Spi¬
313 896 1137 953 itus sanctus non dicatur, vel sit natus, & ideo no sit
308 941 1143 1011 Filius, Aug. ostendit in xv. lib. de Trinit. dicens, Si
299 992 1142 1046 Spiritus sanctus Filius diceretur, amborum vtique
302 1041 1141 1093 Filius diceretur: quod absurdissimum est. Filius
305 1090 1144 1151 quippe nullus est duorum, nisi Patris & Matris. Ab¬
303 1140 1144 1193 sit autem vt inter Deum Patrem & Deum Filium
296 1184 1150 1256 tale aliquid suspicemur. Absurdissime ergo Filius
299 1236 1147 1296 diceretur amborum, id est, Patris & Filij. Amborum
298 1286 1139 1348 enim Filius diceretur, si eum ambo & genuissent.
303 1330 1138 1399 quod abhorret omnium sanorum sensus. Non ergo
308 1387 1142 1439 ab vtroque est genitus, sed procedit ab vtroque am¬
303 1436 1148 1484 borum Spiritus. His verbis ostenditur, cur Spiritus
311 1487 1148 1548 sanctus, cum sit de Patre, non tamen dicatur genitus
308 1527 496 1591 uel Filius.
574 1573 829 1641 CAP. II
338 1626 1110 1683 Cum Spiritus sanctus non dicatur genitus,
464 1674 983 1727 cur Filius dicatur procedere.
360 1724 1138 1793 CVM autem Spiritus sanctus non dicatur ge¬
