1295 2042
153 105 998 190 nitus, sed tantum procedens, quaeri solet cur Filius
151 182 989 229 non dicitur tantum genitus, sed & procedens. Sicut
155 226 996 280 ipse in euangelio Ioannis ait, Ego ex Deo processi
160 284 992 342 vel exiui, & veni in mundum. Non ergo tantum Spi¬
152 318 994 382 ritus sanctus procedit a Patre, sed etiam Filius. Ad
147 369 985 426 quod dicimus quod cum vterque procedat a Patre
150 418 981 476 dissimiliter tamen. Nam Spiritus sanctus, vt ai
159 469 990 520 August. in . libro de Trinit. procedit a Patre, non
153 520 991 572 quomodo natus, sed quomodo datus vel donum. Fi¬
163 567 994 617 lius autem processit nascendo, exiit vt genitus. Ac
157 612 1001 680 per hoc illud elucescit vt potest, scilicet cur Spiritus
144 659 1000 722 sanctus etiam non sit Filius, cum & ipse a Patre
155 720 993 771 exeat. Ideo Spiritus non dicitur Filius, quia neque
147 756 1000 812 natus est sicut vnigenitus: neque factus, vt per Dei
147 810 867 876 gratiam in adoptionem nasceretur, sicut nos.
415 867 688 954 CAP. III
208 932 954 996 Quod non potest destingui a nobis inter
270 994 876 1063 generationem Filij & processio¬
378 1042 744 1111 nem Spiritus sancti.
188 1101 986 1151 lnter generationem uero Filij & processionem
141 1143 978 1214 Spiritus sancti, dum hic viuimus, distinguere non sus
143 1200 965 1249 ficimus. Vnde August. Maximino praemissam quae
140 1250 973 1310 stionem refricanti, scilicet quaerenti cur Spiritus san
141 1290 964 1352 ctus non diceretur Filius, cum de Patris esset sub
146 1343 989 1400 stantia: respondens, sic ait, Quaeris a me si de substan
144 1400 978 1453 tia Patris est Filius, de substantia Patris est etiam
143 1440 983 1492 Spiritus sanctus: cur unus Filius sit, & alius non sit
141 1491 977 1553 Filius. Ecce, respondeo, siue capias, siue non capias.
141 1535 977 1590 De Patre est Filius, de Patre est Spiritus sanctus.
143 1583 982 1639 sed ille genitus est: iste procedens. Ideo ille Filius est
142 1637 984 1701 Patris, de quo est genitus: iste autem Spiritus est
140 1685 978 1735 vtriusque, quoniam de vtroque procedit. Sed ideo
145 1737 984 1804 cum de illo loqueretur ait: De Patre procedit, quo¬
