1280 2037
295 112 1138 192 minibus. Eligat quam quisque magis probauerit
302 171 1124 225 lectionem. Nam mendum in omnibus vulgari¬
293 223 1069 274 bus codicibus hic inesse vel lippi ipsi vident.
337 267 1126 321 2 Eundem Spiritum. Et hic quoque Lom¬
295 311 1131 375 bardus ab Augustini mente prorsus discedit.
295 357 1131 417 Neque enim illic quaerit Augustinus, vtrum,
294 415 1127 478 quum datur nobis Spiritus sanctus, ipsamet Spi
291 452 1124 512 ritus sancti Persona: an eius tantum dona den¬
294 511 1132 563 tur: sed vtrum vnus & idem ille sit Spiritus, qui
296 558 1124 611 a Christo bis datus est, & a Patre semel in die
289 607 1131 667 Pentecostes, ne in Trinitate diuina plures quam
300 657 1129 716 vnus Spiritus sanctus esse credantur: aut ne a¬
296 703 1131 753 lius Spiritus dicatur a Filio procedere, alius a¬
301 743 1124 801 Patre: atque ita falsum sit quod a Patre & Filio
294 802 1125 859 dicitur procedere vnus & idem Spiritus san¬
292 845 1130 905 ctus. Ergo eundem esse docet Augustinus, iste
294 896 1122 950 ne inspecto quidem loco, & vocis, Eundem Spi¬
294 943 1131 1004 ritum, speciosa quadam ambiguitate cupide ac
304 994 1126 1054 pueriliter abusus, ad alienam quaestionem illa
296 1036 641 1108 hoc loco transfert.
410 1082 1128 1142 Et quomodo ergo. Ista praetermitti debue¬
299 1141 1130 1205 runt. obscurant enim prorsus ipsius Lombar¬
301 1183 1135 1254 di sententiam, nedum vt eam iuuent, aut illu¬
299 1234 417 1301 strent.
416 1247 1128 1339 Licet multi. Sed neque hic Ambrosij lo¬
303 1320 1133 1391 cus, qui ex lib.I, De S. spiritu. cap. qo neque se¬
304 1371 1136 1433 ques, qui sumpt est ex ca. 4. quicqua ad mentem
299 1425 1137 1486 quaestionemque huius loci spectant. Quaerit enim
301 1469 1137 1533 Ambrosius cap. 4. Vtrum vnus & ide sit Spirit,
295 1524 1133 1593 qui & Dei Spiritus, & S. Sp. in Scriptura nomi¬
297 1562 1136 1637 natur. Respodet autem esse, quia hic κατ eξoνuα¬
301 1611 1136 1681 dicitur & Dei Spiritus, & sanctus: non quide vt
299 1662 1131 1721 Angeli appellatur Spiritus Dei. In cap. g. dispu¬
307 1725 1134 1782 tatur, doceturque Sp. S. eodem modo dici & san¬
