1281 2033
312 107 1159 182 dicunt, Minus est iuris in vsu, quam in vsufructus.
314 174 1158 229 Nam is qui fundi nudum habet vsum, nihil vlte¬
316 218 1161 287 rius habere intelligitur, quam vt oleribus, pomis, sto¬
308 281 1150 328 ribus, foeno, stramentis, & lignis ad vsum quotidia¬
315 315 1152 371 num vtatur. Nec ulli alij ius quod habet, aut loca¬
307 364 1153 419 re, aut vendere, aut gratis concedere potest: quum is
317 417 1158 481 qui vsumfr. habet, possit haec omnia facere. Est vsus¬
309 459 1164 526 fructus ius vtendi fruendi alienis rebus, salua rerum
327 512 1163 567 substantia. Haec illi, vti ex lnstitution. Iustinian.
315 560 1167 616 lib. 2. Tit. de vsufructu & sequ. apparet. Quae
318 610 1159 678 quomodo cum Augustini sententia consentiat,
319 665 1169 712 videant docti. Quanquam tamen, vti caeteris
319 702 1165 763 artibus, sic Theologiae sua quaedam esse relin¬
327 754 1165 823 quenda ex communibus propria vocabula ne¬
322 803 1160 867 que negauerim, neque ipse improbarim. Qua¬
321 853 1164 908 re frui Augustino est summo bono potiri. Vti
322 901 1165 970 reliquis rebus, quae non sunt summum bonum.
319 953 1160 1027 Deus autem, quae diximus, Lombardus ne co¬
321 996 616 1075 gitauit quidem:
479 1190 1008 1280 DISTINCTIO II
451 1262 1033 1356 De Mysterio Trinitaris &
647 1339 830 1416 Vnitatis.
597 1424 823 1509 CAP. I.
421 1469 1161 1565 ROC quoque vera ac pia fide tenendum est,
454 1538 1169 1599 quod i Trinitas vnus sit & solus verus Des,
434 1585 1162 1657 : vt ait Augustinus in v. libro de Trinitate,
331 1640 1168 1708 scilicet Pater, & Filius, & Spiritus sanctus : & haec
327 1682 1168 1755 Trinitas vnius eiusdemque substantiae vel essentiae
316 1739 1168 1812 dicitur, creditur, intelligitur, quae est summum bo¬
