1265 2034
310 80 1158 158 missus, in quantum fuit monstratus in quibusdam crea¬
306 142 1149 197 turis, sicuti in signis ad hoc specialiter factis, artic¬
314 187 1150 252 . Arnoldus Vesaliens. in Epitome huius Se¬
312 245 1155 305 ctionis, sic ait, Haec missio est gratiae Spiritus sancti
308 285 1151 351 collatio. Ergo sic a se & a suis discipulis deseri¬
307 339 1144 390 tur bonus iste magister Thomas. Quum Occan
307 385 1155 439 illam Thomae sententia veram esse deffendit,
310 431 1149 500 ipse se in perplexos laqueos induit, & firmiora
312 484 1149 541 contra se, quam pro se argumenta profert. De¬
306 530 1145 584 nique mitti Spiritum sanctum est nouo & spe¬
305 595 1148 639 ciali praesentiae ac energiae modo eum effica¬
305 623 1143 694 cem sentire, atque habere. Augustinus libro q¬
303 670 1142 730 de Trinitate, capite 2o. Ambrosius libro septi¬
306 722 1134 785 mo, capite septimo. Is qui habet Spiritum sanctum,
308 771 1143 834 Dei repletus est voluntate. Item, Non possumus
302 825 1133 879 capere plenitudinem Spiritus sancti, sed tantum ca¬
305 879 1137 931 pimus, quantum de suo arbiter nostri pro sua volun¬
298 915 1128 978 tate diuiserit. Augustinus in libello de Inquisi¬
303 965 1138 1018 tion. Trinit, Videri potest Deus secundum suae do¬
363 1012 1063 1091 num gratiae, ergo & mitti. Ex quibus o¬
454 1065 963 1133 mnibus refutatur apertissi¬
523 1108 900 1182 me Lombardi inter¬
615 1164 818 1224 pretatio &
642 1206 784 1270 senten¬
678 1262 743 1315 tia.
