1318 2032
103 111 987 185 te percipitur (sicut dictum est de Sapientia, Emitte
101 180 985 243 illam de caelis Sanctis tuis, & a sede magnitudinia
103 220 997 277 tuae, vt mecum sit & mecum laboret, id est, doceat me
104 273 995 335 laborare.) Et tunc unicuique mittitur, cum a quo¬
106 317 988 394 quam cognoscitur atque percipitur, quantum cogno.
108 383 999 439 sci & percipi potest, pro captu vel proficientis in
111 416 877 495 TDeum, vel perfectae in Deo animae rationalis.
420 505 682 583 CAP. XI
172 576 962 659 Quod secundum alterum semel, secundum
259 648 866 711 alterum saepe sit missus : & secun¬
321 689 835 761 dum alterum vt sit homo, &
389 736 742 806 secundum alterum
432 785 670 856 vt sit cum ho¬
499 838 616 896 mine.
200 885 996 948 ECCE distincti sunt duo modi missionis Filij:
142 952 968 1005 & secundum alterum semel tantum missus est Dei
144 995 973 1057 Filius, secundum alterum saepe missus est, & mittitur
148 1055 977 1115 quotidie. Nam secundum alterum missus est, vt sit
141 1098 961 1160 homo, quod semel tantum factum est. secundum al.
133 1141 953 1195 terum vero mittitur, vt sit cum homine, quando quo
142 1186 951 1250 tidie mittitur ad sanctos, & missus est etiam ante in
152 1242 968 1300 carnationem, & ad omnes Sanctos qui ante fuerunt,
145 1294 970 1353 & etiam ad Angelos. Vnde August. de Filio, id
151 1339 964 1399 est, de sapientia Patris loquens a. lib. de Trin. ait,
143 1393 964 1438 Aliter mittitur Sapientia, vt sit cum homine: aliter
142 1435 966 1502 missa est, vt sit homo. In animas sanctas se tranffirt
145 1486 973 1549 & amicos Dei & Prophetas constituit, sicut implet
144 1539 981 1597 etiam sanctos Angelos. Sed quum venit plenitudo
145 1586 985 1641 temporis, missa est, non vt impleret Angelos, nec vt
147 1635 981 1682 esset Angelus, nec vt esset cum hominibus vel in ho¬
153 1684 987 1750 minibus, vt antea in Patribus erat & in Prophetis,
147 1723 868 1805 sed vt ipsum Verbum fieret caro, id ost, homo.
