1274 2028
143 117 974 195 lsaiam Prophetam ipse Christus intelligitur de ad
148 171 974 238 uentum suo futuro dicere, & nunc Dominus misit me,
144 222 990 285 Haec verba Augustini, vt plane eius sententia
149 271 988 341 & ratio repraesentaretur, praetermittenda non
148 322 320 388 fuerunt.
276 361 990 432 Quia & a Spiritu. Ambrosius habet cap.
152 416 989 489 x. Ii. g. de Spiritu sancto Qui, iste vero Quia: aa¬
160 467 992 527 tus est autem, audeo dicere & ab Spiritu, qui missus
165 520 991 567 ab Spiritu est. Haec leuis est immutatio: ista iam
153 564 993 623 grauior, quod hic pulcherim: Ambrosij locus a
159 617 1001 676 vera ipsius mente detorquetur logissime. Quod
156 677 995 718 enim docet, Filium & a Patre & a Spiritu sancto
154 711 994 769 datum esse, id cur disputet, breuissime his verbis
164 758 1002 826 explicat Ambrosius ipse. Si subiectum in eo putant
159 813 999 870 fuisse Filium, quia missus est: yratia esse negare non pos
151 857 1008 917 sunt quod datus est. Et postea. Ergo no potuit diui
157 912 998 968 nae subiectionis esse, quod datus est: Non ergo vt in
160 954 1005 1006 has quaestiones intricatas nos coniicerems haec
165 997 1004 1057 disputat pius ille doctor, sed vt intelligeremus
157 1058 1007 1109 missione siue incarnationem Christi esse donum
169 1098 994 1149 Dei immensum. Deinde vt haereticorum Aria¬
164 1155 1002 1208 norum delirijs occurreret, qui voculam illam,
158 1195 1001 1255 Missus, captantes, ex ea Filium esse minorem Pa¬
171 1245 1005 1311 tre colligebant, quam eorum sententiam idem
165 1292 1001 1352 Ambrosius eiusdem operis cap. I. refutat & a.
164 1344 997 1408 Ac primo quidem capite his verbis, Si ergo se in¬
168 1385 996 1448 uicem Filius & Spiritus mittunt, sicut Pater misit¬
162 1443 997 1496 non subiectionis iniuria, sed communitas potestatis
161 1497 1000 1546 est. Secundo autem capite. Cumergo & Filius
156 1537 998 1594 & missus, & datus sit, Spiritus quoque missus &
162 1591 1002 1637 datus sit, habent vtique vnitatem diuinitatis qui
165 1628 1007 1691 habent operis vnitate. Haec Ambrosius, quae vt ni
166 1676 1007 1733 hil commune cum isto loco habeant vident
169 1733 317 1798 omnes.
