1287 2029
154 103 989 177 ex ipsa verborum recitatione perspicue appa¬
155 177 988 233 ret, quae sic habent lib. 2. Trinit. Icap. S. Cum ita¬
161 223 1001 280 que hoc a Patre & Filio factum esset, vt in came
154 262 998 318 Filius appareret, congruenter dictus est missus ille
162 313 1003 380 qui in ea came apparuit: misisse autem ille, qui in
162 367 1003 417 ea non apoaruit. Quod enim de solo Patre & Fi¬
156 414 991 484 lio ἀαοξελικῶς dixit August. hic Sελικῶς & gene¬
155 467 997 543 raliter profert, quasi ad homines quoque perti¬
161 508 583 590 neat, quod esset falsum:
511 551 664 617 Censura.
200 589 990 670 Tam est implicata Magistri sententia & con¬
161 658 998 713 ceptio animi hoc loco, vt ne summ quidem & ac¬
156 710 999 755 cutissimi ipsius discipuli assequi eam potuerint.
161 754 998 823 Occan praeterquam quod ait hic tantum agi
156 803 990 867 de vocabulis, non de re vlla, etiam aperte pro-
160 845 994 909 nuntiat sentire Magistrum, Mitti & mitte¬
156 898 986 959 re esse commune tribus Personis diuinis, nimirum
166 951 991 1007 quasi mittere, &mitti couueniat etiam Patri,
165 1003 988 1067 & sit attributum essentiale Deitatis, id quod
159 1043 992 1103 est falsissimum. Alij dicunt, Mitti, significa¬
164 1092 991 1142 re & attribuere aliquid essentiale Personae
161 1142 989 1197 illi quae mittitur, sic Durandus. Alij id negant,
157 1194 981 1251 imo ne respectum quidem vllum rationis de¬
160 1236 987 1301 notari perMissionem putant. Quae vtraque sen¬
164 1286 985 1353 tentia certe quidem est quoque falsissima. Alij
164 1342 995 1390 quaerunt, vtrum, originis duntaxat ratione, vna
157 1389 999 1437 Persona diuina ab alia mitti dicatur, an ratione
166 1433 991 1484 & vi imperij, Thomas in I. parte Quaest. 48. art.
152 1484 989 1540 I. Sic suos discipulos incertos & miseros di¬
152 1523 995 1589 mittit iste, dum nihil vel ordine, vel commode
159 1577 989 1632 explicat: sed curiosas tantum quaestiones con¬
163 1629 993 1684 sectans ambitioni suae misere studet, non autem
165 1671 993 1746 Ecclesiae aedificationi, & verae Dei gloriae illu¬
163 1721 328 1784 strandae.
