1318 2023
331 91 1163 167 tecostes factus est subito de calo sonus, quasi ferretur
336 155 1166 224 fiatus vehemens, & visae sunt illis linguae diuisae sicut
336 207 1167 270 ignis, qui & insedit super vnumqueque eorum. Haec
341 248 1163 308 operatio visibiliter expressa, & oculis oblata morta¬
340 306 1164 362 libus, missio: Spiritus sancti dicta est, non vt appareret
350 362 1164 402 eis ipsa substantia, qua & ipse inuisibilis & incom¬
344 399 1160 452 mutabilis est, sicut Pater & Filius, sed vt extertori¬
346 452 1165 516 bus visis corda hominum commota a temporali ma¬
331 496 1170 546 nifestatione venientis, ad occultam aeternitatem sem¬
341 542 1166 613 per praesentis conuerterentur. Ecce his verbis aperit
338 591 1161 654 Aug, illum modum missionis, qui visibiliter exhibe¬
340 642 1164 704 tur, cum tamen ipse Spiritus in sui natura non vi¬
343 688 1172 749 deatur: qui nec in illis creaturis magis erat, quam in
341 741 1172 812 aliis, sed ad aliud. In illis enim erat, vt per eas ad
341 786 1166 847 homines veniens, ostenderetur esse in illis, ad quos
337 839 1161 905 illae creaturae veniebant. Non enim Spiritus sanctus
337 879 1159 943 temporali motu tunc venit, vel in homines descendit,
333 933 1161 1006 sed per temporalem motum creaturae significata est
338 977 1165 1048 Spiritualis & inuisibilis Spiritus sancti infusio. Et,
340 1036 1161 1090 vt apertius dicam, per illum modum missionis Spiri¬
337 1087 1161 1144 tus sancti corporaliter exhibitum, monstrata est Spi¬
341 1135 1159 1193 ritualis & interior missio sancti Spiritus, siue donatio
335 1177 685 1255 de qua ageudum est,
656 1254 916 1335 CAP. III
336 1327 1171 1396 Cum Filius sit minor Patre seeundum formam
460 1384 1074 1452 creatam, in quam apparuit, cur non
587 1434 926 1499 & Spiritus sanctus
660 1482 845 1548 similiter.
385 1547 1171 1610 SED prius quaerendum est, cum Filius dicatur
337 1604 1161 1662 minor Patre secundum missionem, qua in forma crea¬
339 1642 1157 1707 ta apparuit, cur & Spiritus sanctus non dicatur si¬
340 1696 1161 1761 militer minor Patre, cum in forma creata apparuit.
