1299 2036
181 119 1019 203 quam accepit. His autoritatibu ostenditur aper¬
177 194 1007 254 te Filius secundum formamferui minor, Patre, & se¬
169 230 546 303 ipso, & Spiritusancto.
465 265 695 345 CAP. V.
207 299 970 400 Hilarius, aliter dicit, scilicet quod Pater sit
290 379 853 447 maior, nec Filius tamen minor.
217 424 990 492 Hilarius autem dicere videtur, quod Pater ma
170 472 988 538 uor sit Filio, nec tamen Filius minor Patre. Pater e
169 532 997 590 nim dicitur maior propter autoritatem, quia in eo es
172 585 991 642 autoritas generationis: secundum quam dicit, Pate
167 621 1010 686 maior me est. Et Apostolus, Donauit ei nomen quod
164 664 989 739 est super omne nomen. Quum ergo ait, Pater maior in
164 729 991 787 est, hoc est, ac si dicereta donauit mihi nomen. Si erg.
169 778 987 823 inquit, Hilarius, in 9. lib. de Trinitat. donantis au
167 822 990 879 toritate Pater mator est, nunquid per doni confessio
172 869 999 930 nem Filius minor este Maior itaque donans est,
157 926 992 975 sed minor iam non est cui vnum esse donatur. ait e¬
164 971 1017 1024 nim: Ego & Pater vnum sumus. Si non hoc donaturI
159 1014 988 1077 lesu, vt confitendus sit in gloria Dei Patris, mino
171 1067 996 1121 Patre est: si autem in ea gloria ei donatur esse qua
160 1118 999 1178 Pater est, habes &in donantis autoritate, quia maior
162 1167 989 1226 est, & in donati confessione, quia vnum sunt. Maio¬
161 1222 986 1278 itaque Pater Filio est, & plane maior: cui tantun
161 1254 996 1316 donat esse, quantus est ipse: cui innascibilitatis esse
156 1315 996 1380 imagine sacramenio natiuitatis impartit, quem ex se
149 1364 989 1419 in forn a sua generat. Audisti lectore quid super hoc
154 1407 993 1484 dicat Hilarius, cuius verba vbicunque occurrerint
148 1448 680 1522 diligenter nota, pieque intellige.
168 1505 980 1574 AD DISTINCTIONEMXVI
371 1569 748 1658 AD CAP. II
209 1615 1001 1706 I Sicut ignis. Aug. codex habet taqua ignis
149 1679 1009 1766 Hoc leue quidem, sed tamen immutatum. Qua
149 1730 253 1799 fider
