1298 2032
309 106 745 184 AD CAP. IIII
280 172 1005 240 Homines ea quae. Quaedam in hoc toto lo
158 236 1010 296 co recitando omissa sunt, quaedam etiam immu¬
164 278 1011 339 tata, sed nulla de autoris mente iacturam facta¬
155 327 1001 377 Idem quoque ab isto fit in fine huius capitis, in
164 381 1004 443 postremo Augustini dicto transcribendo, quod
169 429 997 496 ex cap. y. lib. I. de Trinitate, procul dubio sum¬
160 469 350 535 ptum est.
348 518 784 593 Censura ad Distinctionem
423 572 705 643 decimamsextam.
238 641 1000 717 Et hic quoque multa perturbate scribun¬
162 712 1001 773 tur, vti in superiori Distinctione decimaquinta.
161 752 998 809 Primum enim a suo titulo & scopo longissime
162 799 999 864 discedit, vtpote qui de Spiritu sancto pollicitus
158 850 997 915 acturum se, de Filio tamen potius, quam de Sp.
158 900 1000 956 S. disserit: quod est vitiosissimum. Monet enim
163 953 999 1005 praeclare Plinius lib. I. Histor. Natural. titulum
166 995 999 1045 operis saepe esse ab ipso autore relegendum, ne
158 1052 1000 1103 quid a proposito alienu afferat: sed iste de tam
159 1088 988 1147 bonorum scriptorum numero minime censen¬
157 1134 1001 1198 dus est. Pluribus porro verbis tractata est haec
153 1190 993 1243 quaestio, Cur Filius dicatur minor Patre, quae vno
161 1237 1002 1290 tamen expediri potuit, nimirum ratione oiκoro¬
154 1277 987 1349 μiας & camis humanae a Filio assumptae, & in v¬.
158 1334 1001 1398 nicae Personae coalitionem vnitae sic appellari.
160 1375 989 1436 Quum sit enim ea natura assumpta res creata,
159 1426 989 1499 deitate minor est. Itaque & Patre ipso, & Spi¬
147 1475 997 1538 ritu sancto, ac denique seipso Deo minor est
150 1522 1000 1594 Filius, quam homo est. Caeterum quod quidam
151 1575 998 1636 citant ex Epistola ad Hebraeos capite secundo,
160 1623 1001 1687 versiculo 9. ιλάλωσας αότον ξρατῳ τι παφ ἀνηιλoς. id
157 1660 997 1739 est, Fecisti eum paulisper inferiorem Angelis, alio
154 1729 1011 1800 pertinet, quam ad hanc quaestionem, quum
