1293 2026
142 100 992 162 dἁρότῳ δα τῳ ποότῳ μειξων δπατιφ, ῶς aἰnoς μας άρo¬
146 150 993 209 Neque tamen propterea vel ανόμυιον, Vel ανεωον,
146 203 1003 257 vel non eiusdem, omnino cum Patre & vnius
142 256 994 312 essentiae Filium concedebant: sed, vt ait Cyril¬
144 296 986 356 lus in Ioan. lib. 2. cap. I4o. Non est Filius minos
155 346 989 404 eo qui obtulit, etiamsi quod a se Filius habet, id ho¬
147 404 989 452 noris ergo se accepisse a Patre dicit. Haec duo sunt,
152 447 993 501 quae in scriptis Hilarij perperam confudit Lon¬
152 496 989 563 bardus: neque distinxit. Itaque Hilarium cum
157 541 991 610 Aug. frustra committit, & pro solutione istius
157 587 987 651 ξναντoφανας (quod & in ipsilmet verbis Hilarij
153 646 990 693 apparet, vt nempe dicatur, Pater maior, nec tamen
155 684 992 745 Filius minor: & in verbis sententiaque August.
154 734 1002 789 & Hilarij inter se collatis) hoc duntaxat affert
154 784 995 852 Lombardus, Verba Hilarij vbicumque occurrerint.
151 827 995 901 diligenter nota, pieque intellige, quasi non essent
153 880 979 927 totius piae, orthodoxae, & veteris Ecclesiae ver
155 919 899 1004 ba: & non vnius Hilarij diuersa responsa.
199 1006 997 1114 ῶξδςξςάοάάάQBαgαακάάξλξςα
266 1109 849 1190 DISTINCTIO XVII
175 1180 951 1253 De inissione Spiritus sancti, qua inui¬
376 1232 739 1303 sibiliter mittitur.
425 1295 663 1380 CAP. I.
276 1363 990 1426 IAM nunc accedamus ad assignandam mis¬
257 1421 984 1491 Qsionem Spiritus sancti, qua inuisibiliter mit
283 1473 996 1529 titur in corda fidelium. Nam ipse Spiritus
145 1510 991 1576 sanctus, qui Deus est, ac tertia in Trinitate Persona,
155 1571 991 1627 vt supra ostensum est, a Patre & Filio ac semotipso
151 1620 989 1678 temporaliter procedit, id est, vittitur ac donatur fi¬
160 1656 992 1739 delibus. Sed quae sit ista missio siue donatio, vel quo¬
159 1704 636 1784 modo fiat oonsiderandum est.
