1276 2038
318 116 1171 194 ne: & qui non est in dilectione, non est in Deo, quia
318 179 1154 240 Deus dilectio est. Ecce aperte dicit, fraternam dile¬
311 226 637 299 ctionem Deum esse.
538 266 844 354 CAP. IIII
361 325 1120 413 Quod fraterna dilectio cum sit Deus, non
430 394 1002 462 est Pater vel Filius, sed tantum
574 443 886 517 Spiritus sanctus.
360 513 1166 573 QVVM autem fraterna dilectio sit Deus, nec
319 557 1160 620 Pater est, nec Filius, sed tantum Spiritus sanctus, qui
316 620 1164 667 proprie in Trinitate dilectio vel charitas dicitur.
321 657 1161 715 Vnde Au g. in xv. lib. de Trin. Si in donis Dei nihil
312 704 1160 764 est maius charitate, & nullum est maius donum Dei
316 755 1156 826 quam Sp. S. quid consequentius est, quam vt ipse sit
325 807 1156 867 charitas, quae dicitur & Deus & ex Deo. Ita enim
319 858 1150 909 ait Ioan. Dilectio ex Deo est. Et paulo post, Deus
315 903 1144 954 dilectio est. Vbi manifestat eam se dilectionem dixis¬
320 950 1148 1017 se Deum, quam dixit ex Deo, Deus ergo ex Deo est
314 1001 1148 1055 dilectio. Item in eodem, Ioannnes volens de hac re a¬
312 1056 1154 1125 pertius loqui, In hoc inquit, cognoscimus quia in ipso
315 1100 1146 1154 manemus, & ipse in nobis, quia de Spiritu suo deait
315 1148 1152 1201 nobis. Spiritus itaque sanctus, de quo dedit nobis,
305 1200 1151 1260 sacit nos in Deo manere, & ipsum in nobis, hoc aute
302 1246 1155 1306 facit dilectio. Ipse est ergo Deus didectio. Ipse igitur
320 1298 1149 1357 significatur vbi legitur, Deus dilectio est. Ex his
309 1350 908 1416 ergo apparet quod 2Sp. S. charitas est.
583 1423 845 1515 CAP. V.
348 1503 1096 1593 Quod non est dictum per causam illud,
417 1561 1014 1641 Deus charitas est: sicut illud, Tu
529 1616 900 1687 es patientia mea, &
612 1664 798 1740 spes mea.
335 1720 1155 1808 SED ne forte aliquis dicat illud esse dictum per
