1271 2037
301 94 1150 165 hunc missionis modum insinuans in xv. lib. de Trin.
306 148 1155 205 ait, Deus Spiritus sanctus, qui procedit ex Deo: quum
309 192 1151 255 datus fuerit homini, accendit eum ad diligendum
309 244 1161 303 Deum & proximum, & ipse dilectio est. Non enim
302 288 1156 355 habet homo vnde diligat Deum, nisi ex Deo. Ecce
312 336 1151 411 quomodo datur vel mittitur nobis Spiritus sanctus,
307 386 1159 462 secundum quod dicitur datum, siue donum. Quod
314 437 1149 505 donum commendat Aug. explanans apertius quo¬
309 488 1160 548 modo detur, in eodem libro. Dilectio, inquit, Dei dif¬
310 537 1152 613 fusa est in cordibus nostris, vt ait Apostolus, per Spi¬
304 591 1151 644 ritum sanctum qui datus est nobis. Nullum est isto
304 633 1150 703 dono Dei excellentius. Solum est quod diuidit inter
303 694 1154 753 filios regni, & filios perditionis. Dantur & alia per
303 731 1150 793 Spiritu munera, sed sine charitate nihil prosunt. Nisi
308 782 1148 848 ergo tantum impartiatur cuiquam Sp. S. vt eum Dei
309 829 1140 897 & proximi faciat amatorem, a sinistra non trans.
320 878 1144 950 fertur ad dexteram. Neque Sp. S proprie dicitur do¬
314 927 1132 1005 num, nisi propter dilectionem: quam qui non habue¬
316 972 1145 1054 rit, & si lloquatur omnibus linguis, & habuerit Pro¬
314 1022 1142 1092 phetiam, & omnem scientiam, & omnem fidem, &
315 1079 1142 1140 distribuerit omnem substantiam suam, & tradiderit
309 1125 1143 1185 corpus suum ita vt ardeat, non ei prodest. Quantum
311 1179 1150 1236 ergo bonum est, sine quo ad aeternam vitam neminem
306 1218 1144 1285 tanta bona producunt. Ipsa vero dilectio vel cha¬
312 1264 1149 1338 ritas (nam vnius rei nomen est vtrunque Sperducit
311 1326 1138 1386 ad regnum. Dilectio ergo, quae Deus est, & propri
313 1369 1141 1443 ex Deo est, Sp. S. est, per quem diffunditur in cordi¬
315 1416 1138 1490 bus nostris Deus charitas, per quam nos tota inha¬
318 1461 1150 1527 bitat Trinsas. Quocirca rectissime Sp. S. quum sit
323 1528 1145 1582 Deus, vocatur etiam donum Dei. Quod donum pro¬
317 1565 1150 1636 prie quid nisi charitas intelligendum est, quae per¬
318 1614 1153 1672 ducit ad Deum: & sine qua quodlibet aliud Dei
319 1659 1151 1727 donum non perducit ad Deum: Ecce hic aperitur
322 1710 1149 1798 quod supra dictum erat, scilicet quod charitas sit Spi¬
