<?xml version="1.0" encoding="UTF-8" standalone="yes"?>
<PcGts xmlns="http://schema.primaresearch.org/PAGE/gts/pagecontent/2013-07-15" xmlns:xsi="http://www.w3.org/2001/XMLSchema-instance" xsi:schemaLocation="http://schema.primaresearch.org/PAGE/gts/pagecontent/2013-07-15 http://schema.primaresearch.org/PAGE/gts/pagecontent/2013-07-15/pagecontent.xsd">
    <Metadata>
        <Creator>prov=University of Rostock/Institute of Mathematics/CITlab|PLANET AI GmbH/Gundram Leifert/gundram.leifert@planet-ai.de:name=Geneva1580-m2(htr_id=30020)::::v=2.6.7
prov=University of Rostock/Institute of Mathematics/CITlab|PLANET AI GmbH/Tobias Gruening/tobias.gruening@planet-ai.de:name=de.uros.citlab.module.baseline2polygon.B2PSeamMultiOriented:v=2.6.7
prov=University of Rostock/Institute of Mathematics/CITlab|PLANET AI GmbH/Tobias Gruening/tobias.gruening@planet-ai.de:name=/net_tf/LA73_249_0mod360.pb:de.uros.citlab.segmentation.CITlab_LA_ML:v=2.6.6
Transkribus</Creator>
        <Created>2021-01-20T13:55:24.459+01:00</Created>
        <LastChange>2021-02-10T15:21:58.419+01:00</LastChange>
        <TranskribusMetadata docId="576385" pageId="23671970" pageNr="375" tsid="52348744" status="IN_PROGRESS" userId="25065" imgUrl="https://files.transkribus.eu/Get?id=OVLMKJQZFPAWFGKPGOHGXHCC&amp;fileType=view" xmlUrl="https://files.transkribus.eu/Get?id=APNMBWYSNUPPLMFANBEGNUXK" imageId="18180784"/>
    </Metadata>
    <Page imageFilename="374.jpg" imageWidth="1256" imageHeight="2020">
        <ReadingOrder>
            <OrderedGroup id="ro_1612986001046" caption="Regions reading order">
                <RegionRefIndexed index="0" regionRef="r1"/>
            </OrderedGroup>
        </ReadingOrder>
        <TextRegion orientation="0.0" id="r1" custom="readingOrder {index:0;}">
            <Coords points="121,47 121,1747 982,1747 982,47"/>
            <TextLine id="r1l3" custom="readingOrder {index:0;}">
                <Coords points="118,144 964,145 964,108 876,93 118,97"/>
                <Baseline points="123,135 164,135 206,135 248,136 290,136 332,136 373,135 415,135 457,135 499,135 541,135 582,135 624,134 666,134 708,134 750,134 791,134 833,134 875,133 917,134 959,134"/>
                <TextEquiv>
                    <Unicode>ritus sanctus, &amp; donum excellentius: &amp; quomodo hoc</Unicode>
                </TextEquiv>
            </TextLine>
            <TextLine id="r1l4" custom="readingOrder {index:1;}">
                <Coords points="125,196 969,189 968,143 125,149"/>
                <Baseline points="131,184 172,184 214,184 255,184 297,184 339,184 380,184 422,184 463,183 505,183 547,183 588,183 630,183 671,183 713,182 755,182 796,182 838,183 879,183 921,183 963,183"/>
                <TextEquiv>
                    <Unicode>donum, id est, Spiritus sanctus detur nobis, scilicet cum</Unicode>
                </TextEquiv>
            </TextLine>
            <TextLine id="r1l5" custom="readingOrder {index:2;}">
                <Coords points="116,257 957,241 957,205 778,190 116,203"/>
                <Baseline points="121,234 162,233 204,233 245,233 287,233 328,233 370,233 411,232 453,232 494,232 536,232 578,232 619,231 661,231 702,231 744,231 785,231 827,231 868,232 910,232 952,232"/>
                <TextEquiv>
                    <Unicode>ita impartitur alicui, id est, ita habet esse in aliquo,</Unicode>
                </TextEquiv>
            </TextLine>
            <TextLine id="r1l6" custom="readingOrder {index:3;}">
                <Coords points="117,288 902,300 967,289 967,237 117,257"/>
                <Baseline points="123,283 167,283 211,282 255,282 299,281 343,281 387,281 432,280 476,280 520,280 564,280 608,280 652,280 697,280 741,280 785,280 829,280 873,280 917,280 962,280"/>
                <TextEquiv>
                    <Unicode>vt eum faciat Dei &amp; proximi amatore. Quod quum</Unicode>
                </TextEquiv>
            </TextLine>
            <TextLine id="r1l7" custom="readingOrder {index:4;}">
                <Coords points="122,350 562,330 968,355 968,296 940,286 785,309 122,291"/>
                <Baseline points="127,331 168,331 210,330 252,329 294,329 336,329 377,328 419,328 461,328 503,328 545,329 586,329 628,329 670,329 712,329 754,329 795,330 837,330 879,330 921,330 963,329"/>
                <TextEquiv>
                    <Unicode>facit, tunc dari dicitur siue mitti alicui: &amp; tunc ille</Unicode>
                </TextEquiv>
            </TextLine>
            <TextLine id="r1l8" custom="readingOrder {index:5;}">
                <Coords points="119,395 248,410 275,390 391,391 451,414 574,386 639,404 788,385 788,352 722,338 119,351"/>
                <Baseline points="124,382 158,381 193,380 228,379 262,379 297,378 332,378 366,378 401,378 436,378 470,378 505,377 540,378 574,378 609,378 644,378 678,378 713,378 748,378 783,378"/>
                <TextEquiv>
                    <Unicode>dicitur proprie habere Spiritum sanctum. </Unicode>
                </TextEquiv>
            </TextLine>
            <TextLine id="r1l9" custom="readingOrder {index:6;}">
                <Coords points="403,493 430,503 470,489 510,494 534,477 591,489 625,483 652,499 691,500 691,431 634,417 581,428 548,419 520,435 472,416 402,425"/>
                <Baseline points="408,477 433,477 458,477 483,476 509,476 534,476 559,476 584,475 610,475 635,475 660,474 686,474"/>
                <TextEquiv>
                    <Unicode>CAP. VII</Unicode>
                </TextEquiv>
            </TextLine>
            <TextLine id="r1l11" custom="readingOrder {index:7;}">
                <Coords points="182,545 920,551 920,502 845,489 649,518 607,489 328,512 182,492"/>
                <Baseline points="187,539 223,539 259,539 296,538 332,538 369,537 405,537 441,537 478,537 514,537 551,537 587,537 623,537 660,537 696,537 733,537 769,538 805,538 842,538 878,538 915,539"/>
                <TextEquiv>
                    <Unicode>Vtrum concedendum sit, quod Spiritus</Unicode>
                </TextEquiv>
            </TextLine>
            <TextLine id="r1l12" custom="readingOrder {index:8;}">
                <Coords points="250,594 332,606 417,591 452,611 496,591 648,588 798,608 839,596 839,547 691,563 614,547 432,563 391,547 250,552"/>
                <Baseline points="255,587 283,587 312,586 341,586 370,586 399,586 428,585 457,585 486,585 515,585 544,584 572,584 601,584 630,584 659,584 688,584 717,584 746,585 775,585 804,586 833,586"/>
                <TextEquiv>
                    <Unicode>sanctus augeatur in homine, vel</Unicode>
                </TextEquiv>
            </TextLine>
            <TextLine id="r1l13" custom="readingOrder {index:9;}">
                <Coords points="331,650 369,639 391,656 424,653 449,633 492,649 569,638 669,657 688,640 729,648 759,628 759,610 738,601 721,612 684,592 621,606 496,591 452,611 417,592 396,607 331,605"/>
                <Baseline points="336,635 362,633 388,633 414,632 440,632 466,632 492,632 518,632 545,633 571,633 597,633 623,633 649,633 675,633 701,632 727,631 754,629"/>
                <TextEquiv>
                    <Unicode>magis vel minus habea¬</Unicode>
                </TextEquiv>
            </TextLine>
            <TextLine id="r1l14" custom="readingOrder {index:10;}">
                <Coords points="424,687 456,689 475,700 509,693 537,705 559,686 602,700 635,692 652,705 675,705 675,657 656,652 588,656 567,642 547,651 537,643 523,655 503,645 490,657 451,649 424,654"/>
                <Baseline points="429,680 455,681 482,682 509,682 535,681 562,681 589,680 615,680 642,681 669,682"/>
                <TextEquiv>
                    <Unicode>tur vel detur.</Unicode>
                </TextEquiv>
            </TextLine>
            <TextLine id="r1l15" custom="readingOrder {index:11;}">
                <Coords points="178,764 953,764 960,698 909,723 805,694 341,719 178,703"/>
                <Baseline points="184,747 222,746 261,745 299,744 338,744 376,743 415,743 453,743 492,743 530,743 569,743 607,743 646,743 684,744 723,744 761,745 800,745 838,746 877,746 915,746 954,747"/>
                <TextEquiv>
                    <Unicode>HIC quaeritur, si charitas Spiritus sanctus est, </Unicode>
                </TextEquiv>
            </TextLine>
            <TextLine id="r1l16" custom="readingOrder {index:12;}">
                <Coords points="128,822 429,795 957,804 957,771 733,750 128,771"/>
                <Baseline points="133,799 176,797 219,796 262,794 305,793 348,793 391,792 434,792 477,791 520,791 564,792 607,792 650,792 693,792 736,793 779,793 822,794 865,794 908,794 952,795"/>
                <TextEquiv>
                    <Unicode>quum ipsa augeatur &amp; minuatur in homine, &amp; ma¬</Unicode>
                </TextEquiv>
            </TextLine>
            <TextLine id="r1l17" custom="readingOrder {index:13;}">
                <Coords points="129,868 537,844 797,867 970,853 970,813 341,820 292,799 129,822"/>
                <Baseline points="134,848 175,846 217,844 258,843 300,842 341,842 383,841 424,841 466,841 507,841 549,841 591,841 632,841 674,841 715,842 757,842 798,842 840,842 881,842 923,841 965,841"/>
                <TextEquiv>
                    <Unicode>gis &amp; minus per diuersa tempora habeatur, vtrum</Unicode>
                </TextEquiv>
            </TextLine>
            <TextLine id="r1l18" custom="readingOrder {index:14;}">
                <Coords points="129,907 973,911 972,854 129,871"/>
                <Baseline points="135,894 176,893 218,893 259,892 301,892 343,891 384,891 426,890 467,890 509,890 551,890 592,890 634,890 675,890 717,890 759,891 800,891 842,891 883,892 925,892 967,893"/>
                <TextEquiv>
                    <Unicode>concedendum sit quod Spiritus sanctus augeatur vel</Unicode>
                </TextEquiv>
            </TextLine>
            <TextLine id="r1l19" custom="readingOrder {index:15;}">
                <Coords points="138,948 935,953 971,948 971,910 138,913"/>
                <Baseline points="143,942 184,941 225,941 266,940 307,940 348,940 389,939 431,939 472,939 513,939 554,939 595,939 636,939 677,939 719,940 760,940 801,940 842,941 883,941 924,942 966,943"/>
                <TextEquiv>
                    <Unicode>minuatur in homine, vel magis &amp; minus habeatur.</Unicode>
                </TextEquiv>
            </TextLine>
            <TextLine id="r1l20" custom="readingOrder {index:16;}">
                <Coords points="133,997 626,990 700,1013 734,986 832,1009 964,992 926,949 889,969 133,957"/>
                <Baseline points="139,990 180,990 221,990 262,989 303,989 344,989 385,989 426,989 467,989 508,989 549,989 590,989 631,989 672,989 713,989 754,989 795,990 836,990 877,990 918,991 959,991"/>
                <TextEquiv>
                    <Unicode>Si enim in homine augetur, &amp; magis vel minus da¬</Unicode>
                </TextEquiv>
            </TextLine>
            <TextLine id="r1l21" custom="readingOrder {index:17;}">
                <Coords points="137,1053 956,1055 969,1000 137,1014"/>
                <Baseline points="143,1038 184,1038 225,1038 266,1038 307,1038 348,1037 389,1037 430,1037 471,1037 512,1037 553,1037 594,1038 635,1038 676,1038 717,1038 758,1038 799,1038 840,1039 881,1039 922,1040 964,1040"/>
                <TextEquiv>
                    <Unicode>tur &amp; habetur, mutabilis esse videtur, Deus autem </Unicode>
                </TextEquiv>
            </TextLine>
            <TextLine id="r1l22" custom="readingOrder {index:18;}">
                <Coords points="132,1094 915,1111 969,1091 944,1050 878,1046 132,1062"/>
                <Baseline points="137,1087 178,1087 219,1087 261,1087 302,1087 343,1086 385,1086 426,1086 467,1086 509,1086 550,1086 591,1086 633,1086 674,1086 715,1086 757,1087 798,1087 839,1087 881,1087 922,1087 964,1088"/>
                <TextEquiv>
                    <Unicode>omnino immutabilis est, Videtur ergo quod vel Spi¬</Unicode>
                </TextEquiv>
            </TextLine>
            <TextLine id="r1l23" custom="readingOrder {index:19;}">
                <Coords points="134,1145 969,1145 951,1104 134,1112"/>
                <Baseline points="140,1137 181,1137 222,1136 263,1136 304,1136 346,1136 387,1135 428,1135 469,1135 510,1135 552,1135 593,1136 634,1136 675,1136 716,1136 758,1136 799,1136 840,1137 881,1137 922,1137 964,1137"/>
                <TextEquiv>
                    <Unicode>ritus sanctus non sit charitas, vel charitas no augea¬</Unicode>
                </TextEquiv>
            </TextLine>
            <TextLine id="r1l24" custom="readingOrder {index:20;}">
                <Coords points="127,1193 934,1198 969,1195 969,1153 127,1156"/>
                <Baseline points="132,1186 173,1185 215,1185 256,1184 298,1184 340,1184 381,1184 423,1184 464,1184 506,1184 548,1184 589,1184 631,1185 672,1185 714,1185 756,1185 797,1186 839,1186 880,1186 922,1186 964,1186"/>
                <TextEquiv>
                    <Unicode>tur vel minuatur in homine. Item, charitas &amp; non</Unicode>
                </TextEquiv>
            </TextLine>
            <TextLine id="r1l25" custom="readingOrder {index:21;}">
                <Coords points="138,1244 958,1242 958,1211 920,1198 138,1196"/>
                <Baseline points="143,1234 183,1234 223,1234 264,1234 304,1234 345,1234 385,1234 426,1234 466,1234 507,1234 547,1234 587,1234 628,1234 668,1234 709,1234 749,1234 790,1234 830,1234 871,1234 911,1234 952,1234"/>
                <TextEquiv>
                    <Unicode>habenti datur vt habeat, &amp; habenti vt plenius ha¬</Unicode>
                </TextEquiv>
            </TextLine>
            <TextLine id="r1l26" custom="readingOrder {index:22;}">
                <Coords points="137,1293 957,1290 957,1255 780,1233 743,1262 643,1240 137,1244"/>
                <Baseline points="142,1283 182,1283 222,1282 263,1282 303,1282 344,1282 384,1282 425,1282 465,1282 506,1282 546,1282 586,1282 627,1282 667,1283 708,1283 748,1283 789,1283 829,1284 870,1284 910,1284 951,1284"/>
                <TextEquiv>
                    <Unicode>beat. Si ergo Spiritus sanctus charitas est, &amp; non ha¬</Unicode>
                </TextEquiv>
            </TextLine>
            <TextLine id="r1l27" custom="readingOrder {index:23;}">
                <Coords points="138,1342 965,1340 965,1304 903,1292 635,1309 563,1287 491,1310 138,1290"/>
                <Baseline points="143,1333 183,1332 224,1332 265,1331 306,1331 347,1331 388,1330 428,1330 469,1330 510,1330 551,1331 592,1331 633,1331 674,1331 714,1331 755,1332 796,1332 837,1333 878,1333 919,1333 960,1334"/>
                <TextEquiv>
                    <Unicode>benti datur vt habeat, &amp; habenti vt plenius habeat.</Unicode>
                </TextEquiv>
            </TextLine>
            <TextLine id="r1l28" custom="readingOrder {index:24;}">
                <Coords points="134,1395 742,1384 789,1409 821,1383 900,1405 970,1390 970,1350 134,1352"/>
                <Baseline points="139,1382 180,1382 221,1381 262,1380 304,1380 345,1380 386,1379 427,1379 469,1379 510,1379 551,1379 592,1379 634,1379 675,1379 716,1380 757,1380 799,1380 840,1380 881,1381 922,1381 964,1381"/>
                <TextEquiv>
                    <Unicode>Sed quomodo datur non habenti, quum ipse vt Deus </Unicode>
                </TextEquiv>
            </TextLine>
            <TextLine id="r1l29" custom="readingOrder {index:25;}">
                <Coords points="138,1449 954,1445 954,1407 867,1396 138,1397"/>
                <Baseline points="143,1430 183,1430 223,1430 263,1430 304,1430 344,1430 384,1430 424,1430 465,1429 505,1429 545,1429 585,1429 626,1429 666,1429 706,1428 746,1428 787,1428 827,1428 867,1428 907,1428 948,1429"/>
                <TextEquiv>
                    <Unicode>sit vbique, &amp; in omnibus creaturis totus: &amp; quo</Unicode>
                </TextEquiv>
            </TextLine>
            <TextLine id="r1l30" custom="readingOrder {index:26;}">
                <Coords points="135,1504 765,1483 922,1506 952,1496 952,1447 322,1435 135,1456"/>
                <Baseline points="140,1480 180,1480 220,1480 261,1480 301,1479 341,1479 382,1479 422,1479 462,1478 503,1478 543,1478 583,1477 624,1477 664,1477 704,1477 745,1477 785,1477 825,1478 866,1478 906,1478 947,1479"/>
                <TextEquiv>
                    <Unicode>modo plenius datur vel habetur sine sui mutationes</Unicode>
                </TextEquiv>
            </TextLine>
            <TextLine id="r1l32" custom="readingOrder {index:27;}">
                <Coords points="348,1603 367,1608 431,1584 477,1598 532,1571 595,1602 675,1597 689,1594 689,1532 661,1536 610,1517 509,1543 446,1529 418,1549 385,1517 347,1523"/>
                <Baseline points="353,1579 378,1578 403,1578 429,1578 454,1577 480,1577 505,1577 531,1577 556,1577 582,1577 607,1577 633,1577 658,1576 684,1576"/>
                <TextEquiv>
                    <Unicode>CAP. VIII</Unicode>
                </TextEquiv>
            </TextLine>
            <TextLine id="r1l33" custom="readingOrder {index:28;}">
                <Coords points="267,1662 322,1643 343,1662 406,1643 693,1661 724,1644 770,1649 761,1603 504,1597 464,1613 438,1595 370,1610 267,1596"/>
                <Baseline points="272,1638 297,1638 323,1637 349,1637 375,1637 401,1637 427,1637 453,1637 479,1637 505,1637 530,1637 556,1638 582,1638 608,1638 634,1638 660,1637 686,1637 712,1637 738,1636 764,1635"/>
                <TextEquiv>
                    <Unicode>Responsio ad primam quae¬</Unicode>
                </TextEquiv>
            </TextLine>
            <TextLine id="r1l34" custom="readingOrder {index:29;}">
                <Coords points="435,1701 452,1705 478,1690 489,1696 498,1690 529,1698 542,1688 562,1688 603,1706 603,1659 579,1651 549,1651 496,1663 468,1647 435,1644"/>
                <Baseline points="440,1685 466,1685 492,1685 518,1686 544,1685 570,1685 597,1685"/>
                <TextEquiv>
                    <Unicode>stionem.</Unicode>
                </TextEquiv>
            </TextLine>
            <TextLine id="r1l35" custom="readingOrder {index:30;}">
                <Coords points="188,1741 491,1769 534,1738 699,1760 766,1738 891,1769 971,1746 971,1691 432,1709 188,1689"/>
                <Baseline points="193,1734 231,1734 270,1734 308,1734 347,1735 386,1735 424,1735 463,1735 502,1735 540,1735 579,1735 618,1735 656,1735 695,1735 734,1734 772,1734 811,1734 850,1734 888,1734 927,1734 966,1734"/>
                <TextEquiv>
                    <Unicode>HIS itaque respondemus, dicentes quod Spiri</Unicode>
                </TextEquiv>
            </TextLine>
            <TextEquiv>
                <Unicode>ritus sanctus, &amp; donum excellentius: &amp; quomodo hoc
donum, id est, Spiritus sanctus detur nobis, scilicet cum
ita impartitur alicui, id est, ita habet esse in aliquo,
vt eum faciat Dei &amp; proximi amatore. Quod quum
facit, tunc dari dicitur siue mitti alicui: &amp; tunc ille
dicitur proprie habere Spiritum sanctum. 
CAP. VII
Vtrum concedendum sit, quod Spiritus
sanctus augeatur in homine, vel
magis vel minus habea¬
tur vel detur.
HIC quaeritur, si charitas Spiritus sanctus est, 
quum ipsa augeatur &amp; minuatur in homine, &amp; ma¬
gis &amp; minus per diuersa tempora habeatur, vtrum
concedendum sit quod Spiritus sanctus augeatur vel
minuatur in homine, vel magis &amp; minus habeatur.
Si enim in homine augetur, &amp; magis vel minus da¬
tur &amp; habetur, mutabilis esse videtur, Deus autem 
omnino immutabilis est, Videtur ergo quod vel Spi¬
ritus sanctus non sit charitas, vel charitas no augea¬
tur vel minuatur in homine. Item, charitas &amp; non
habenti datur vt habeat, &amp; habenti vt plenius ha¬
beat. Si ergo Spiritus sanctus charitas est, &amp; non ha¬
benti datur vt habeat, &amp; habenti vt plenius habeat.
Sed quomodo datur non habenti, quum ipse vt Deus 
sit vbique, &amp; in omnibus creaturis totus: &amp; quo
modo plenius datur vel habetur sine sui mutationes
CAP. VIII
Responsio ad primam quae¬
stionem.
HIS itaque respondemus, dicentes quod Spiri</Unicode>
            </TextEquiv>
        </TextRegion>
    </Page>
</PcGts>
