1275 2034
508 128 796 208 CAP. XI
324 182 1085 264 Quod aliqui dicunt Spiritum sanctum non
372 239 1034 302 esse charitatem, qua diligimus Deum
552 293 817 359 & proximum.
344 344 1133 429 SVPRA dictum est, quod Spiritus sanctus cha¬
298 408 1123 469 ritas est Patris & Filij, qua se inuicem diligunt &
303 450 1124 520 nos: & ipse idem est charitas quae diffunditur in cor.
297 506 1123 581 dibus, nostris, ad diligendum Deum & proximum.
302 550 1125 623 Horum alterum omnes catholici concedunt, scilicea
296 601 1128 673 quod Spiritus sanctus sit charitas Patris & Filij
303 647 1136 714 Quod autem ipse idem sit charitas, qua diligimus
303 697 1135 761 Deum & proximum, a plerisque negatur. Dicunt
327 745 1136 812 enim, si Spiritus sanctus charitas est Patris & Fi¬
309 796 1135 864 lij & nostra, eadem ergo charitas est, qua Deus di¬
308 848 1133 917 ligit nos, & qua nos diligimus eum. Hoc autem Sa¬
307 894 1133 958 ctorum autoritates negare videntur. Dicit enim
315 943 1127 1021 Aug. in lib. de Spiritu & Litera: Vnde est dilectio,
308 992 1138 1053 nisi vnde & ipsa fides, id est, a Spiritu sancto: Non
306 1039 1130 1100 esset enim in nobis, nisi diffunderetur in cordibus no¬
308 1083 1140 1154 stris per Spiritum. Charitas autem Dei dicta est dif¬
307 1134 1141 1210 fundi in cordibus nostris, non qua nos ipse diligit, sed
308 1193 1141 1254 qua nos facit dilectores suos. Sicut iustitia Dei dici¬
310 1241 1148 1301 tur, qua nos iusti eius munere efficimur: & Domini
308 1297 1133 1355 salus, qua nos saluat: & fides Christi, qua nos fide¬
309 1349 1145 1399 les facit. His verbis videtur monstrari distinctio in¬
306 1381 1142 1447 ter charitatem, qua nos Deus. diligit, & qua nos di¬
300 1428 1148 1495 ligimus. Et sicut iustitia nostra dicitur Dei, non quod
303 1486 1131 1552 ipse sit ea iustus, sed quia ea nos iustos facit, simili¬
305 1532 1144 1588 ter & fides, & salus: sic videtur dicta Dei charitas,
309 1576 1151 1649 quae est in nobis, non quod ipse ea diligat, sed quia ea
309 1640 1148 1695 nos diligere facit. De hoc etiam idem Aug. in libro
311 1673 1146 1749 xv. de Trinitate ait, Quum Ioannnes commemoras¬
301 1721 1144 1789 set Dei dilectionem, non qua nos eum, sed qua ipse
