1299 2030
178 106 1020 179 dilexit nos, & misit Filium suum liberatorem pro
168 170 1015 229 peccatis nostris. Ecce & hic videtur manifeste diui¬
172 210 1019 278 dere dilectione, qua nos diligimus Deum, ab ea qua
173 264 1015 320 ipse diligit nos. Si ergo, inquiunt, Spiritus sanctus di¬
174 320 1018 377 lectio est qua D:us diligit, & qua nos diligimus, du
180 369 1019 424 plex dilectio est, imo duo diuersa est, quod absurdum
176 412 998 471 & a veritate longe est. Non est ergo dilectio, qua di
171 457 839 533 ligimus, sed qua Deus tantum diligit nos.
406 527 695 607 CAP. XII
260 597 913 673 Responsio ad praedicta, determinans
462 654 687 717 autoritates.
229 706 1004 767 HIS respondemus praedictarum autoritatum
178 762 997 818 verba determinantes hoc modo, Charitas Dei dicti
169 799 990 869 est diffundi in cordibus nostris, non qua ipse nos di
170 856 1007 916 ligit, sed qua nos diligere facit, &c. His verbis non
176 912 1006 971 diuiditur nec diuersa ostenditur charitas, qua Deus
176 958 1003 1007 nos diligit, ab ea qua nos diligimus: sed potius cum
171 1003 991 1060 sit vna & eadem charitas, & dicatur ipsa Dei cha
171 1050 1004 1117 ritas, & diuersis de causis & rationibus Doi chari¬
170 1102 1002 1159 tas appellari in Scriptura ostenditur. Dicitur enim
164 1149 1008 1226 Dei charitas, vel quia Deus ea diligit nos: vel quia
165 1191 602 1274 nos ea suos dilectores facit.
395 1282 733 1360 CAP. XIII
318 1348 817 1415 Determinatio primae auto¬
491 1401 630 1469 ritatis.
222 1453 1015 1538 CVM ergo ab Apostolo dicitur charitas
150 1520 991 1575 Dei diffundi in cordibus nostris, non est dicta cha
162 1562 999 1616 ritas Dei qua diligit nos, sed qua facit nes diligere,
163 1611 996 1679 id est, no ibi appellatur charitas Dei, eo quod Deus
164 1667 1014 1728 nos ea diligit, sed eo quod nos ea sui dilectores facit.
167 1706 1009 1785 Et quod earatione possit dici charitas Dei, quia nos
