1272 2033
294 88 1132 176 ea diligere facit, ex simili genere loquutionis osten¬
293 156 1135 205 ditur: sicut dicitur iustitia Dei, qua nos iustificat: &
295 208 1136 284 Domini salus, qua nos saluat: & fides Christi, qua
287 252 552 323 nos fideles facit.
509 301 863 398 CAP. XIIII
468 374 899 455 Determinatio secundae.
346 437 1129 519 SIMILITER & aliam exponimus auto¬
300 499 1135 554 ritatem, vbi ait dilectionem Dei commemorari, non
298 547 1128 611 qua nos eum, sed qua ipse dilexit nos: acsi diceret,
294 599 1130 656 commemorat dilectionem Dei, non secundum quod
293 643 1140 702 ea nos diligimus Deum, sed secundum quod ipse ea
290 693 475 761 diligit nos.
554 745 836 812 CAP. XV.
555 802 856 881 Aliud obiiciunt.
340 869 1116 945 SED aliud est, inquiunt, quod magis vrget: di¬
298 931 1119 984 xit enim supra Aug. quod dilectio est a Spiritu san¬
301 971 1130 1041 cto, a quo fidos. Siergo fides non est Spiritus sanctus
302 1021 1128 1093 a quo est, ita nec charitas. Quomodo ergo Spiritus
308 1069 1127 1125 sanctus est, si ab ipso este Nam si ab ipso est, & ipse est,
298 1131 1126 1182 ergo Spiritus sanctus a seipso est. Ad quod dici¬
291 1164 1128 1219 mus, Spiritus sanctus quidem a seipso non est, sed ta¬
295 1218 1132 1285 men a seipso datur nobis, vt supra dictum est. Dat e¬
294 1263 1137 1330 nim seipsum nobis Spiritus sanctus. Et ex hoc sensu
295 1311 1131 1369 dictum est, quod charitas ab ipso est in nobis, & tamen
295 1361 1128 1420 ipsa Spiritus sanctus est. Fides autem est a Spiritu
288 1414 1147 1472 sancto, & non est Spiritus sanctus: quia donum vel
290 1458 920 1532 datum solummodo est, non Deus dans.
526 1511 828 1596 CAP. XVI
324 1563 1103 1652 Quod alias inducunt rationes & autoritates
491 1638 888 1712 ad idem probandum:
348 1693 1138 1755 ALIAS quoque inducunt rationes ad idem
