<?xml version="1.0" encoding="UTF-8" standalone="yes"?>
<PcGts xmlns="http://schema.primaresearch.org/PAGE/gts/pagecontent/2013-07-15" xmlns:xsi="http://www.w3.org/2001/XMLSchema-instance" xsi:schemaLocation="http://schema.primaresearch.org/PAGE/gts/pagecontent/2013-07-15 http://schema.primaresearch.org/PAGE/gts/pagecontent/2013-07-15/pagecontent.xsd">
    <Metadata>
        <Creator>prov=University of Rostock/Institute of Mathematics/CITlab|PLANET AI GmbH/Gundram Leifert/gundram.leifert@planet-ai.de:name=Geneva1580-m2(htr_id=30020)::::v=2.6.7
prov=University of Rostock/Institute of Mathematics/CITlab|PLANET AI GmbH/Tobias Gruening/tobias.gruening@planet-ai.de:name=de.uros.citlab.module.baseline2polygon.B2PSeamMultiOriented:v=2.6.7
prov=University of Rostock/Institute of Mathematics/CITlab|PLANET AI GmbH/Tobias Gruening/tobias.gruening@planet-ai.de:name=/net_tf/LA73_249_0mod360.pb:de.uros.citlab.segmentation.CITlab_LA_ML:v=2.6.6
Transkribus</Creator>
        <Created>2021-01-20T13:53:17.921+01:00</Created>
        <LastChange>2021-02-10T15:24:17.309+01:00</LastChange>
        <TranskribusMetadata docId="576385" pageId="23671995" pageNr="386" tsid="52348858" status="IN_PROGRESS" userId="25065" imgUrl="https://files.transkribus.eu/Get?id=OYFFFUQUQTIHXTATFFOUYSIG&amp;fileType=view" xmlUrl="https://files.transkribus.eu/Get?id=AIIMDEFSWQYAQXKCUUDCAYRN" imageId="18180805"/>
    </Metadata>
    <Page imageFilename="385.jpg" imageWidth="1286" imageHeight="2054">
        <ReadingOrder>
            <OrderedGroup id="ro_1612986003334" caption="Regions reading order">
                <RegionRefIndexed index="0" regionRef="r1"/>
            </OrderedGroup>
        </ReadingOrder>
        <TextRegion orientation="0.0" id="r1" custom="readingOrder {index:0;}">
            <Coords points="308,66 308,1813 1171,1813 1171,66"/>
            <TextLine id="r1l3" custom="readingOrder {index:0;}">
                <Coords points="310,183 431,159 1144,164 1144,133 985,102 740,104 659,130 550,102 465,129 309,119"/>
                <Baseline points="315,156 356,155 397,155 438,155 479,154 521,154 562,154 603,153 644,153 685,153 727,153 768,153 809,152 850,152 891,152 933,152 974,152 1015,152 1056,152 1097,151 1139,151"/>
                <TextEquiv>
                    <Unicode>proximum diligimus, vel Deum. Atque vt ma¬</Unicode>
                </TextEquiv>
            </TextLine>
            <TextLine id="r1l4" custom="readingOrder {index:1;}">
                <Coords points="310,212 1145,216 1153,183 1070,158 1013,180 841,157 309,173"/>
                <Baseline points="315,204 356,204 398,204 439,203 481,203 523,203 564,202 606,202 648,202 689,201 731,201 773,201 814,200 856,200 898,200 939,200 981,200 1023,200 1064,201 1106,201 1148,202"/>
                <TextEquiv>
                    <Unicode>iorem fraudem hominibus ipsos fontes, id est, </Unicode>
                </TextEquiv>
            </TextLine>
            <TextLine id="r1l5" custom="readingOrder {index:2;}">
                <Coords points="312,264 1149,260 1148,217 1082,206 842,232 311,213"/>
                <Baseline points="317,254 358,253 399,253 440,253 482,252 523,252 564,251 606,251 647,250 688,250 730,250 771,249 812,249 853,249 895,248 936,248 977,248 1019,248 1060,248 1101,248 1143,248"/>
                <TextEquiv>
                    <Unicode>ipsum autorem Augustinum non adeuntibus</Unicode>
                </TextEquiv>
            </TextLine>
            <TextLine id="r1l6" custom="readingOrder {index:3;}">
                <Coords points="319,313 957,302 993,322 1154,304 1154,269 319,275"/>
                <Baseline points="325,302 366,302 407,301 448,301 489,300 531,300 572,300 613,299 654,299 695,299 737,299 778,298 819,298 860,298 901,298 943,297 984,297 1025,297 1066,296 1107,296 1149,295"/>
                <TextEquiv>
                    <Unicode>faceret, subticuit, suppressitque magno dolo</Unicode>
                </TextEquiv>
            </TextLine>
            <TextLine id="r1l7" custom="readingOrder {index:4;}">
                <Coords points="318,369 1147,353 1146,323 1093,301 318,324"/>
                <Baseline points="323,351 363,350 404,350 445,350 486,349 527,349 568,348 609,348 650,348 691,347 732,347 772,347 813,346 854,346 895,345 936,345 977,345 1018,345 1059,344 1100,344 1141,343"/>
                <TextEquiv>
                    <Unicode>expressiss ima verba, quae totum hunc locum fla¬</Unicode>
                </TextEquiv>
            </TextLine>
            <TextLine id="r1l8" custom="readingOrder {index:5;}">
                <Coords points="314,417 951,394 1072,421 1149,399 1148,363 998,353 956,375 797,354 314,371"/>
                <Baseline points="319,401 360,400 401,399 442,398 483,397 525,397 566,396 607,395 648,395 689,395 731,394 772,394 813,394 854,394 895,394 937,394 978,394 1019,394 1060,394 1101,394 1143,393"/>
                <TextEquiv>
                    <Unicode>gitiose detorqueri demonstrabunt. Sic igitur</Unicode>
                </TextEquiv>
            </TextLine>
            <TextLine id="r1l9" custom="readingOrder {index:6;}">
                <Coords points="313,456 1071,462 1146,446 1146,411 313,417"/>
                <Baseline points="318,448 359,447 400,446 441,446 482,445 523,445 564,444 606,444 647,444 688,443 729,443 770,443 811,442 852,442 894,442 935,442 976,442 1017,441 1058,441 1099,441 1141,441"/>
                <TextEquiv>
                    <Unicode>August. Et pleraque alia reperimus in literis san¬</Unicode>
                </TextEquiv>
            </TextLine>
            <TextLine id="r1l10" custom="readingOrder {index:7;}">
                <Coords points="314,507 1155,510 1154,456 1109,450 314,456"/>
                <Baseline points="319,494 360,494 402,494 443,494 485,494 526,494 568,494 609,493 651,493 692,493 734,492 775,492 817,491 858,491 900,491 941,490 983,490 1024,490 1066,490 1107,489 1149,489"/>
                <TextEquiv>
                    <Unicode>ctis, in quibus sola dilectio proximi ad perfectionem</Unicode>
                </TextEquiv>
            </TextLine>
            <TextLine id="r1l11" custom="readingOrder {index:8;}">
                <Coords points="310,569 1155,551 1154,510 973,500 309,515"/>
                <Baseline points="315,544 356,544 398,544 440,544 481,544 523,544 565,543 606,543 648,543 690,542 732,542 773,541 815,541 857,540 898,540 940,539 982,539 1023,539 1065,538 1107,538 1149,538"/>
                <TextEquiv>
                    <Unicode>praecipi videtur, &amp; taceri de dilectione Dei, cum in</Unicode>
                </TextEquiv>
            </TextLine>
            <TextLine id="r1l12" custom="readingOrder {index:9;}">
                <Coords points="314,598 924,611 1154,600 1154,564 1104,545 314,567"/>
                <Baseline points="319,591 360,592 402,592 443,593 485,593 526,593 568,593 609,593 651,592 692,592 734,591 775,591 817,590 858,590 900,589 941,589 983,588 1024,588 1066,588 1107,588 1149,588"/>
                <TextEquiv>
                    <Unicode>vtroque lex pendeat, &amp; Prophetae. Sed &amp; hoc ideo,</Unicode>
                </TextEquiv>
            </TextLine>
            <TextLine id="r1l13" custom="readingOrder {index:10;}">
                <Coords points="315,660 1095,657 1160,649 1160,608 314,608"/>
                <Baseline points="320,642 361,642 403,642 445,642 487,642 528,641 570,641 612,641 654,640 695,640 737,639 779,639 821,638 862,638 904,637 946,637 988,637 1029,636 1071,636 1113,636 1155,636"/>
                <TextEquiv>
                    <Unicode>quia &amp; qui proximum diligit, consequens est, vt ipsam </Unicode>
                </TextEquiv>
            </TextLine>
            <TextLine id="r1l14" custom="readingOrder {index:11;}">
                <Coords points="314,714 1152,685 1138,655 1035,648 314,661"/>
                <Baseline points="319,691 360,691 401,691 443,690 484,690 526,690 567,690 608,689 650,689 691,689 733,688 774,688 815,688 857,687 898,687 940,686 981,686 1022,685 1064,685 1105,684 1147,683"/>
                <TextEquiv>
                    <Unicode>praecipue dilectionem diligat, id est, Deum. Praete¬</Unicode>
                </TextEquiv>
            </TextLine>
            <TextLine id="r1l15" custom="readingOrder {index:12;}">
                <Coords points="314,748 1125,751 1152,748 1152,700 314,714"/>
                <Baseline points="319,739 360,739 401,739 443,739 484,739 526,739 567,739 608,738 650,738 691,737 733,737 774,737 815,736 857,735 898,735 940,735 981,734 1022,734 1064,733 1105,733 1147,733"/>
                <TextEquiv>
                    <Unicode>rea eo ipso loco citat August. illud Pauli di¬</Unicode>
                </TextEquiv>
            </TextLine>
            <TextLine id="r1l16" custom="readingOrder {index:13;}">
                <Coords points="318,799 843,808 1076,783 1134,803 1157,740 317,755"/>
                <Baseline points="323,787 364,787 406,788 447,788 489,788 530,788 572,787 613,787 655,787 696,787 738,786 779,786 821,785 862,785 904,784 945,783 987,783 1028,782 1070,781 1111,780 1153,779"/>
                <TextEquiv>
                    <Unicode>ctum ex Roman. 8. Ver. 8. Quoniam charitas Dei</Unicode>
                </TextEquiv>
            </TextLine>
            <TextLine id="r1l17" custom="readingOrder {index:14;}">
                <Coords points="310,852 1032,854 1154,833 1154,794 309,800"/>
                <Baseline points="315,837 356,836 398,836 440,836 481,835 523,835 565,835 606,834 648,834 690,834 732,834 773,833 815,833 857,833 898,832 940,832 982,831 1023,831 1065,830 1107,829 1149,829"/>
                <TextEquiv>
                    <Unicode>diffusa est in cordibus nostris per Spiritum sanctum </Unicode>
                </TextEquiv>
            </TextLine>
            <TextLine id="r1l18" custom="readingOrder {index:15;}">
                <Coords points="321,904 1115,899 1143,887 1143,840 676,843 642,868 595,842 320,854"/>
                <Baseline points="326,886 366,885 407,885 447,885 488,884 529,884 569,884 610,884 650,883 691,883 732,883 772,883 813,883 853,882 894,882 935,881 975,881 1016,880 1056,879 1097,878 1138,877"/>
                <TextEquiv>
                    <Unicode>qui datus est nobis. Ex quo perspicue intelligi¬ </Unicode>
                </TextEquiv>
            </TextLine>
            <TextLine id="r1l19" custom="readingOrder {index:16;}">
                <Coords points="321,948 1127,942 1144,902 320,906"/>
                <Baseline points="326,934 366,934 407,933 447,933 488,932 529,932 569,932 610,932 651,931 691,931 732,931 773,931 813,931 854,930 895,930 935,929 976,929 1017,928 1057,928 1098,927 1139,926"/>
                <TextEquiv>
                    <Unicode>tur Spiritum sanctum esse non ipsam illam cha¬</Unicode>
                </TextEquiv>
            </TextLine>
            <TextLine id="r1l20" custom="readingOrder {index:17;}">
                <Coords points="319,1000 1144,991 1143,936 942,959 319,948"/>
                <Baseline points="324,982 364,982 405,981 446,981 486,981 527,981 568,980 608,980 649,980 690,980 731,979 771,979 812,979 853,978 893,978 934,977 975,977 1015,976 1056,976 1097,975 1138,975"/>
                <TextEquiv>
                    <Unicode>ritatem, sed illius in nobis autorem, creatorem</Unicode>
                </TextEquiv>
            </TextLine>
            <TextLine id="r1l21" custom="readingOrder {index:18;}">
                <Coords points="324,1035 1150,1046 1129,990 324,1002"/>
                <Baseline points="329,1029 369,1030 410,1030 451,1030 492,1030 532,1030 573,1030 614,1029 655,1029 695,1029 736,1028 777,1028 818,1027 858,1027 899,1026 940,1026 981,1025 1021,1025 1062,1024 1103,1024 1144,1024"/>
                <TextEquiv>
                    <Unicode>ac patrem. Confundit ergo Lombardus mani¬ </Unicode>
                </TextEquiv>
            </TextLine>
            <TextLine id="r1l22" custom="readingOrder {index:19;}">
                <Coords points="310,1091 1153,1084 1153,1042 1084,1032 1015,1052 310,1040"/>
                <Baseline points="315,1078 356,1078 398,1078 439,1078 481,1078 523,1078 564,1078 606,1077 648,1077 689,1077 731,1076 773,1076 814,1075 856,1075 898,1075 939,1074 981,1074 1023,1073 1064,1073 1106,1072 1148,1072"/>
                <TextEquiv>
                    <Unicode>festissime charitatem illam quae in nobis est, &amp; </Unicode>
                </TextEquiv>
            </TextLine>
            <TextLine id="r1l23" custom="readingOrder {index:20;}">
                <Coords points="316,1135 389,1155 420,1131 1109,1143 1157,1128 1156,1083 315,1096"/>
                <Baseline points="321,1127 362,1128 404,1128 445,1127 487,1127 528,1127 570,1126 611,1126 653,1125 694,1125 736,1124 777,1124 819,1123 860,1123 902,1122 943,1122 985,1122 1026,1122 1068,1122 1109,1122 1151,1122"/>
                <TextEquiv>
                    <Unicode>est qualitas creata, cum ipso creatore illius Spi¬</Unicode>
                </TextEquiv>
            </TextLine>
            <TextLine id="r1l24" custom="readingOrder {index:21;}">
                <Coords points="316,1201 706,1176 1156,1193 1156,1146 315,1142"/>
                <Baseline points="321,1175 362,1175 404,1175 445,1175 487,1175 528,1174 570,1174 611,1174 653,1173 694,1173 736,1173 777,1173 819,1172 860,1172 902,1172 943,1171 985,1171 1026,1170 1068,1170 1109,1169 1151,1169"/>
                <TextEquiv>
                    <Unicode>ritu sancto qui est Deus, id est, pessime, neque</Unicode>
                </TextEquiv>
            </TextLine>
            <TextLine id="r1l25" custom="readingOrder {index:22;}">
                <Coords points="318,1232 1098,1234 1155,1229 1155,1192 566,1181 539,1201 516,1178 318,1199"/>
                <Baseline points="323,1223 364,1223 405,1223 446,1223 488,1223 529,1223 570,1223 612,1222 653,1222 694,1221 736,1221 777,1220 818,1220 859,1219 901,1219 942,1219 983,1219 1025,1218 1066,1218 1107,1219 1149,1219"/>
                <TextEquiv>
                    <Unicode>absque blasphemia effectum cum sua causa,</Unicode>
                </TextEquiv>
            </TextLine>
            <TextLine id="r1l26" custom="readingOrder {index:23;}">
                <Coords points="316,1285 1152,1285 1152,1230 486,1250 316,1231"/>
                <Baseline points="321,1270 362,1270 403,1271 444,1271 486,1271 527,1271 568,1271 610,1271 651,1271 692,1270 734,1270 775,1269 816,1269 857,1269 899,1268 940,1268 981,1268 1023,1267 1064,1267 1105,1267 1147,1267"/>
                <TextEquiv>
                    <Unicode>Deum cum suo dono, eoque creato ineptus i¬</Unicode>
                </TextEquiv>
            </TextLine>
            <TextLine id="r1l27" custom="readingOrder {index:24;}">
                <Coords points="321,1336 418,1329 449,1341 536,1323 559,1333 675,1325 675,1305 623,1293 601,1275 513,1296 485,1278 379,1296 321,1280"/>
                <Baseline points="326,1319 352,1320 378,1320 405,1320 431,1320 458,1320 484,1319 511,1319 537,1318 564,1318 590,1318 617,1318 643,1318 670,1319"/>
                <TextEquiv>
                    <Unicode>ste magister miscet.</Unicode>
                </TextEquiv>
            </TextLine>
            <TextLine id="r1l28" custom="readingOrder {index:25;}">
                <Coords points="378,1372 1165,1378 1165,1344 1112,1317 934,1342 470,1331 434,1357 378,1333"/>
                <Baseline points="383,1371 421,1370 460,1369 499,1368 538,1368 577,1368 616,1367 654,1367 693,1367 732,1366 771,1366 810,1366 849,1366 888,1366 926,1366 965,1366 1004,1365 1043,1365 1082,1365 1121,1365 1160,1364"/>
                <TextEquiv>
                    <Unicode>2 Dilectionem quantum. Non magis ista,</Unicode>
                </TextEquiv>
            </TextLine>
            <TextLine id="r1l29" custom="readingOrder {index:26;}">
                <Coords points="327,1426 1164,1433 1164,1378 327,1389"/>
                <Baseline points="333,1416 374,1416 415,1416 456,1416 498,1416 539,1416 580,1416 622,1416 663,1416 704,1415 746,1415 787,1415 828,1415 869,1414 911,1414 952,1413 993,1413 1035,1412 1076,1412 1117,1411 1159,1411"/>
                <TextEquiv>
                    <Unicode>quam superior sententia, Lombardum iuuat.</Unicode>
                </TextEquiv>
            </TextLine>
            <TextLine id="r1l30" custom="readingOrder {index:27;}">
                <Coords points="326,1477 1161,1460 1160,1432 1106,1417 1077,1439 1011,1420 326,1442"/>
                <Baseline points="331,1464 372,1464 413,1464 454,1464 495,1465 537,1465 578,1465 619,1465 660,1465 701,1464 743,1464 784,1464 825,1464 866,1463 907,1463 949,1462 990,1462 1031,1461 1072,1460 1113,1460 1155,1459"/>
                <TextEquiv>
                    <Unicode>in quam recitanda robusta fraude vsus est, &amp; sco¬</Unicode>
                </TextEquiv>
            </TextLine>
            <TextLine id="r1l31" custom="readingOrder {index:28;}">
                <Coords points="334,1535 676,1519 787,1539 831,1516 952,1540 1000,1516 1161,1521 1161,1477 333,1473"/>
                <Baseline points="339,1511 379,1512 420,1512 461,1513 502,1513 543,1514 584,1514 624,1514 665,1514 706,1514 747,1513 788,1513 829,1513 870,1512 910,1511 951,1511 992,1510 1033,1509 1074,1508 1115,1507 1156,1506"/>
                <TextEquiv>
                    <Unicode>pum ipsum Augustini (qui inter praecisas ab</Unicode>
                </TextEquiv>
            </TextLine>
            <TextLine id="r1l32" custom="readingOrder {index:29;}">
                <Coords points="324,1568 1007,1580 1164,1571 1164,1534 1100,1515 533,1540 403,1518 324,1540"/>
                <Baseline points="329,1559 370,1560 412,1561 453,1561 495,1561 536,1562 578,1562 619,1562 661,1562 702,1561 744,1561 785,1560 827,1560 868,1559 910,1559 951,1558 993,1557 1034,1557 1076,1556 1117,1555 1159,1555"/>
                <TextEquiv>
                    <Unicode>isto sententias medius iacet) astute dissimulat.</Unicode>
                </TextEquiv>
            </TextLine>
            <TextLine id="r1l33" custom="readingOrder {index:30;}">
                <Coords points="323,1628 1158,1623 1158,1580 1076,1561 667,1587 323,1567"/>
                <Baseline points="328,1608 369,1608 410,1609 451,1609 493,1610 534,1610 575,1610 616,1610 658,1610 699,1610 740,1609 781,1609 823,1608 864,1608 905,1607 946,1607 988,1606 1029,1605 1070,1605 1111,1604 1153,1604"/>
                <TextEquiv>
                    <Unicode>Sic igitur August. Cum ergo de dilectione diligi¬ </Unicode>
                </TextEquiv>
            </TextLine>
            <TextLine id="r1l34" custom="readingOrder {index:31;}">
                <Coords points="323,1671 1123,1673 1169,1659 1169,1609 1074,1635 1016,1612 953,1634 323,1629"/>
                <Baseline points="328,1656 369,1656 411,1657 453,1657 495,1657 537,1657 578,1657 620,1657 662,1657 704,1657 746,1657 787,1657 829,1657 871,1656 913,1656 955,1655 996,1655 1038,1655 1080,1654 1122,1654 1164,1653"/>
                <TextEquiv>
                    <Unicode>mus fratrem, de Deo diligimus fratrem. Nec fieri</Unicode>
                </TextEquiv>
            </TextLine>
            <TextLine id="r1l35" custom="readingOrder {index:32;}">
                <Coords points="324,1731 366,1709 1110,1725 1164,1704 1163,1663 323,1671"/>
                <Baseline points="329,1705 370,1706 411,1706 453,1706 494,1706 536,1706 577,1706 619,1706 660,1705 702,1705 743,1705 784,1705 826,1705 867,1704 909,1704 950,1704 992,1703 1033,1703 1075,1703 1116,1702 1158,1702"/>
                <TextEquiv>
                    <Unicode>potest, vt eandem dilectionem non praecipue diliga¬</Unicode>
                </TextEquiv>
            </TextLine>
            <TextLine id="r1l36" custom="readingOrder {index:33;}">
                <Coords points="331,1761 469,1789 527,1765 686,1790 795,1765 1046,1785 1164,1759 1164,1727 330,1730"/>
                <Baseline points="336,1754 377,1755 418,1755 459,1756 500,1756 541,1756 582,1756 624,1756 665,1756 706,1756 747,1756 788,1755 829,1755 870,1755 912,1754 953,1754 994,1753 1035,1753 1076,1752 1117,1752 1159,1751"/>
                <TextEquiv>
                    <Unicode>mus, qua fratrem diligimus, Vnde colligitur (&amp; hoc</Unicode>
                </TextEquiv>
            </TextLine>
            <TextEquiv>
                <Unicode>proximum diligimus, vel Deum. Atque vt ma¬
iorem fraudem hominibus ipsos fontes, id est, 
ipsum autorem Augustinum non adeuntibus
faceret, subticuit, suppressitque magno dolo
expressiss ima verba, quae totum hunc locum fla¬
gitiose detorqueri demonstrabunt. Sic igitur
August. Et pleraque alia reperimus in literis san¬
ctis, in quibus sola dilectio proximi ad perfectionem
praecipi videtur, &amp; taceri de dilectione Dei, cum in
vtroque lex pendeat, &amp; Prophetae. Sed &amp; hoc ideo,
quia &amp; qui proximum diligit, consequens est, vt ipsam 
praecipue dilectionem diligat, id est, Deum. Praete¬
rea eo ipso loco citat August. illud Pauli di¬
ctum ex Roman. 8. Ver. 8. Quoniam charitas Dei
diffusa est in cordibus nostris per Spiritum sanctum 
qui datus est nobis. Ex quo perspicue intelligi¬ 
tur Spiritum sanctum esse non ipsam illam cha¬
ritatem, sed illius in nobis autorem, creatorem
ac patrem. Confundit ergo Lombardus mani¬ 
festissime charitatem illam quae in nobis est, &amp; 
est qualitas creata, cum ipso creatore illius Spi¬
ritu sancto qui est Deus, id est, pessime, neque
absque blasphemia effectum cum sua causa,
Deum cum suo dono, eoque creato ineptus i¬
ste magister miscet.
2 Dilectionem quantum. Non magis ista,
quam superior sententia, Lombardum iuuat.
in quam recitanda robusta fraude vsus est, &amp; sco¬
pum ipsum Augustini (qui inter praecisas ab
isto sententias medius iacet) astute dissimulat.
Sic igitur August. Cum ergo de dilectione diligi¬ 
mus fratrem, de Deo diligimus fratrem. Nec fieri
potest, vt eandem dilectionem non praecipue diliga¬
mus, qua fratrem diligimus, Vnde colligitur (&amp; hoc</Unicode>
            </TextEquiv>
        </TextRegion>
    </Page>
</PcGts>
