1269 2034
297 86 1158 164 qua huiusmodi quae concedit esse Dei attribu¬
299 141 1147 200 ta, vel dona. Huius tam alienae a veritate sen¬
299 208 1120 257 tentiae fundamentum totum ex certarum quam¬
304 249 1159 304 rundem svllabarum captatione petitum est, nem¬
303 288 1153 362 pe quod non dicitur Deus charitas est nostra
309 336 1158 410 quemadmodum dicitur & Spes, & misericordia,
313 386 1149 452 & sapientia nostra, &c. Haec autem vt perspicue
310 435 1158 495 confutemus, Primum Lombardum Lombar¬
307 489 1152 547 do, siue Augustinum Augustino (quoniam ex
301 530 1156 596 Augustino ista sumpsit Lombardus) opponi¬
305 579 1149 644 mus. Nam hic cap. 2. huius Sectionis, & Augu¬
307 640 1150 690 stinus lib. de Lit, & Spir. cap. 22. has Scripturae
304 678 1144 746 phrases, vt plane inter se consentientes confe¬
308 730 1141 787 runt, Charitas Dei, iustitia Dei, salus Dei, & si¬
300 777 1141 832 miles, ex quibus omnia haec esse Dei dona intel
307 822 1136 880 ligitur. Ergo quod in Deo est iustitia, salus,
301 873 1136 925 misericordia, idem quoque est charitas, nem¬
317 919 1133 973 pe Dei attributum, vel donum: non autem vola¬
308 965 1145 1044 Deinde cap1y. huius Distinct. & lib. 2. de doct.
304 1017 1140 1074 Christian. cap. Io. charitas definitur esse motus
310 1078 1147 1133 animi nostri ad fruendum Deo. Ergo chari¬
315 1117 1135 1174 tas quae in nobis est, est effectum diuinae naturae
314 1161 1149 1223 in nobis, non autem ipsa Dei goia. Tertio quis
313 1206 1139 1277 vnquam fando audiuit aliam esse harum locutio¬
306 1259 1147 1323 num, Deus est spes, vel sapientia mea: Et Deus est
310 1313 1134 1366 dilectio, & amor meus, explicandarum legem at
310 1352 1149 1418 que rationem: vti enim dicitur, Deus spes no¬
304 1409 1148 1456 stra, tum quod illius obiectum sit, tum etiam
303 1465 1147 1512 efficiens caussa: sic & idem Deus est dilectio seu
310 1499 1152 1557 charitas nostra. est & causa nostrae charitatis, & il¬
308 1549 1147 1613 lius finis atque etiam obiectum. Neque vero
301 1596 1149 1654 Deus spes nostra esse potest, quin idem eodem¬
307 1650 1153 1722 que modo sit charitas nostra, propterea quod
315 1692 1152 1775 diligimus ea, quae speramus, & dilectio a spe
