1280 2037
128 108 954 173 his Hila. pluralitatem personarum voluit intelligi
130 169 959 225 nomine consortij: atque significauit nomine consortij
129 216 956 276 vel pluralitatis non poni aliquid, sed remoueri. Plu¬
126 272 952 319 ralitas enim uel consortium personarum quum dicitur,
127 312 959 373 solitudo vel singularitas negatur: quum dicimus plu¬
128 360 961 417 res esse personas, significamus quod non est vna sola¬
130 399 966 473 Tdeo Hilarius volens ista subtiliter & sane intelligi,
126 451 958 527 ait, Professio consortij substulit intelligentiam singu¬
125 507 967 560 laritatis. non dicit, posuit aliquid: ita etiam quum
129 558 965 614 dicimus tres personas, singularitatem & solitudinem
124 611 961 671 tollimus: & quod Pater non est, solus, nec Filius est so¬
126 651 954 709 lus, nec Spiritus sanctus est solus, significamus: &
126 702 959 758 quod nec Pater tantum est & Filius, nec Pater tan¬
118 755 955 810 tum & Spiritus sanctus, nec Filius tantum & Spi¬
127 805 936 864 tritus sanctus. De hoc autem in sequenti pleniusage
122 852 939 910 ur vbi etiam secundum quid similes dicantur tre
115 902 972 956 personae, vt vtrum aliquo modo sit, sibi diuersitas vel¬
127 941 505 1011 differentia ostendetur.
389 1005 672 1080 CAP. VI
187 1072 913 1150 Ad idem quod coeperat redit, vt alias au¬
352 1127 717 1202 thoritates supponat.
172 1161 960 1252 NVNC uero ad propositum redeamus, & ad
131 1228 959 1302 ostendendum personarum pluralitatem, atque essen¬
119 1290 960 1349 tiae Diuinae vnitate alias sanctorum authoritates in
119 1329 952 1392 ducamus. Moyses dicit. In principio Deus creauit
121 1384 952 1439 caelum et terram: per Deum significans Patrem: per
121 1428 947 1487 principium, Filium. Etppro eo quod apud nos Deus
118 1484 951 1543 dicitur, Hebraica veritas habet Heloim: quod est
120 1526 968 1593 plurale huius singularis, quodest Hel. Quod ergo no
121 1574 958 1641 est dictam Hel, quod est Deus: sed Heloim, quod inter¬
121 1627 953 1693 pretari potest Dijsiue ludices: ad pluralitatem perso¬
122 1675 957 1744 narum refertur. Ad quam etiam illudattinere vide¬
120 1723 973 1805 tur, quod diabolus per serpentem dixit. Eritisc
