1276 2038
288 107 1143 180 ait Ioannnes Baptista, non enim ad mensuram dat
298 158 1136 232 Deus Spiritum, de ipso Dei Filio loquebatur, cui
297 212 1144 275 non est datus Spiritus ad mensuram, quia in eo in¬
297 252 1148 325 habitat omnis plenitudo diuinitatis. Neque enim
297 293 1152 380 sine gratia &c. Hoc tam necessarium non fuit
302 363 595 429 abscindendum.
525 415 885 513 AD CAP. XI
421 487 1159 565 Vnde dilectio est. Locus ἀωεις δεονμωoς, ex
307 541 1156 623 quo illud tantum colligi potest Charitatem Dei
313 594 1151 681 de qua Paulus Galat. 2. Vers. 6 & Roman. 8. Ver.
312 647 1159 733 g. esse eam, qua nos Deum diligimus, quae &
315 698 1159 777 ipsa quoque a Deo est, siue a Spiritu sancto,
311 737 1157 818 non autem a nobis. Verba Augustini haec sunt,
312 788 1150 874 Postreme haec est fides, quae per dilectionem opera¬
311 848 1149 916 tur, non per timorem: non formidando poenam, sed a¬
306 890 1147 961 mando iustitiam. Vnde ergo ista dilectio, id est, cha¬
314 938 1150 1008 ritas, per quam fides operatur, nisi vnde illa fides,
321 980 1157 1060 &c. Ergo de eo non agit August, vtrum eadem
321 1030 1160 1104 sit vel numero, vel specie ea charitas qua nos
319 1091 1165 1159 Deu diligimus, & nos ipsos Deus: neque quic¬
326 1127 1165 1211 quam habet cum isto Lombardi argumento ar¬
316 1165 1165 1255 fine. Caeterum etsi August. non hic tantum, sed
330 1225 1161 1298 & Serm. 44. De verb. Euangelistae: itemque a¬
329 1269 1163 1347 lij, vti Ambrosius, Prosper, Anselmus, & similes
325 1315 1161 1401 locum illum Pauli Roman. 8. Versi. 8. de ea cha¬
326 1368 1166 1452 ritate interpretantur, qua Deum diligimus: ta¬
329 1423 1170 1484 men & series ipsius contextus apud Paulum,
329 1473 1167 1545 & verba ipsa Pauli eodem cap. versi 8. ostendunt
330 1512 1170 1581 de ea charitate potius esse sumendum, qua Deus
332 1559 1167 1634 nos in Christo diligit, atque complexus est. Id
333 1617 1166 1681 quod etiam ex eodem Paulo confirmatur Ro¬
331 1656 956 1753 man. 8. Versi a9, & I. Ioan, 4. Versi o.
