1310 2033
153 119 986 192 quam Cymmerias tenebras pareret, animad¬
153 181 1007 241 uerteret, ipsi totam in duo quaedam alia capita
152 238 993 282 aliterque distinxerunt. Et haec quidem de me¬
152 276 671 326 thodo Lombardi hoc loco,
196 311 1002 384 Dogmatum uero ieddς nullo modo negari
156 364 998 439 potest, quum ab ipsis Lombardi studiosissimis
163 427 1000 472 interpretibus doctrina huius loci manifeste da¬
155 462 996 529 mnetur, quemadmodum in calce huius operis
173 513 995 569 (vbi Articuli in Magistro sententiarum con¬
157 568 993 617 damnati recensentur) apparet. Vnus modo Oc¬
160 615 999 669 can Quaestio. 2. hoc loco tentauit absurdissimae
156 656 998 726 & faliissimae illius Lombardi sententiae, Quod
159 704 996 771 quae in nobis est charitas, est substantialiter Spiritus
160 751 995 820 sanctus, mitigationem atque excusatione quan¬
164 806 996 859 dam inuenire, quam tamen caeteri omnes scho¬
161 847 993 901 lastici ἀπαφαἰτατον, & inexcusabilem esse iampri¬
159 897 991 959 dem iudicarunt: sed, quemadmodum ait Quin¬
158 947 998 1009 tilianus, nullus est tam absurdus error, qui non
164 994 1002 1048 suum autorem, & patronum tandem reperiat.
165 1042 989 1111 Et certe poterat vel Lombardus ipsecnisi pror¬
158 1089 994 1146 sus caecutiisset falsa illa sua, & iam praeiudicata
157 1139 995 1199 sententia abreptus) per se animaduertere, quam
152 1188 998 1243 ἁτοπα hoc loco tueretur, cum tam multa sibi ad¬
156 1232 994 1291 uersari, & aduersus suam illam sententiam ob¬
156 1290 996 1348 iici obseruaret, quae per tota nouem capita per¬
163 1337 998 1389 sequitur. Neque tamen omnia sui illius erroris
164 1381 996 1445 incommoda vidit, vt mox dicam : & quae vidit,
164 1425 994 1482 eludit potius, quam dissoluit. In summa re¬
156 1477 1003 1541 cte scribit Irenaeus libro quarto capite sexa¬
152 1525 997 1587 gesimotertio, eam demum esse veram & ortho¬
165 1565 997 1642 doxam interpretationem Scripturae, quae ne¬
162 1623 997 1676 que absurdum & repugnans quicquam cum
171 1672 999 1736 Dei verbo habeat, neque etiam blasphemum,
