<?xml version="1.0" encoding="UTF-8" standalone="yes"?>
<PcGts xmlns="http://schema.primaresearch.org/PAGE/gts/pagecontent/2013-07-15" xmlns:xsi="http://www.w3.org/2001/XMLSchema-instance" xsi:schemaLocation="http://schema.primaresearch.org/PAGE/gts/pagecontent/2013-07-15 http://schema.primaresearch.org/PAGE/gts/pagecontent/2013-07-15/pagecontent.xsd">
    <Metadata>
        <Creator>prov=University of Rostock/Institute of Mathematics/CITlab|PLANET AI GmbH/Gundram Leifert/gundram.leifert@planet-ai.de:name=Geneva1580-m2(htr_id=30020)::::v=2.6.7
prov=University of Rostock/Institute of Mathematics/CITlab|PLANET AI GmbH/Tobias Gruening/tobias.gruening@planet-ai.de:name=de.uros.citlab.module.baseline2polygon.B2PSeamMultiOriented:v=2.6.7
prov=University of Rostock/Institute of Mathematics/CITlab|PLANET AI GmbH/Tobias Gruening/tobias.gruening@planet-ai.de:name=/net_tf/LA73_249_0mod360.pb:de.uros.citlab.segmentation.CITlab_LA_ML:v=2.6.6
Transkribus</Creator>
        <Created>2021-01-20T13:55:32.513+01:00</Created>
        <LastChange>2021-02-10T15:27:05.393+01:00</LastChange>
        <TranskribusMetadata docId="576385" pageId="23672022" pageNr="399" tsid="52349051" status="IN_PROGRESS" userId="25065" imgUrl="https://files.transkribus.eu/Get?id=XHQXYGNMICQZEKWKAOIMFWBE&amp;fileType=view" xmlUrl="https://files.transkribus.eu/Get?id=VBWWACGECRVMOUVOVMZDHKJB" imageId="18180832"/>
    </Metadata>
    <Page imageFilename="398.jpg" imageWidth="1279" imageHeight="2027">
        <ReadingOrder>
            <OrderedGroup id="ro_1612986005974" caption="Regions reading order">
                <RegionRefIndexed index="0" regionRef="r1"/>
            </OrderedGroup>
        </ReadingOrder>
        <TextRegion orientation="0.0" id="r1" custom="readingOrder {index:0;}">
            <Coords points="137,78 137,1769 978,1769 978,78"/>
            <TextLine id="r1l3" custom="readingOrder {index:0;}">
                <Coords points="137,189 317,168 973,181 960,124 137,115"/>
                <Baseline points="142,164 183,163 224,163 265,163 307,163 348,163 389,162 430,162 472,162 513,163 554,163 595,163 637,163 678,163 719,163 760,163 802,163 843,162 884,162 925,162 967,161"/>
                <TextEquiv>
                    <Unicode>bitante. Roma. 8. Ver. I8. I. Cor. a2. Vers. I2. quo¬</Unicode>
                </TextEquiv>
            </TextLine>
            <TextLine id="r1l4" custom="readingOrder {index:1;}">
                <Coords points="141,234 972,232 972,181 140,189"/>
                <Baseline points="146,214 187,213 228,212 269,211 310,211 351,211 392,211 433,211 474,211 515,211 556,211 597,211 638,211 679,211 720,211 761,211 802,211 843,210 884,209 925,209 967,208"/>
                <TextEquiv>
                    <Unicode>niam in illis suam praesentiam peculiari Eνρpeiax</Unicode>
                </TextEquiv>
            </TextLine>
            <TextLine id="r1l5" custom="readingOrder {index:2;}">
                <Coords points="140,279 977,275 976,226 947,223 140,235"/>
                <Baseline points="145,261 186,261 227,260 268,260 310,260 351,260 392,259 434,259 475,259 516,259 558,259 599,259 640,259 681,259 723,259 764,258 805,258 847,258 888,258 929,257 971,257"/>
                <TextEquiv>
                    <Unicode>&amp; sanctificatione demostrat &amp; testatur: effecta</Unicode>
                </TextEquiv>
            </TextLine>
            <TextLine id="r1l6" custom="readingOrder {index:3;}">
                <Coords points="135,317 965,322 978,276 135,281"/>
                <Baseline points="140,310 181,310 223,309 264,309 306,309 348,308 389,308 431,308 473,308 514,308 556,308 598,308 639,308 681,308 723,308 764,307 806,307 848,307 889,306 931,306 973,305"/>
                <TextEquiv>
                    <Unicode>tamen &amp; dona ipsius propterea non sunt cum</Unicode>
                </TextEquiv>
            </TextLine>
            <TextLine id="r1l7" custom="readingOrder {index:4;}">
                <Coords points="137,379 981,373 981,326 939,313 646,334 137,318"/>
                <Baseline points="142,357 183,357 225,357 267,357 308,357 350,357 392,357 433,357 475,357 517,357 559,357 600,357 642,357 684,357 725,356 767,356 809,355 850,355 892,354 934,353 976,352"/>
                <TextEquiv>
                    <Unicode>ipso Spiritu confundenda, quod iste facit. Dein¬</Unicode>
                </TextEquiv>
            </TextLine>
            <TextLine id="r1l8" custom="readingOrder {index:5;}">
                <Coords points="143,423 869,427 974,417 974,368 143,375"/>
                <Baseline points="149,407 192,406 235,406 278,405 321,405 364,405 407,405 450,405 493,405 536,405 580,405 623,405 666,405 709,405 752,405 795,404 838,404 881,403 924,403 968,402"/>
                <TextEquiv>
                    <Unicode>de pugnat hic idem error cum Patrum apertis¬</Unicode>
                </TextEquiv>
            </TextLine>
            <TextLine id="r1l9" custom="readingOrder {index:6;}">
                <Coords points="140,466 943,473 982,459 982,414 140,421"/>
                <Baseline points="146,456 187,455 229,454 270,454 312,453 353,453 395,453 436,453 478,453 519,453 561,453 603,453 644,453 686,453 727,453 769,453 810,453 852,452 893,452 935,451 977,450"/>
                <TextEquiv>
                    <Unicode>simis sententiis, quas, ne longiores simus, hic</Unicode>
                </TextEquiv>
            </TextLine>
            <TextLine id="r1l10" custom="readingOrder {index:7;}">
                <Coords points="141,521 907,506 949,527 981,524 981,460 141,476"/>
                <Baseline points="147,502 188,502 229,502 271,502 312,502 354,502 395,502 437,502 478,502 520,501 561,501 602,501 644,501 685,501 727,500 768,500 810,500 851,500 893,500 934,501 976,501"/>
                <TextEquiv>
                    <Unicode>omittemus, cum vel ex huius Distinctionis cap¬</Unicode>
                </TextEquiv>
            </TextLine>
            <TextLine id="r1l11" custom="readingOrder {index:8;}">
                <Coords points="144,560 967,569 973,522 143,520"/>
                <Baseline points="149,549 192,550 235,550 278,550 321,550 364,550 407,550 450,550 493,549 536,549 580,549 623,549 666,549 709,549 752,548 795,548 838,547 881,547 924,546 968,546"/>
                <TextEquiv>
                    <Unicode>IO. I7. I8. satis cognosci possint. Sic enim scri¬</Unicode>
                </TextEquiv>
            </TextLine>
            <TextLine id="r1l12" custom="readingOrder {index:9;}">
                <Coords points="140,617 888,614 973,607 973,565 139,557"/>
                <Baseline points="145,598 186,598 227,598 268,597 309,597 350,597 391,597 433,597 474,597 515,597 556,597 597,597 638,597 679,597 721,597 762,597 803,597 844,597 885,597 926,596 968,596"/>
                <TextEquiv>
                    <Unicode>bunt omnes Aκατυν. i. Charitatem esse motum</Unicode>
                </TextEquiv>
            </TextLine>
            <TextLine id="r1l13" custom="readingOrder {index:10;}">
                <Coords points="141,652 926,663 977,655 977,607 141,617"/>
                <Baseline points="146,648 187,647 228,646 269,646 311,646 352,646 393,645 434,645 476,645 517,645 558,645 599,645 641,645 682,645 723,645 764,645 806,645 847,644 888,644 929,644 971,643"/>
                <TextEquiv>
                    <Unicode>animi in nobis a Dei Spiritu creatum &amp; insitum.</Unicode>
                </TextEquiv>
            </TextLine>
            <TextLine id="r1l14" custom="readingOrder {index:11;}">
                <Coords points="141,710 970,699 969,664 912,654 141,658"/>
                <Baseline points="146,696 186,695 227,695 268,695 309,695 350,694 391,694 432,694 473,694 514,694 555,694 595,694 636,694 677,694 718,694 759,693 800,693 841,693 882,693 923,692 964,692"/>
                <TextEquiv>
                    <Unicode>ltaque Maximus ille scriptor Graecus prima</Unicode>
                </TextEquiv>
            </TextLine>
            <TextLine id="r1l15" custom="readingOrder {index:12;}">
                <Coords points="142,746 983,752 983,710 948,700 142,713"/>
                <Baseline points="147,742 188,742 230,742 271,742 313,741 354,741 396,741 437,742 479,742 520,742 562,742 604,742 645,742 687,742 728,741 770,741 811,741 853,740 894,740 936,739 978,738"/>
                <TextEquiv>
                    <Unicode>Centuria sententiarum ex Christianis scriptori¬</Unicode>
                </TextEquiv>
            </TextLine>
            <TextLine id="r1l16" custom="readingOrder {index:13;}">
                <Coords points="143,808 924,803 974,786 974,749 792,769 142,752"/>
                <Baseline points="148,790 189,790 230,790 271,790 312,790 353,790 394,790 435,790 476,790 517,790 558,789 599,789 640,789 681,788 722,788 763,787 804,787 845,786 886,785 927,784 969,783"/>
                <TextEquiv>
                    <Unicode>bus collectarum sic eam definit, Aοατο μλς δ διῶξε¬</Unicode>
                </TextEquiv>
            </TextLine>
            <TextLine id="r1l17" custom="readingOrder {index:14;}">
                <Coords points="144,847 655,838 812,861 977,851 977,799 144,815"/>
                <Baseline points="150,835 191,835 232,835 273,835 314,835 355,835 396,835 437,835 478,835 519,835 561,834 602,834 643,834 684,834 725,834 766,833 807,833 848,833 889,832 930,832 972,831"/>
                <TextEquiv>
                    <Unicode>σiς ψυλῆς ἁλαξῆ, κατ μάῆδόν ταν όντυν τῶς τοῳ Qεod vvo¬</Unicode>
                </TextEquiv>
            </TextLine>
            <TextLine id="r1l18" custom="readingOrder {index:15;}">
                <Coords points="142,899 809,905 949,895 984,883 984,852 141,850"/>
                <Baseline points="147,884 188,884 230,884 271,884 313,884 354,884 396,884 437,884 479,884 520,884 562,884 604,884 645,884 687,884 728,884 770,883 811,883 853,882 894,882 936,881 978,880"/>
                <TextEquiv>
                    <Unicode>σεως τεπuα. item, ωκατοι μλῳ τικτει απα δεια. Chari¬</Unicode>
                </TextEquiv>
            </TextLine>
            <TextLine id="r1l19" custom="readingOrder {index:16;}">
                <Coords points="152,953 886,933 922,952 978,942 978,894 152,906"/>
                <Baseline points="157,933 197,933 238,933 279,934 320,934 361,934 401,934 442,934 483,935 524,935 565,934 605,934 646,934 687,934 728,934 769,933 809,933 850,933 891,932 932,932 973,931"/>
                <TextEquiv>
                    <Unicode>tas est animi affectus bonus, qua animus noster nihil</Unicode>
                </TextEquiv>
            </TextLine>
            <TextLine id="r1l20" custom="readingOrder {index:17;}">
                <Coords points="147,1003 881,1003 979,994 979,945 147,954"/>
                <Baseline points="153,980 194,981 235,982 276,982 317,982 358,983 399,983 440,983 481,983 522,983 563,983 604,983 645,983 686,983 727,983 768,983 809,983 850,983 891,983 932,983 974,983"/>
                <TextEquiv>
                    <Unicode>quicquam Dei cognitioni praefert. item, Charitatem </Unicode>
                </TextEquiv>
            </TextLine>
            <TextLine id="r1l21" custom="readingOrder {index:18;}">
                <Coords points="154,1043 979,1042 979,1008 906,993 154,1004"/>
                <Baseline points="159,1028 199,1029 240,1030 281,1030 322,1031 362,1031 403,1031 444,1032 485,1032 525,1032 566,1032 607,1032 648,1032 688,1031 729,1031 770,1031 811,1031 851,1031 892,1031 933,1031 974,1031"/>
                <TextEquiv>
                    <Unicode>parit in nobis animus omni perturbatione vacuus.</Unicode>
                </TextEquiv>
            </TextLine>
            <TextLine id="r1l22" custom="readingOrder {index:19;}">
                <Coords points="142,1097 973,1099 973,1052 931,1040 142,1051"/>
                <Baseline points="148,1078 189,1079 230,1079 271,1080 312,1080 353,1080 394,1080 435,1081 476,1081 517,1081 558,1081 599,1081 640,1081 681,1081 722,1081 763,1080 804,1080 845,1080 886,1080 927,1079 968,1079"/>
                <TextEquiv>
                    <Unicode>Damasce. in Histor. Spiritus habitat in nobis ba¬</Unicode>
                </TextEquiv>
            </TextLine>
            <TextLine id="r1l23" custom="readingOrder {index:20;}">
                <Coords points="144,1144 792,1133 882,1153 980,1140 980,1097 144,1103"/>
                <Baseline points="150,1128 191,1128 232,1128 273,1128 315,1129 356,1129 397,1129 438,1129 480,1129 521,1130 562,1130 603,1130 645,1130 686,1130 727,1130 768,1129 810,1129 851,1129 892,1129 933,1128 975,1127"/>
                <TextEquiv>
                    <Unicode>ptixatis, ait, nos illuminando, &amp; ad Dei imaginem</Unicode>
                </TextEquiv>
            </TextLine>
            <TextLine id="r1l24" custom="readingOrder {index:21;}">
                <Coords points="133,1194 952,1191 980,1186 980,1147 133,1149"/>
                <Baseline points="139,1177 180,1177 222,1177 264,1177 306,1178 347,1178 389,1178 431,1178 473,1178 514,1178 556,1178 598,1178 640,1178 681,1178 723,1178 765,1178 807,1178 848,1178 890,1178 932,1178 974,1178"/>
                <TextEquiv>
                    <Unicode>ac similitudine renouando. Denique vel duo haec</Unicode>
                </TextEquiv>
            </TextLine>
            <TextLine id="r1l25" custom="readingOrder {index:22;}">
                <Coords points="136,1234 971,1240 971,1204 932,1187 136,1203"/>
                <Baseline points="141,1224 182,1225 223,1226 264,1226 306,1226 347,1227 388,1227 429,1227 471,1227 512,1227 553,1227 594,1227 636,1227 677,1227 718,1227 759,1226 801,1226 842,1226 883,1226 924,1226 966,1226"/>
                <TextEquiv>
                    <Unicode>absurda, quae ex hoc errore Lombardi conse¬</Unicode>
                </TextEquiv>
            </TextLine>
            <TextLine id="r1l26" custom="readingOrder {index:23;}">
                <Coords points="139,1284 243,1276 293,1302 808,1279 837,1300 980,1280 948,1235 139,1252"/>
                <Baseline points="144,1273 185,1273 227,1274 268,1274 310,1274 351,1274 393,1274 434,1274 476,1274 517,1274 559,1274 600,1274 642,1274 683,1274 725,1274 766,1274 808,1274 849,1274 891,1274 932,1275 974,1275"/>
                <TextEquiv>
                    <Unicode>quuntur, satis eum detestandum esse demostrant.</Unicode>
                </TextEquiv>
            </TextLine>
            <TextLine id="r1l27" custom="readingOrder {index:24;}">
                <Coords points="144,1329 977,1335 977,1292 897,1283 144,1288"/>
                <Baseline points="150,1319 191,1320 232,1321 273,1321 314,1322 355,1323 396,1323 437,1323 478,1323 519,1323 561,1323 602,1323 643,1323 684,1323 725,1323 766,1323 807,1323 848,1323 889,1323 930,1323 972,1323"/>
                <TextEquiv>
                    <Unicode>Primum quod facit Sp. S. motum tatum quen¬</Unicode>
                </TextEquiv>
            </TextLine>
            <TextLine id="r1l28" custom="readingOrder {index:25;}">
                <Coords points="145,1388 974,1387 974,1345 945,1338 321,1351 145,1329"/>
                <Baseline points="150,1369 193,1369 236,1370 279,1370 322,1371 365,1371 408,1371 451,1371 494,1371 537,1371 581,1371 624,1371 667,1371 710,1371 753,1371 796,1371 839,1371 882,1371 925,1371 969,1372"/>
                <TextEquiv>
                    <Unicode>dam, eumque creatum, qualis est charitas ea quae</Unicode>
                </TextEquiv>
            </TextLine>
            <TextLine id="r1l29" custom="readingOrder {index:26;}">
                <Coords points="142,1436 979,1431 979,1385 944,1378 143,1388"/>
                <Baseline points="148,1418 189,1418 230,1418 271,1418 313,1419 354,1419 395,1419 437,1419 478,1419 519,1419 561,1419 602,1420 643,1420 684,1420 726,1420 767,1420 808,1420 850,1419 891,1419 932,1419 974,1419"/>
                <TextEquiv>
                    <Unicode>est in nobis. Secundum, quod cum charitas in</Unicode>
                </TextEquiv>
            </TextLine>
            <TextLine id="r1l30" custom="readingOrder {index:27;}">
                <Coords points="139,1477 984,1486 984,1443 860,1429 139,1442"/>
                <Baseline points="144,1468 185,1467 227,1466 269,1466 310,1466 352,1466 394,1466 435,1466 477,1466 519,1467 561,1467 602,1467 644,1467 686,1468 727,1468 769,1467 811,1467 852,1466 894,1466 936,1465 978,1463"/>
                <TextEquiv>
                    <Unicode>nobis inerit, minime in nobismetipsis immura¬</Unicode>
                </TextEquiv>
            </TextLine>
            <TextLine id="r1l31" custom="readingOrder {index:28;}">
                <Coords points="135,1531 953,1526 975,1475 135,1479"/>
                <Baseline points="140,1516 181,1515 223,1515 264,1515 306,1515 347,1515 389,1515 430,1516 472,1516 513,1516 555,1517 596,1517 638,1517 679,1517 721,1517 762,1516 804,1516 845,1515 887,1513 928,1512 970,1510"/>
                <TextEquiv>
                    <Unicode>bimur, sed erimus tatum vasa &amp; domicilium ωυαι¬</Unicode>
                </TextEquiv>
            </TextLine>
            <TextLine id="r1l32" custom="readingOrder {index:29;}">
                <Coords points="132,1574 841,1589 976,1576 976,1526 132,1533"/>
                <Baseline points="137,1561 178,1562 220,1562 262,1563 303,1563 345,1564 387,1564 428,1564 470,1565 512,1565 554,1565 595,1565 637,1565 679,1565 720,1565 762,1564 804,1564 845,1563 887,1563 929,1562 971,1560"/>
                <TextEquiv>
                    <Unicode>Vάητὸν habitantis in nobis Sp. S. veluti quum in</Unicode>
                </TextEquiv>
            </TextLine>
            <TextLine id="r1l33" custom="readingOrder {index:30;}">
                <Coords points="139,1623 472,1615 505,1640 981,1618 940,1570 477,1593 139,1575"/>
                <Baseline points="144,1607 185,1608 227,1610 268,1611 310,1612 352,1613 393,1613 435,1614 476,1614 518,1614 560,1614 601,1614 643,1613 684,1613 726,1613 768,1612 809,1611 851,1611 892,1610 934,1610 976,1609"/>
                <TextEquiv>
                    <Unicode>dolium infunditur aqua, nulla dolij fit mutatio. </Unicode>
                </TextEquiv>
            </TextLine>
            <TextLine id="r1l34" custom="readingOrder {index:31;}">
                <Coords points="133,1664 973,1679 973,1634 922,1620 134,1624"/>
                <Baseline points="139,1650 180,1653 221,1656 263,1657 304,1659 346,1660 387,1661 429,1662 470,1662 512,1662 553,1662 594,1661 636,1661 677,1661 719,1660 760,1660 802,1659 843,1659 885,1659 926,1659 968,1659"/>
                <TextEquiv>
                    <Unicode>Quam etiam quaestionem tractat Occan in hac</Unicode>
                </TextEquiv>
            </TextLine>
            <TextLine id="r1l35" custom="readingOrder {index:32;}">
                <Coords points="141,1717 983,1718 983,1672 942,1668 633,1691 141,1670"/>
                <Baseline points="146,1701 187,1703 229,1705 270,1707 312,1708 354,1709 395,1709 437,1710 478,1710 520,1709 562,1709 603,1709 645,1708 686,1707 728,1707 770,1706 811,1706 853,1705 894,1705 936,1705 978,1706"/>
                <TextEquiv>
                    <Unicode>Sectione. Denique quod tantopere vrget iste</Unicode>
                </TextEquiv>
            </TextLine>
            <TextLine id="r1l36" custom="readingOrder {index:33;}">
                <Coords points="133,1782 913,1786 983,1771 984,1732 133,1717"/>
                <Baseline points="138,1749 180,1751 222,1752 264,1754 306,1756 348,1756 390,1757 432,1758 474,1758 516,1758 558,1758 600,1758 642,1758 684,1758 726,1758 768,1758 810,1758 852,1758 894,1758 936,1758 978,1758"/>
                <TextEquiv>
                    <Unicode>Sp. S. esse donum Dei, vt alio nullo pene nomine,</Unicode>
                </TextEquiv>
            </TextLine>
            <TextEquiv>
                <Unicode>bitante. Roma. 8. Ver. I8. I. Cor. a2. Vers. I2. quo¬
niam in illis suam praesentiam peculiari Eνρpeiax
&amp; sanctificatione demostrat &amp; testatur: effecta
tamen &amp; dona ipsius propterea non sunt cum
ipso Spiritu confundenda, quod iste facit. Dein¬
de pugnat hic idem error cum Patrum apertis¬
simis sententiis, quas, ne longiores simus, hic
omittemus, cum vel ex huius Distinctionis cap¬
IO. I7. I8. satis cognosci possint. Sic enim scri¬
bunt omnes Aκατυν. i. Charitatem esse motum
animi in nobis a Dei Spiritu creatum &amp; insitum.
ltaque Maximus ille scriptor Graecus prima
Centuria sententiarum ex Christianis scriptori¬
bus collectarum sic eam definit, Aοατο μλς δ διῶξε¬
σiς ψυλῆς ἁλαξῆ, κατ μάῆδόν ταν όντυν τῶς τοῳ Qεod vvo¬
σεως τεπuα. item, ωκατοι μλῳ τικτει απα δεια. Chari¬
tas est animi affectus bonus, qua animus noster nihil
quicquam Dei cognitioni praefert. item, Charitatem 
parit in nobis animus omni perturbatione vacuus.
Damasce. in Histor. Spiritus habitat in nobis ba¬
ptixatis, ait, nos illuminando, &amp; ad Dei imaginem
ac similitudine renouando. Denique vel duo haec
absurda, quae ex hoc errore Lombardi conse¬
quuntur, satis eum detestandum esse demostrant.
Primum quod facit Sp. S. motum tatum quen¬
dam, eumque creatum, qualis est charitas ea quae
est in nobis. Secundum, quod cum charitas in
nobis inerit, minime in nobismetipsis immura¬
bimur, sed erimus tatum vasa &amp; domicilium ωυαι¬
Vάητὸν habitantis in nobis Sp. S. veluti quum in
dolium infunditur aqua, nulla dolij fit mutatio. 
Quam etiam quaestionem tractat Occan in hac
Sectione. Denique quod tantopere vrget iste
Sp. S. esse donum Dei, vt alio nullo pene nomine,</Unicode>
            </TextEquiv>
        </TextRegion>
    </Page>
</PcGts>
