1253 2033
301 111 1159 163 vt donum sit, sed omnino vt sit Quod si nonnisi quia
306 159 1136 216 datur, id est, si non habet esse nisi eo quod datur, sic¬
305 205 1150 266 ut Filius nascendo habet non tantum ut sit Filius
314 256 1134 315 (quod relatiue dicitur) sed omnino vt sit ipsa sub.
302 293 1141 370 stantia: quomodo iam Spiritus sanctus erat ipsa sub.
300 346 1142 411 stantia: quum non prius daretur, quam esset cui da¬
309 405 1144 455 reture Non ergo eo quod datur, sed procedendo ha¬
306 444 1150 493 bet vt sit donum, & vt sit essentia: sicut Filius non
313 498 1149 556 eo quod datus est, sed nascendo accepit non tantum
310 541 1147 603 vt sit Filius, sed vt essentia. Vnde S August, in xv.
313 594 1152 653 lib. de Trinitate ait. Sicut Filio praestat essentiam
323 646 1134 703 sine initio temporis, sine mutabilitate naturae de Pa¬
315 685 1144 749 tre generatio: ita Spiritui sancto praestat essentiam si¬
309 747 1142 796 ne ullo initio temporis, sine vlla mutabilitate naturae
304 792 649 857 de vtroque processio.
547 878 849 960 CAP. VII
336 927 1105 1036 Quod ex praedictis videtur, quod Filius non
391 1011 1038 1072 tantum sit Filius natiuitate, sed etiam
481 1057 926 1132 de simili essentia, & Spi¬
552 1109 879 1175 ritus sanctus pro¬
627 1154 796 1230 cessione.
356 1213 1143 1282 HIC oritur quaestio: Si Filius nascendo habet
310 1273 1133 1338 non tantum vt sit Filius, sed vt sit essentia: & Spiri
310 1317 1149 1387 tus sanctus procedendo non tantum vt sit donum, sed
311 1377 1147 1441 vt sit essentia: ergo & Filius natiuitate essentia est,
312 1421 1148 1483 & Spiritus sanctus processione est essentia: cum alibi
314 1469 1149 1533 dicatur, quod nec Pater eo Pater est quo Deus, nec
312 1524 1145 1582 Filius eo Filius quo Deus nec Spiritus sanctus eo
319 1565 1156 1632 donum quo Deus: quia vt ait August. in vij. libro de
320 1609 1149 1674 Trin. His nominibus relatiua eorum ostenduntur,
309 1666 1154 1725 non essentia. Vnde post plenius agemus. Ad quod
313 1709 1167 1792 breuiter respondentes dicimus, quia nec Filius nati¬.
