1288 2030
146 109 992 179 Ergo Spiritum sanctum vocat Donum, quae vox
157 187 995 238 procul dubio est ἐκ τῶν τ&ς n, & ab alio esse id si¬
154 224 992 289 gnificat, quod donum appellatur. Iste vero no¬
153 271 995 330 dum in scirpo quaerens, ea, quae iξηημνεως id est,
158 317 993 373 explanationis duntaxat gratia ab Augustino di¬
153 377 992 436 cta sunt tanquam δωλῆς δονματα, & ipsissimos fi¬
159 411 985 468 dei Christianae articulos argute ac seuere inter¬
157 465 991 529 pretatur. Vult enim eadem ratione & eadem
158 511 992 570 aeternitate tertiam illam diuinam Personam
150 560 994 620 Spiritum sanctum : & Donum dici. In quo gra¬
158 605 650 678 uissime iste quidem fallitur.
281 673 987 749 Spiritus sanctus qui non est. Eodem perti¬
155 735 993 800 net hic quoque Augustini locus, vt ex ipsis ver¬
156 777 380 850 bis apparet.
191 833 988 906 S Semper Spiritus sanctus procedit. Locus est
149 888 990 938 sumptus ex libro quinto de Trinitate, capite
163 932 982 997 decimoquinto, qui Lombardum ninis osci¬
158 982 983 1053 tanter ista legentem, pueriliter fefellit. Nam
163 1030 990 1090 eo ipso in capite satis ostenditur, non esse ni¬
149 1079 985 1155 mium illud vrgendum, quod Spiritus sanctus
159 1126 971 1182 dicitur Donum, tanquam verissima & aeterna i¬
155 1182 981 1244 psius ex Patre & Filio emanatio commode hoc
159 1228 979 1286 vocabulo denotetur, cum ἀποπα quaedam orian¬
163 1285 961 1343 tur, si quis nimis praefracte & seuere istam ap
152 1337 983 1384 pellationem interpretetur. Sequetur enim, vt,
156 1381 974 1429 quemadmodum Filius nascendo ex Patre ha¬
153 1425 987 1478 bet & vt sit, & vt sit Filius: sic Spiritus sanctus
145 1470 987 1537 ex eo quod datur, habeat & vt sit, & donum sit.
144 1518 871 1597 Quod est omnino absurdum, & a δεκτεoν.
325 1581 718 1678 AD CAP. VI
278 1670 995 1735 Non tantum vt sit Filius, sed vt essentia.
155 1729 987 1804 Videant qui in ipsius Lombardi verba vel per¬
