1260 2034
301 107 1139 175 tinacissime iurarunt, qua ratione hanc ἐκανηωαῳ
300 170 1127 228 manifestissimam ex eo defendent, Filius nascendo
295 224 1133 283 accepit vt esset essentia, quod hoc capite dicitur.
308 239 1136 322 &, Filius natiuitate essentia non est, quod proxime
303 324 1142 373 sequenti capite affirmatur. Sic seipsam euertit
298 357 1138 414 curiositas, & scrutator nimius maiestatis Dei
304 410 1129 473 (qualem se iste in hoc toto argumento ostendit)
305 467 1141 516 ab ipsa illius gloria opprimetur, Prouerb. 2s, &
303 507 1042 560 Bernard. Sermo 2I. in Cant. Canticorum.
472 594 899 677 AD CAP. VII
354 664 1146 728 I Per defectionem. Lege per desectione, id est,
295 718 1137 779 ανατoubν. Nam & hunc modum recenset Epipha.
301 774 1138 839 in A)vvporu inter eos, quos haeretici afferebant,
313 815 1153 879 vt aeternam generationem Filij ex Patre Deo
305 867 1135 930 calumniarentur, & oppugnarent. Sic autem a¬
315 916 1139 980 pud ipsum Hilarium constantissime legitur, quen¬
310 975 1145 1017 admodum reposuimus, quanquam in omnibus
303 1014 1144 1085 Lombardi, & recentioribus & vetustioribus
311 1061 1139 1125 codicibus pertinaciter retentum est defectionem,
315 1119 1147 1174 quae vox est nihili. Vide Thomam in I. parte,
316 1158 1089 1227 Quaest. 42. Artic. 2. qui sic quoque emendat.
641 1240 801 1329 Censura.
370 1311 1149 1388 Quemadmodum superiori Distinctione in
315 1374 1149 1429 Theologiam & rem ipsam peccatum est: sic in
311 1418 1146 1478 hac in duas praestantissimas artes nimirum Gra¬
310 1477 1151 1527 maticam ac Logicam, quam appellant. Distin¬
314 1516 1151 1586 guit enim iste inter donum & datu siue donatum, sed
306 1570 1150 1619 non eo modo, quo Logici solent ἀηκ ποις παρωνύμως,
313 1615 1153 1665 vt donum & donatum (quae sunt παράνύμα, quem¬
304 1676 1156 1727 admodum lustitia & lustum, Fortitudo & For¬
311 1715 1151 1786 te, Pater & Paternum) eam inter se compara¬
