<?xml version="1.0" encoding="UTF-8" standalone="yes"?>
<PcGts xmlns="http://schema.primaresearch.org/PAGE/gts/pagecontent/2013-07-15" xmlns:xsi="http://www.w3.org/2001/XMLSchema-instance" xsi:schemaLocation="http://schema.primaresearch.org/PAGE/gts/pagecontent/2013-07-15 http://schema.primaresearch.org/PAGE/gts/pagecontent/2013-07-15/pagecontent.xsd">
    <Metadata>
        <Creator>prov=University of Rostock/Institute of Mathematics/CITlab|PLANET AI GmbH/Gundram Leifert/gundram.leifert@planet-ai.de:name=Geneva1580-m2(htr_id=30020)::::v=2.6.7
prov=University of Rostock/Institute of Mathematics/CITlab|PLANET AI GmbH/Tobias Gruening/tobias.gruening@planet-ai.de:name=de.uros.citlab.module.baseline2polygon.B2PSeamMultiOriented:v=2.6.7
prov=University of Rostock/Institute of Mathematics/CITlab|PLANET AI GmbH/Tobias Gruening/tobias.gruening@planet-ai.de:name=/net_tf/LA73_249_0mod360.pb:de.uros.citlab.segmentation.CITlab_LA_ML:v=2.6.6
Transkribus</Creator>
        <Created>2021-01-20T13:55:40.494+01:00</Created>
        <LastChange>2021-02-10T15:31:31.247+01:00</LastChange>
        <TranskribusMetadata docId="576385" pageId="23672068" pageNr="422" tsid="52349283" status="IN_PROGRESS" userId="25065" imgUrl="https://files.transkribus.eu/Get?id=KROVXOXCSOINBVCQPWCXCGQO&amp;fileType=view" xmlUrl="https://files.transkribus.eu/Get?id=KHQMILVIARRIHOTLJDAWXTTN" imageId="18180878"/>
    </Metadata>
    <Page imageFilename="421.jpg" imageWidth="1263" imageHeight="2032">
        <ReadingOrder>
            <OrderedGroup id="ro_1612986010741" caption="Regions reading order">
                <RegionRefIndexed index="0" regionRef="r2"/>
            </OrderedGroup>
        </ReadingOrder>
        <TextRegion orientation="0.0" id="r2" custom="readingOrder {index:0;}">
            <Coords points="305,49 305,1804 1162,1804 1162,49"/>
            <TextLine id="r2l3" custom="readingOrder {index:0;}">
                <Coords points="308,154 626,139 718,161 983,130 1065,154 1132,131 1132,92 307,103"/>
                <Baseline points="313,138 353,138 394,137 435,137 475,137 516,136 557,136 597,135 638,135 679,135 720,135 760,134 801,134 842,133 882,133 923,132 964,132 1004,131 1045,131 1086,130 1127,129"/>
                <TextEquiv>
                    <Unicode>coniunctionem Deitatis, qua ineffabiliter copulan¬</Unicode>
                </TextEquiv>
            </TextLine>
            <TextLine id="r2l4" custom="readingOrder {index:1;}">
                <Coords points="312,200 1129,189 1128,146 985,138 312,158"/>
                <Baseline points="317,187 357,187 397,186 437,186 478,186 518,186 558,186 599,185 639,185 679,185 720,184 760,184 800,183 840,183 881,183 921,182 961,181 1002,181 1042,180 1082,179 1123,179"/>
                <TextEquiv>
                    <Unicode>tur, unus Deus est. Pars ergo Trinitatis esse non po¬</Unicode>
                </TextEquiv>
            </TextLine>
            <TextLine id="r2l5" custom="readingOrder {index:2;}">
                <Coords points="313,246 524,264 576,234 697,257 1142,236 1115,199 947,188 313,208"/>
                <Baseline points="318,238 361,237 404,236 447,235 490,234 533,234 576,233 619,233 662,233 705,232 749,232 792,232 835,232 878,231 921,230 964,230 1007,229 1050,228 1093,226 1137,225"/>
                <TextEquiv>
                    <Unicode>test, quicunque vnus est in tribus. In Trinitate er¬</Unicode>
                </TextEquiv>
            </TextLine>
            <TextLine id="r2l6" custom="readingOrder {index:3;}">
                <Coords points="310,307 1041,297 1140,283 1140,249 310,262"/>
                <Baseline points="315,286 356,286 397,285 438,285 479,284 520,284 561,284 602,283 643,283 684,283 725,282 766,282 807,281 848,281 889,281 930,280 971,279 1012,279 1053,278 1094,277 1135,277"/>
                <TextEquiv>
                    <Unicode>go quae Deus est, &amp; Pater Deus est, &amp; Filius Deus </Unicode>
                </TextEquiv>
            </TextLine>
            <TextLine id="r2l7" custom="readingOrder {index:4;}">
                <Coords points="321,346 1120,342 1138,299 320,304"/>
                <Baseline points="326,336 366,335 406,334 447,334 487,333 527,332 568,332 608,331 648,331 689,330 729,330 769,330 810,329 850,329 890,328 931,328 971,328 1011,327 1052,327 1092,326 1133,325"/>
                <TextEquiv>
                    <Unicode>est, &amp; Spiritus sanctus Deus est: simul hi tres, unus</Unicode>
                </TextEquiv>
            </TextLine>
            <TextLine id="r2l8" custom="readingOrder {index:5;}">
                <Coords points="309,388 1139,389 1138,345 872,358 743,333 579,357 458,335 414,365 308,339"/>
                <Baseline points="314,383 357,383 400,382 443,382 486,381 529,381 572,380 615,380 658,379 701,379 745,378 788,378 831,378 874,377 917,377 960,377 1003,377 1046,376 1089,376 1133,376"/>
                <TextEquiv>
                    <Unicode>Deus. Nec huius Trinitatis tertia pars est unus, </Unicode>
                </TextEquiv>
            </TextLine>
            <TextLine id="r2l9" custom="readingOrder {index:6;}">
                <Coords points="313,438 939,449 1142,435 1142,391 313,397"/>
                <Baseline points="318,431 361,431 404,431 447,431 490,430 533,430 576,430 619,429 662,429 705,428 749,428 792,427 835,427 878,426 921,426 964,426 1007,425 1050,425 1093,425 1137,425"/>
                <TextEquiv>
                    <Unicode>nec maius aliquid duo quam vnus est ibi: nec maius</Unicode>
                </TextEquiv>
            </TextLine>
            <TextLine id="r2l10" custom="readingOrder {index:7;}">
                <Coords points="310,490 784,501 839,475 975,496 1142,484 1142,445 510,457 435,436 310,458"/>
                <Baseline points="315,481 356,481 397,481 438,481 479,480 520,480 561,479 602,479 643,478 684,477 726,477 767,476 808,476 849,475 890,475 931,474 972,474 1013,474 1054,474 1095,475 1137,475"/>
                <TextEquiv>
                    <Unicode>aliquid sunt omnes quam singuli: quia spiritualis,</Unicode>
                </TextEquiv>
            </TextLine>
            <TextLine id="r2l11" custom="readingOrder {index:8;}">
                <Coords points="313,544 1138,529 1093,487 313,504"/>
                <Baseline points="318,530 358,530 399,529 440,529 481,529 521,528 562,528 603,527 644,527 684,526 725,526 766,526 807,525 847,525 888,525 929,524 970,524 1010,524 1051,523 1092,523 1133,523"/>
                <TextEquiv>
                    <Unicode>non corporalis est magnitudo. Qui potest capere ca¬</Unicode>
                </TextEquiv>
            </TextLine>
            <TextLine id="r2l12" custom="readingOrder {index:9;}">
                <Coords points="311,601 338,582 415,605 444,579 1045,595 1141,578 1141,530 1060,551 311,548"/>
                <Baseline points="316,580 357,579 398,578 439,578 480,578 521,577 562,577 603,577 644,576 685,576 726,576 767,575 808,575 849,575 890,574 931,574 972,574 1013,573 1054,573 1095,572 1136,572"/>
                <TextEquiv>
                    <Unicode>piat: qui autem non potest, credat, &amp; oret, vt, quod</Unicode>
                </TextEquiv>
            </TextLine>
            <TextLine id="r2l13" custom="readingOrder {index:10;}">
                <Coords points="308,640 1033,649 1137,622 1136,585 307,605"/>
                <Baseline points="313,629 356,628 399,628 442,627 485,627 528,626 571,626 614,625 657,625 700,624 744,624 787,623 830,623 873,622 916,621 959,621 1002,620 1045,620 1088,619 1132,618"/>
                <TextEquiv>
                    <Unicode>credit, intelligat, Verum est enim quod per Prophe¬</Unicode>
                </TextEquiv>
            </TextLine>
            <TextLine id="r2l14" custom="readingOrder {index:11;}">
                <Coords points="308,687 1129,683 1144,635 1048,657 641,630 307,654"/>
                <Baseline points="313,677 354,677 395,676 437,675 478,675 519,674 561,674 602,674 643,673 685,673 726,673 767,672 809,672 850,672 891,671 933,671 974,670 1015,670 1057,669 1098,669 1140,668"/>
                <TextEquiv>
                    <Unicode>tam dicitur, nisi credideritis, non intelligetis. His</Unicode>
                </TextEquiv>
            </TextLine>
            <TextLine id="r2l15" custom="readingOrder {index:12;}">
                <Coords points="314,742 670,721 953,745 1143,721 1142,688 1038,676 314,698"/>
                <Baseline points="319,725 362,725 405,724 448,724 491,723 534,723 577,722 620,722 663,721 706,721 750,721 793,720 836,720 879,719 922,719 965,718 1008,718 1051,717 1094,717 1138,716"/>
                <TextEquiv>
                    <Unicode>verbis aperte ostendit indifferentem magnitudinem</Unicode>
                </TextEquiv>
            </TextLine>
            <TextLine id="r2l16" custom="readingOrder {index:13;}">
                <Coords points="316,785 1100,786 1140,773 1140,740 316,745"/>
                <Baseline points="322,775 362,774 403,773 443,772 484,772 525,771 565,771 606,770 647,770 687,770 728,770 769,770 809,770 850,769 891,769 931,769 972,768 1013,767 1053,767 1094,766 1135,765"/>
                <TextEquiv>
                    <Unicode>trium Personarum. Item, in eodem cap. Tu nempe</Unicode>
                </TextEquiv>
            </TextLine>
            <TextLine id="r2l17" custom="readingOrder {index:14;}">
                <Coords points="315,834 1094,836 1135,782 314,788"/>
                <Baseline points="320,825 360,823 401,822 441,821 482,821 522,820 563,820 603,819 644,819 684,819 725,819 765,818 806,818 846,818 887,817 927,817 968,817 1008,816 1049,815 1089,814 1130,813"/>
                <TextEquiv>
                    <Unicode>dixisti vnum Deum non ex partibus esse composi¬</Unicode>
                </TextEquiv>
            </TextLine>
            <TextLine id="r2l18" custom="readingOrder {index:15;}">
                <Coords points="314,883 1138,876 1111,826 314,839"/>
                <Baseline points="320,874 360,873 401,872 441,871 482,870 523,870 563,869 604,869 645,868 685,868 726,867 767,867 807,866 848,866 889,866 929,866 970,865 1011,865 1051,865 1092,865 1133,865"/>
                <TextEquiv>
                    <Unicode>tum, &amp; hoc de Patre tantum vis intelligi. Ille, inquis, </Unicode>
                </TextEquiv>
            </TextLine>
            <TextLine id="r2l19" custom="readingOrder {index:16;}">
                <Coords points="316,931 1142,935 1141,875 315,890"/>
                <Baseline points="321,923 361,921 402,920 443,919 484,919 524,918 565,917 606,917 647,916 687,916 728,916 769,915 810,915 850,915 891,914 932,914 973,914 1013,913 1054,912 1095,912 1136,911"/>
                <TextEquiv>
                    <Unicode>virtus est ingenita, simplex: &amp; tamen in hac simplici</Unicode>
                </TextEquiv>
            </TextLine>
            <TextLine id="r2l20" custom="readingOrder {index:17;}">
                <Coords points="313,981 766,966 885,990 959,963 1133,967 1133,933 312,939"/>
                <Baseline points="318,971 358,970 399,969 439,968 480,968 520,967 561,967 601,966 642,966 682,966 723,965 763,965 804,965 844,964 885,963 925,963 966,962 1006,962 1047,961 1087,959 1128,958"/>
                <TextEquiv>
                    <Unicode>virtute multavideris comemorare quum dicis, Deus </Unicode>
                </TextEquiv>
            </TextLine>
            <TextLine id="r2l21" custom="readingOrder {index:18;}">
                <Coords points="319,1027 441,1045 639,1014 719,1043 954,1015 1027,1037 1132,1018 1132,988 318,985"/>
                <Baseline points="324,1021 364,1020 404,1019 444,1018 484,1017 524,1016 564,1016 605,1015 645,1015 685,1015 725,1015 765,1014 805,1014 845,1014 886,1013 926,1013 966,1012 1006,1011 1046,1011 1086,1010 1127,1009"/>
                <TextEquiv>
                    <Unicode>Deum genuit, bonus bonum genuit, sapiens sapien¬</Unicode>
                </TextEquiv>
            </TextLine>
            <TextLine id="r2l22" custom="readingOrder {index:19;}">
                <Coords points="307,1078 1076,1080 1141,1072 1140,1021 306,1039"/>
                <Baseline points="312,1069 353,1068 394,1067 435,1067 476,1066 517,1066 558,1065 600,1065 641,1064 682,1064 723,1063 764,1063 805,1062 846,1062 888,1061 929,1061 970,1060 1011,1059 1052,1059 1093,1058 1135,1057"/>
                <TextEquiv>
                    <Unicode>tem, clemens clementem, potens potentem. Nunquid</Unicode>
                </TextEquiv>
            </TextLine>
            <TextLine id="r2l23" custom="readingOrder {index:20;}">
                <Coords points="316,1131 607,1138 658,1114 875,1136 931,1112 1085,1132 1144,1111 1143,1074 1115,1071 316,1094"/>
                <Baseline points="321,1117 361,1116 402,1116 443,1116 484,1116 525,1115 566,1115 607,1115 648,1114 689,1114 730,1113 770,1113 811,1112 852,1111 893,1111 934,1110 975,1109 1016,1109 1057,1108 1098,1107 1139,1107"/>
                <TextEquiv>
                    <Unicode>ergo bonitas, &amp; sapientia, &amp; clementia, &amp; potentia</Unicode>
                </TextEquiv>
            </TextLine>
            <TextLine id="r2l24" custom="readingOrder {index:21;}">
                <Coords points="312,1184 557,1159 682,1185 752,1161 809,1185 1061,1158 1127,1178 1136,1114 360,1145 311,1125"/>
                <Baseline points="317,1167 357,1166 398,1165 439,1164 479,1163 520,1163 561,1162 601,1161 642,1161 683,1161 724,1160 764,1160 805,1159 846,1159 886,1159 927,1158 968,1158 1008,1157 1049,1157 1090,1156 1131,1155"/>
                <TextEquiv>
                    <Unicode>tres partes sunt vnius virtutis, quem simplicem esse</Unicode>
                </TextEquiv>
            </TextLine>
            <TextLine id="r2l25" custom="readingOrder {index:22;}">
                <Coords points="312,1223 523,1211 631,1239 761,1211 835,1233 1135,1210 1134,1179 1098,1173 813,1187 754,1161 720,1188 312,1184"/>
                <Baseline points="317,1217 357,1216 398,1214 438,1213 479,1213 520,1212 560,1211 601,1211 641,1210 682,1210 723,1209 763,1209 804,1208 844,1208 885,1207 926,1207 966,1206 1007,1206 1047,1205 1088,1203 1129,1202"/>
                <TextEquiv>
                    <Unicode>dixisti Si dixeris, partes sunt, simplex ergo virtus</Unicode>
                </TextEquiv>
            </TextLine>
            <TextLine id="r2l26" custom="readingOrder {index:23;}">
                <Coords points="305,1274 1136,1271 1136,1230 748,1214 628,1241 572,1215 526,1239 304,1236"/>
                <Baseline points="310,1266 351,1264 392,1263 433,1262 474,1261 515,1261 556,1260 597,1259 638,1259 679,1258 720,1258 761,1257 802,1257 843,1256 884,1256 925,1255 966,1255 1007,1254 1048,1254 1089,1254 1131,1253"/>
                <TextEquiv>
                    <Unicode>ex partibus constat. Et simplex ista virtus, te de¬</Unicode>
                </TextEquiv>
            </TextLine>
            <TextLine id="r2l27" custom="readingOrder {index:24;}">
                <Coords points="310,1333 1136,1306 1135,1278 1086,1263 722,1283 591,1263 441,1295 309,1272"/>
                <Baseline points="315,1317 355,1315 396,1313 437,1311 478,1310 519,1309 559,1308 600,1307 641,1307 682,1306 723,1306 763,1306 804,1305 845,1305 886,1305 927,1305 967,1304 1008,1304 1049,1303 1090,1302 1131,1301"/>
                <TextEquiv>
                    <Unicode>finiente, unus est Deus : ergo Deum ex partibus</Unicode>
                </TextEquiv>
            </TextLine>
            <TextLine id="r2l28" custom="readingOrder {index:25;}">
                <Coords points="308,1382 741,1357 1143,1375 1143,1325 308,1333"/>
                <Baseline points="313,1365 354,1364 395,1362 436,1361 478,1359 519,1358 560,1357 601,1356 643,1356 684,1355 725,1355 766,1354 808,1354 849,1354 890,1354 931,1353 973,1353 1014,1353 1055,1353 1096,1353 1138,1352"/>
                <TextEquiv>
                    <Unicode>compositum esse dicis. Non dico, inquis, non sunt</Unicode>
                </TextEquiv>
            </TextLine>
            <TextLine id="r2l29" custom="readingOrder {index:26;}">
                <Coords points="316,1430 895,1404 957,1426 1012,1400 1078,1418 1143,1406 1143,1375 316,1378"/>
                <Baseline points="321,1415 361,1413 402,1410 443,1408 484,1407 525,1406 566,1405 606,1405 647,1404 688,1404 729,1404 770,1403 811,1403 852,1403 892,1403 933,1403 974,1402 1015,1402 1056,1401 1097,1400 1138,1398"/>
                <TextEquiv>
                    <Unicode>partos. Si ergo in vna persona Patris, &amp; illa in¬</Unicode>
                </TextEquiv>
            </TextLine>
            <TextLine id="r2l30" custom="readingOrder {index:27;}">
                <Coords points="313,1473 1138,1454 1129,1415 313,1429"/>
                <Baseline points="318,1462 358,1461 399,1459 440,1458 481,1457 521,1456 562,1456 603,1455 644,1454 684,1454 725,1453 766,1453 807,1453 847,1452 888,1452 929,1451 970,1450 1010,1450 1051,1449 1092,1448 1133,1447"/>
                <TextEquiv>
                    <Unicode>uenis quae plura videntur, &amp; partes non inuene¬</Unicode>
                </TextEquiv>
            </TextLine>
            <TextLine id="r2l31" custom="readingOrder {index:28;}">
                <Coords points="311,1527 604,1507 709,1528 810,1503 860,1523 887,1502 1035,1524 1142,1502 1141,1473 1099,1461 955,1456 890,1478 710,1457 310,1487"/>
                <Baseline points="316,1511 357,1509 398,1508 439,1507 480,1505 521,1505 562,1504 603,1503 644,1502 685,1502 726,1502 767,1501 808,1501 849,1500 890,1500 931,1499 972,1499 1013,1498 1054,1497 1095,1496 1136,1495"/>
                <TextEquiv>
                    <Unicode>ris, quia vna virtus simplex est: quanto magis pa¬</Unicode>
                </TextEquiv>
            </TextLine>
            <TextLine id="r2l32" custom="readingOrder {index:29;}">
                <Coords points="314,1563 1106,1564 1146,1553 1146,1518 464,1508 314,1530"/>
                <Baseline points="320,1560 361,1558 402,1557 443,1556 484,1555 525,1554 566,1553 607,1552 648,1552 689,1551 730,1550 771,1550 812,1549 853,1549 894,1548 935,1548 976,1547 1017,1546 1058,1545 1099,1544 1141,1543"/>
                <TextEquiv>
                    <Unicode>ter &amp; Filius &amp; Spiritus sanctus, &amp; propter indiui¬</Unicode>
                </TextEquiv>
            </TextLine>
            <TextLine id="r2l33" custom="readingOrder {index:30;}">
                <Coords points="310,1617 815,1602 845,1625 986,1593 1064,1615 1130,1604 1130,1570 781,1555 734,1579 309,1580"/>
                <Baseline points="315,1607 355,1606 396,1605 436,1604 477,1603 517,1602 558,1602 598,1601 639,1601 679,1600 720,1600 760,1599 801,1599 841,1598 882,1597 922,1597 963,1596 1003,1595 1044,1594 1084,1593 1125,1592"/>
                <TextEquiv>
                    <Unicode>duam deitatem vnus Deus est, &amp; propter vniuscu.</Unicode>
                </TextEquiv>
            </TextLine>
            <TextLine id="r2l34" custom="readingOrder {index:31;}">
                <Coords points="314,1660 356,1677 404,1655 446,1681 602,1654 761,1673 1148,1648 1147,1616 1072,1610 314,1619"/>
                <Baseline points="320,1656 361,1655 402,1654 443,1653 484,1652 525,1651 566,1650 607,1649 648,1649 689,1648 731,1648 772,1647 813,1647 854,1646 895,1646 936,1645 977,1645 1018,1644 1059,1643 1100,1643 1142,1642"/>
                <TextEquiv>
                    <Unicode>iusque proprietatem tres Personae sunt, &amp; propter</Unicode>
                </TextEquiv>
            </TextLine>
            <TextLine id="r2l35" custom="readingOrder {index:32;}">
                <Coords points="312,1722 1151,1695 1150,1654 311,1676"/>
                <Baseline points="317,1705 358,1704 399,1703 441,1701 482,1700 524,1700 565,1699 607,1698 648,1697 690,1696 731,1696 772,1695 814,1695 855,1694 897,1694 938,1693 980,1693 1021,1693 1063,1692 1104,1692 1146,1692"/>
                <TextEquiv>
                    <Unicode>singulo:um perfectionem partes vnius Dei non sunte</Unicode>
                </TextEquiv>
            </TextLine>
            <TextLine id="r2l36" custom="readingOrder {index:33;}">
                <Coords points="312,1777 520,1754 573,1785 906,1779 1149,1750 1130,1705 311,1722"/>
                <Baseline points="317,1753 358,1752 399,1751 441,1751 482,1750 523,1749 565,1749 606,1748 647,1747 689,1746 730,1745 771,1745 813,1744 854,1743 895,1743 937,1742 978,1741 1019,1741 1061,1740 1102,1740 1144,1740"/>
                <TextEquiv>
                    <Unicode>Virius est Pater, virtus est Filius, virtus est Spiri¬</Unicode>
                </TextEquiv>
            </TextLine>
            <TextEquiv>
                <Unicode>coniunctionem Deitatis, qua ineffabiliter copulan¬
tur, unus Deus est. Pars ergo Trinitatis esse non po¬
test, quicunque vnus est in tribus. In Trinitate er¬
go quae Deus est, &amp; Pater Deus est, &amp; Filius Deus 
est, &amp; Spiritus sanctus Deus est: simul hi tres, unus
Deus. Nec huius Trinitatis tertia pars est unus, 
nec maius aliquid duo quam vnus est ibi: nec maius
aliquid sunt omnes quam singuli: quia spiritualis,
non corporalis est magnitudo. Qui potest capere ca¬
piat: qui autem non potest, credat, &amp; oret, vt, quod
credit, intelligat, Verum est enim quod per Prophe¬
tam dicitur, nisi credideritis, non intelligetis. His
verbis aperte ostendit indifferentem magnitudinem
trium Personarum. Item, in eodem cap. Tu nempe
dixisti vnum Deum non ex partibus esse composi¬
tum, &amp; hoc de Patre tantum vis intelligi. Ille, inquis, 
virtus est ingenita, simplex: &amp; tamen in hac simplici
virtute multavideris comemorare quum dicis, Deus 
Deum genuit, bonus bonum genuit, sapiens sapien¬
tem, clemens clementem, potens potentem. Nunquid
ergo bonitas, &amp; sapientia, &amp; clementia, &amp; potentia
tres partes sunt vnius virtutis, quem simplicem esse
dixisti Si dixeris, partes sunt, simplex ergo virtus
ex partibus constat. Et simplex ista virtus, te de¬
finiente, unus est Deus : ergo Deum ex partibus
compositum esse dicis. Non dico, inquis, non sunt
partos. Si ergo in vna persona Patris, &amp; illa in¬
uenis quae plura videntur, &amp; partes non inuene¬
ris, quia vna virtus simplex est: quanto magis pa¬
ter &amp; Filius &amp; Spiritus sanctus, &amp; propter indiui¬
duam deitatem vnus Deus est, &amp; propter vniuscu.
iusque proprietatem tres Personae sunt, &amp; propter
singulo:um perfectionem partes vnius Dei non sunte
Virius est Pater, virtus est Filius, virtus est Spiri¬</Unicode>
            </TextEquiv>
        </TextRegion>
    </Page>
</PcGts>
