1266 2026
125 106 973 166 tus sanctus. Hoc verum dicis: sed quod virtutem de
131 158 973 215 virtute genitam, & virtutem de virtute procedentem
127 203 968 266 non uis eandem habere naturam, hoc falsum dicis,
136 255 980 310 hoc contra fidem rectam & catholicam dicis. His
133 313 977 359 verbis aperte docetur, quod tres Personae illae non
132 350 976 416 sunt partes Dei, vel diuinae essentiae. Nullaque illa¬
138 405 983 464 rum Trinitatis pars dicenda est, nec vna alias olla
138 446 329 516 maior aliis.
371 486 709 566 CAP. VIII
145 544 971 602 Cum dicimus tres Personas esse vnam essen¬
183 599 978 653 tiam, nec vt genus de speciebus, nec vt spe¬
185 650 971 696 ciem de indiuiduis praedicamus: quia non
189 696 971 752 est essentia genus, & Persona species, vel es¬
192 740 866 799 sentia species, & Persona indiuiduum:
192 793 976 856 HIC adiiciendum est, quod tanta est aequalitas
142 841 966 904 trium Personarum atque indifferens magnitudo,
146 884 975 951 quod cum dicamus tres Personas vna essentiam vel
149 944 975 1000 substantiam, neque vt genus de speciebus, neque vt
145 990 976 1048 speciem de indiuiduis praedicamus. Non enim es¬
138 1034 969 1102 sentia diuina genus est, & tres Personae species, vei
139 1081 967 1145 essentia diuina species, & tres Personae indiuidua
149 1139 955 1189 Quod August, rationibus probabilibus atque irre
140 1182 963 1240 fragabilibus aperte demonstrat in lib. 4. de Trinit
144 1235 964 1282 dicens. Si essentia genus est, species autem Person¬
150 1277 960 1336 (ut nonnulli sentiunt) oportet appellari tres substan¬
144 1329 966 1393 tias, vt appellantur tres Personae. Sicut cum sit ani¬
149 1384 973 1444 mal genus, & equus species, appellantur tres equi, i¬
144 1432 966 1483 demque tria animalia. Non enim ibi species plura.
138 1479 973 1529 liter dicitur, &genus singulariter: vt si dicereur, tres
138 1520 971 1593 equi sunt vnum animal: sed sicut tres equi spe¬
138 1575 978 1622 ciali nomine, ita tria animalia nomine generali
139 1622 980 1688 dicuntur. Cum ergo tres Personas vnam fateamur
146 1670 977 1723 esse essentiam, non tres esse essentias, cum tres equi
149 1721 982 1784 tria animalia dicantur, non unum:: patet nomine
