1272 2032
309 115 1164 178 etiam maxime diuturnarum, illa phrasi dicendi
307 177 1164 228 describatur. Id quod omnes linguae Hebraicae
311 217 716 290 periti satis intelligunt.
517 304 915 385 AD CAP. V.
421 362 1163 450 Diuinae naturae vnitatem. Quidpia est hoc
314 432 1150 493 loco a Lombardo immutatum, sed citra senton¬
307 473 1164 544 tiae iacturam. Itaque istam decurtationem aequi
317 530 703 604 bonique consulimus.
429 587 1143 665 Nec exemplum aliquod. Quaedam praeter¬
313 662 1159 704 missa sunt ex Hilario, quae cur hoc arcanum &
318 695 1157 755 tantum sit, & nobis incomprehensibile, docent.
314 742 1159 801 Est autem ratio duplex, Prima, quod nihil vnum
309 788 1157 859 & idem numero in rebus humanis potest esse
314 840 1153 906 simul & in altero, & extra alterum. Secunda.
322 887 1145 959 quod nihil aliud sit, quod quidpiam intra se ha¬
312 935 1141 994 beat, & idem tamen sit illi ipsi rei intra secon¬
313 988 1145 1042 tentae interius. Quae tamen duo tam mira Dei¬
316 1035 1163 1095 tas habet. Sed haec ex ipsis Hilarij verbis, quam
318 1087 1152 1138 ex meis intelligi malo. Didetur nanque, ait Hi¬
321 1129 1141 1195 larius, non posse effici, vt quod in altero sit, eque id¬
317 1179 1152 1249 ipsum extra alterum sit: & quum necesse sit ea, de
324 1231 1160 1295 quibus agitur, non solitaria sibi esse, numerum tamen
326 1277 1158 1340 suum, in quo sunt, conseruantia, non posse se inuicem
317 1327 1152 1384 continere, vt qui aliquid aliud intra se habeat, at¬
321 1373 1161 1443 que ita maneat, manensque semper exterior ei, vi¬
315 1420 1155 1480 cissim quem intra se habeat, maneat aeque semper in¬
311 1483 1156 1534 terior. Haec quidem sensus hominum non consequi¬
314 1517 1155 1581 tur. Haec tot verba inter duo illa a Lombardo
309 1588 1164 1633 dissecta orationis Hilarianae menibra interce¬
313 1625 1163 1678 dunt, quae sunt magni momenti, & lucem huic
318 1665 1154 1722 disputationi magnam & necessariam afferunt.
351 1721 1173 1790 S Non intelligibile. Hilarius habet, inintel¬
