1285 2032
118 98 862 178 ligibile phrasi Graeca ἀονωρφον Vel ανoτοκὸν.
175 163 975 223 A Esse plenitudo in vtroq, diuinitatis. Et ver¬
121 207 969 273 ba, & mens huius loci ab Hilario procul dissi¬
126 260 973 325 det. Quod enim conclusio est apud Hilarium,
130 309 969 361 hic est ἀἰπολἰα, & rei tanquam controuersae ra¬
127 355 974 429 tio. Quod aperte dictum est apud Hilarium, hic
131 415 959 458 obscure. Quod varia partium enumeratione ex
129 457 976 524 plicatur ab Hilario, hic confunditur. Denique
131 501 957 565 caussa istius incessionis Personarum ab isto sta
136 563 964 613 tuitur plenitudo deitatis, quae in illis trib) Per¬
124 602 975 653 sonis, id est, Patre, & Filio, & Spiritu sancto est.
127 648 968 704 ab Hilario autem eius caussa statuitur potius v¬
134 700 965 758 nitas deitatis, lib. 9. de Trin. Na quod plenitudo
127 750 966 802 deitatis dicitur ab Hilario esse in Filio, idcirco di¬
122 798 965 855 citur, ne putetur esse Filius in Patre, vti pars Pa
132 844 968 909 tris, vel deitatis: & non plenam deitatem ha¬
127 888 959 947 bere ipse quoque Filius Nολος πανgoς. Verba igi¬
132 945 967 1003 tur ipsa lib. 2. de Tr. audiamus. Ex is ergo, ait, quae
118 999 958 1046 in Patre sunt, eacsunt) in quibus est Filius, id est, ex
122 1048 964 1101 toto Patre totus Filius natus est: non aliunde, quia
122 1082 957 1134 nihil antequam (esset) Filius: non ex nihilo, quia ex
116 1134 963 1196 Deo Filius: non in Patre, quia plenitudo deitatis in
118 1184 951 1240 Filio: neque in aliquibus, quia in omnibus: sed vt
121 1233 953 1284 voluit, qui potuit: vt scit, qui genuit, quod in Patre
124 1287 948 1348 est, hoc & in Filio est: quod in ingenito, hoc in uni
113 1327 950 1394 genito, &c. Quibus quid praeclarius aut diluci¬
114 1379 944 1436 dius dici potuit: Obiter autem illud est anno.
116 1437 957 1491 tandum, duo vocabula hic a Lombardo, pro sua
110 1471 949 1532 in citandis autoribus fide, & mutata & corru¬
107 1524 952 1585 pta, deitatis in diuinitatis, & vnigenito in genito,
119 1568 950 1623 ex dictatoria nimirum magistralique audacia.
122 1619 953 1675 Verba autem ista Patrem in Filio, & Filium in
114 1663 956 1724 Patre esse, plenitudo in vtroque diuinitatis perfecta
122 1715 965 1793 est, sumpta sunt ex eodem quidem Hilarij libro
