<?xml version="1.0" encoding="UTF-8" standalone="yes"?>
<PcGts xmlns="http://schema.primaresearch.org/PAGE/gts/pagecontent/2013-07-15" xmlns:xsi="http://www.w3.org/2001/XMLSchema-instance" xsi:schemaLocation="http://schema.primaresearch.org/PAGE/gts/pagecontent/2013-07-15 http://schema.primaresearch.org/PAGE/gts/pagecontent/2013-07-15/pagecontent.xsd">
    <Metadata>
        <Creator>prov=University of Rostock/Institute of Mathematics/CITlab|PLANET AI GmbH/Gundram Leifert/gundram.leifert@planet-ai.de:name=Geneva1580-m2(htr_id=30020)::::v=2.6.7
prov=University of Rostock/Institute of Mathematics/CITlab|PLANET AI GmbH/Tobias Gruening/tobias.gruening@planet-ai.de:name=de.uros.citlab.module.baseline2polygon.B2PSeamMultiOriented:v=2.6.7
prov=University of Rostock/Institute of Mathematics/CITlab|PLANET AI GmbH/Tobias Gruening/tobias.gruening@planet-ai.de:name=/net_tf/LA73_249_0mod360.pb:de.uros.citlab.segmentation.CITlab_LA_ML:v=2.6.6
Transkribus</Creator>
        <Created>2021-01-20T13:55:47.763+01:00</Created>
        <LastChange>2021-02-10T15:35:44.191+01:00</LastChange>
        <TranskribusMetadata docId="576385" pageId="23672110" pageNr="443" tsid="52349569" status="IN_PROGRESS" userId="25065" imgUrl="https://files.transkribus.eu/Get?id=RTTNUPXRGJAHQAUHEKJDDSJT&amp;fileType=view" xmlUrl="https://files.transkribus.eu/Get?id=YNLGYBPVAIBWLMHUELRRRULC" imageId="18180920"/>
    </Metadata>
    <Page imageFilename="442.jpg" imageWidth="1290" imageHeight="2028">
        <ReadingOrder>
            <OrderedGroup id="ro_1612986015041" caption="Regions reading order">
                <RegionRefIndexed index="0" regionRef="r1"/>
            </OrderedGroup>
        </ReadingOrder>
        <TextRegion orientation="0.0" id="r1" custom="readingOrder {index:0;}">
            <Coords points="168,71 168,1763 1007,1763 1007,71"/>
            <TextLine id="r1l3" custom="readingOrder {index:0;}">
                <Coords points="163,168 1005,167 996,106 568,134 163,107"/>
                <Baseline points="168,158 209,158 251,157 292,157 334,157 376,157 417,156 459,156 500,156 542,157 584,157 625,157 667,157 708,157 750,157 792,157 833,158 875,158 916,158 958,158 1000,158"/>
                <TextEquiv>
                    <Unicode>Anselmi Monologio capite Sy. didicerat, sed</Unicode>
                </TextEquiv>
            </TextLine>
            <TextLine id="r1l4" custom="readingOrder {index:1;}">
                <Coords points="169,224 664,207 708,230 908,206 952,225 1003,216 1003,168 169,180"/>
                <Baseline points="174,206 215,206 256,206 297,205 338,205 380,205 421,204 462,204 503,204 544,204 586,204 627,204 668,204 709,204 750,204 792,204 833,205 874,205 915,205 956,205 998,206"/>
                <TextEquiv>
                    <Unicode>perperam: Anselmus enim causam istius inha¬</Unicode>
                </TextEquiv>
            </TextLine>
            <TextLine id="r1l5" custom="readingOrder {index:2;}">
                <Coords points="172,260 806,278 867,252 986,273 1004,216 172,222"/>
                <Baseline points="177,253 218,253 259,253 300,252 341,252 382,252 423,252 464,252 505,253 546,253 588,253 629,253 670,253 711,253 752,253 793,253 834,253 875,253 916,253 957,253 999,253"/>
                <TextEquiv>
                    <Unicode>bitationis refert ad aequalitatem, quae est in il¬</Unicode>
                </TextEquiv>
            </TextLine>
            <TextLine id="r1l6" custom="readingOrder {index:3;}">
                <Coords points="167,306 1005,309 1005,267 836,257 808,279 540,264 506,285 426,257 242,279 167,260"/>
                <Baseline points="172,301 213,301 254,301 296,301 337,301 379,301 420,301 461,301 503,301 544,301 586,301 627,301 668,301 710,301 751,301 793,301 834,301 875,301 917,301 958,301 1000,302"/>
                <TextEquiv>
                    <Unicode>lis tribus Personis. Sic igitur scribit iste capite</Unicode>
                </TextEquiv>
            </TextLine>
            <TextLine id="r1l7" custom="readingOrder {index:4;}">
                <Coords points="169,370 1012,355 1012,317 985,309 606,328 415,306 378,333 169,308"/>
                <Baseline points="175,350 216,350 258,350 299,349 341,349 383,349 424,349 466,349 507,349 549,349 591,349 632,349 674,349 715,349 757,349 799,349 840,349 882,349 923,349 965,349 1007,348"/>
                <TextEquiv>
                    <Unicode>quinto ait. Ex eodem etiam sensu intelligitur Spi¬</Unicode>
                </TextEquiv>
            </TextLine>
            <TextLine id="r1l8" custom="readingOrder {index:5;}">
                <Coords points="171,405 866,420 1001,407 1011,365 171,370"/>
                <Baseline points="176,398 217,398 259,398 300,398 342,398 383,398 425,398 466,398 508,398 549,398 591,399 632,399 674,399 715,399 757,399 798,399 840,399 881,398 923,398 964,397 1006,397"/>
                <TextEquiv>
                    <Unicode>ritus sanctus esse in vtroque, &amp; singula Personarum</Unicode>
                </TextEquiv>
            </TextLine>
            <TextLine id="r1l9" custom="readingOrder {index:6;}">
                <Coords points="164,471 476,448 817,472 1009,455 1009,404 164,424"/>
                <Baseline points="169,449 210,448 252,447 294,447 335,446 377,446 419,446 460,446 502,446 544,447 586,447 627,447 669,447 711,447 752,447 794,447 836,447 877,447 919,446 961,446 1003,445"/>
                <TextEquiv>
                    <Unicode>esse in singulis, quia, scilicet in singulis est eadem ple</Unicode>
                </TextEquiv>
            </TextLine>
            <TextLine id="r1l10" custom="readingOrder {index:7;}">
                <Coords points="168,499 817,516 980,507 1003,468 919,481 761,451 471,477 298,450 168,470"/>
                <Baseline points="173,494 214,494 255,494 296,494 338,494 379,494 420,495 461,495 503,495 544,495 585,496 626,496 668,496 709,496 750,496 791,496 833,496 874,495 915,495 956,495 998,494"/>
                <TextEquiv>
                    <Unicode>nitudo diuinitatis, &amp; vnita similitudo naturae. Er¬</Unicode>
                </TextEquiv>
            </TextLine>
            <TextLine id="r1l11" custom="readingOrder {index:8;}">
                <Coords points="171,559 1003,562 1003,514 915,499 823,522 521,501 337,520 315,497 172,516"/>
                <Baseline points="177,544 218,543 259,543 300,543 341,543 382,543 423,543 464,543 505,544 546,544 587,544 628,544 669,544 710,544 751,544 792,544 833,544 874,544 915,544 956,544 998,543"/>
                <TextEquiv>
                    <Unicode>go colligitur ex istius hominis ratiocinatione,</Unicode>
                </TextEquiv>
            </TextLine>
            <TextLine id="r1l12" custom="readingOrder {index:9;}">
                <Coords points="175,610 990,609 1002,560 175,561"/>
                <Baseline points="180,591 220,591 261,591 302,591 343,591 384,592 424,592 465,592 506,592 547,592 588,592 628,592 669,592 710,592 751,592 792,592 832,592 873,593 914,593 955,593 996,593"/>
                <TextEquiv>
                    <Unicode>&amp; verbis, vnitam potius esse diuinam naturam, </Unicode>
                </TextEquiv>
            </TextLine>
            <TextLine id="r1l13" custom="readingOrder {index:10;}">
                <Coords points="177,661 739,643 867,669 1002,644 1002,607 177,609"/>
                <Baseline points="182,642 222,641 263,640 304,640 345,640 385,639 426,639 467,639 508,639 548,639 589,639 630,639 671,639 711,640 752,640 793,640 834,640 874,640 915,640 956,639 997,639"/>
                <TextEquiv>
                    <Unicode>quam vnam: atque ita Deum aggregatiuum</Unicode>
                </TextEquiv>
            </TextLine>
            <TextLine id="r1l14" custom="readingOrder {index:11;}">
                <Coords points="166,694 1004,700 1004,659 868,647 166,663"/>
                <Baseline points="171,690 212,689 253,689 295,688 336,687 377,687 419,687 460,687 501,687 543,687 584,687 625,688 667,688 708,688 749,688 791,688 832,689 873,689 915,689 956,688 998,688"/>
                <TextEquiv>
                    <Unicode>quiddam esse. Differunt autem plurimum inter</Unicode>
                </TextEquiv>
            </TextLine>
            <TextLine id="r1l15" custom="readingOrder {index:12;}">
                <Coords points="169,758 1007,736 887,695 169,706"/>
                <Baseline points="174,740 215,738 256,737 298,736 339,735 381,735 422,734 463,734 505,735 546,735 588,735 629,736 670,736 712,736 753,736 795,737 836,737 877,737 919,736 960,736 1002,735"/>
                <TextEquiv>
                    <Unicode>se vnitas, &amp; vnio siue vnitio: item si quis dicat v¬</Unicode>
                </TextEquiv>
            </TextLine>
            <TextLine id="r1l16" custom="readingOrder {index:13;}">
                <Coords points="165,795 773,787 898,810 1007,789 1007,759 941,741 868,763 165,757"/>
                <Baseline points="170,786 211,785 253,784 294,784 336,783 378,783 419,783 461,783 502,783 544,783 586,784 627,784 669,784 710,784 752,784 794,785 835,785 877,784 918,784 960,784 1002,783"/>
                <TextEquiv>
                    <Unicode>nitam esse diuinam essentiam in tribus, vnitam simi¬</Unicode>
                </TextEquiv>
            </TextLine>
            <TextLine id="r1l17" custom="readingOrder {index:14;}">
                <Coords points="172,852 927,849 1001,836 1001,793 732,792 682,817 172,801"/>
                <Baseline points="177,833 220,832 263,832 306,832 349,832 392,832 435,832 478,832 521,832 564,832 608,833 651,833 694,833 737,833 780,833 823,833 866,833 909,833 952,833 996,832"/>
                <TextEquiv>
                    <Unicode>litudinem naturae, aut unam. Refutatur deni¬</Unicode>
                </TextEquiv>
            </TextLine>
            <TextLine id="r1l18" custom="readingOrder {index:15;}">
                <Coords points="174,897 769,879 985,900 1006,844 174,859"/>
                <Baseline points="179,882 220,882 261,882 302,881 343,881 384,881 425,881 466,881 507,881 548,881 590,881 631,881 672,881 713,881 754,881 795,881 836,881 877,881 918,881 959,881 1001,881"/>
                <TextEquiv>
                    <Unicode>que ipse ab iisdem illis autoribus &amp; locis, quos</Unicode>
                </TextEquiv>
            </TextLine>
            <TextLine id="r1l19" custom="readingOrder {index:16;}">
                <Coords points="176,936 533,954 658,932 774,954 1001,935 1001,900 176,902"/>
                <Baseline points="182,930 222,930 263,929 304,929 344,929 385,929 426,929 466,929 507,929 548,929 589,930 629,930 670,930 711,930 751,930 792,930 833,929 873,929 914,929 955,929 996,929"/>
                <TextEquiv>
                    <Unicode>citat, quum omnes statuant causam istius siue</Unicode>
                </TextEquiv>
            </TextLine>
            <TextLine id="r1l20" custom="readingOrder {index:17;}">
                <Coords points="176,987 1002,992 1002,942 950,936 722,957 176,936"/>
                <Baseline points="182,978 222,977 263,977 304,977 345,977 385,977 426,977 467,977 508,977 548,977 589,977 630,978 671,978 711,978 752,978 793,978 834,978 874,978 915,978 956,977 997,977"/>
                <TextEquiv>
                    <Unicode>immeationis Personarum, siue incessionis, siue</Unicode>
                </TextEquiv>
            </TextLine>
            <TextLine id="r1l21" custom="readingOrder {index:18;}">
                <Coords points="175,1031 1001,1040 1001,999 964,995 411,987 368,1007 175,986"/>
                <Baseline points="180,1026 220,1025 261,1025 302,1025 343,1025 384,1025 424,1025 465,1025 506,1025 547,1026 588,1026 628,1026 669,1026 710,1026 751,1026 792,1026 832,1026 873,1025 914,1025 955,1025 996,1025"/>
                <TextEquiv>
                    <Unicode>insessionis, siue permeationis, siue immanen¬</Unicode>
                </TextEquiv>
            </TextLine>
            <TextLine id="r1l22" custom="readingOrder {index:19;}">
                <Coords points="169,1079 281,1103 489,1078 941,1095 1005,1087 1005,1040 455,1051 414,1030 304,1051 267,1029 169,1052"/>
                <Baseline points="175,1075 216,1075 257,1074 298,1074 340,1074 381,1073 422,1074 463,1074 505,1074 546,1074 587,1074 628,1074 670,1075 711,1075 752,1075 793,1075 835,1075 876,1074 917,1074 958,1073 1000,1072"/>
                <TextEquiv>
                    <Unicode>tiae, siue inexistentiae, siue inhabitationis, (tot</Unicode>
                </TextEquiv>
            </TextLine>
            <TextLine id="r1l23" custom="readingOrder {index:20;}">
                <Coords points="173,1141 982,1136 1006,1131 1006,1084 173,1096"/>
                <Baseline points="179,1123 220,1122 261,1122 302,1122 343,1121 384,1121 425,1122 466,1122 507,1122 548,1122 590,1122 631,1122 672,1122 713,1123 754,1123 795,1123 836,1122 877,1122 918,1122 959,1121 1001,1120"/>
                <TextEquiv>
                    <Unicode>enim vocabulis Latini Theologi reddunt, &amp;</Unicode>
                </TextEquiv>
            </TextLine>
            <TextLine id="r1l24" custom="readingOrder {index:21;}">
                <Coords points="175,1185 809,1194 940,1169 997,1193 997,1139 958,1126 597,1149 273,1124 175,1147"/>
                <Baseline points="180,1170 220,1170 261,1170 301,1170 342,1170 382,1170 423,1170 463,1170 504,1170 544,1171 585,1171 626,1171 666,1171 707,1171 747,1171 788,1171 828,1171 869,1170 909,1169 950,1168 991,1167"/>
                <TextEquiv>
                    <Unicode>exprimunt, quod Graeci dicunt χαικῶρηοιν &amp; ισς</Unicode>
                </TextEquiv>
            </TextLine>
            <TextLine id="r1l25" custom="readingOrder {index:22;}">
                <Coords points="171,1240 1003,1220 1003,1187 889,1172 744,1199 545,1175 171,1185"/>
                <Baseline points="177,1217 218,1217 259,1217 300,1217 341,1217 382,1218 423,1218 464,1218 505,1218 546,1219 587,1219 628,1219 669,1219 710,1219 751,1219 792,1219 833,1219 874,1219 915,1218 956,1217 998,1216"/>
                <TextEquiv>
                    <Unicode>Oλως, praeterquam quod quidam, etiam, sed im¬</Unicode>
                </TextEquiv>
            </TextLine>
            <TextLine id="r1l26" custom="readingOrder {index:23;}">
                <Coords points="177,1285 966,1282 995,1238 177,1239"/>
                <Baseline points="182,1268 222,1267 262,1266 303,1266 343,1266 384,1266 424,1266 464,1266 505,1266 545,1266 586,1267 626,1267 666,1267 707,1267 747,1267 788,1267 828,1267 868,1266 909,1266 949,1265 990,1264"/>
                <TextEquiv>
                    <Unicode>peritissime, circuitionem eam conuertunt) ve¬</Unicode>
                </TextEquiv>
            </TextLine>
            <TextLine id="r1l27" custom="readingOrder {index:24;}">
                <Coords points="168,1319 784,1339 1003,1319 1003,1277 168,1291"/>
                <Baseline points="173,1315 214,1314 255,1313 296,1313 338,1313 379,1313 420,1314 461,1314 503,1314 544,1315 585,1315 626,1315 668,1316 709,1316 750,1316 791,1315 833,1315 874,1314 915,1313 956,1312 998,1310"/>
                <TextEquiv>
                    <Unicode>ram, inquam, immeationis siue incessionis Per¬</Unicode>
                </TextEquiv>
            </TextLine>
            <TextLine id="r1l28" custom="readingOrder {index:25;}">
                <Coords points="172,1367 526,1388 1003,1368 1003,1334 970,1324 403,1341 369,1318 316,1338 172,1320"/>
                <Baseline points="178,1362 219,1362 260,1361 301,1361 342,1361 383,1361 424,1362 465,1362 506,1362 547,1363 588,1363 629,1363 670,1364 711,1364 752,1363 793,1363 834,1363 875,1362 916,1361 957,1359 998,1358"/>
                <TextEquiv>
                    <Unicode>sonarum diuinarum causam omnes esse agno¬</Unicode>
                </TextEquiv>
            </TextLine>
            <TextLine id="r1l29" custom="readingOrder {index:26;}">
                <Coords points="169,1428 1007,1410 1007,1374 977,1371 771,1391 739,1370 377,1389 169,1367"/>
                <Baseline points="174,1411 215,1410 256,1410 298,1409 339,1409 381,1410 422,1410 463,1410 505,1411 546,1411 588,1411 629,1412 670,1412 712,1412 753,1412 795,1411 836,1411 877,1410 919,1409 960,1408 1002,1406"/>
                <TextEquiv>
                    <Unicode>seant, vnitatem illam diuinae essentiae, non vni¬</Unicode>
                </TextEquiv>
            </TextLine>
            <TextLine id="r1l30" custom="readingOrder {index:27;}">
                <Coords points="177,1463 430,1485 1000,1464 1000,1432 888,1413 830,1434 596,1438 541,1413 501,1435 177,1429"/>
                <Baseline points="182,1458 222,1458 263,1458 303,1458 344,1458 385,1458 425,1459 466,1459 507,1460 547,1460 588,1460 629,1460 669,1460 710,1460 751,1460 791,1460 832,1459 873,1459 913,1458 954,1456 995,1455"/>
                <TextEquiv>
                    <Unicode>tionem. Nam quod docent isti, velut Thomas</Unicode>
                </TextEquiv>
            </TextLine>
            <TextLine id="r1l31" custom="readingOrder {index:28;}">
                <Coords points="165,1534 367,1512 768,1533 991,1512 1002,1474 165,1484"/>
                <Baseline points="170,1508 211,1507 252,1507 294,1507 335,1507 376,1507 418,1507 459,1507 500,1508 542,1508 583,1508 624,1508 666,1508 707,1508 748,1508 790,1508 831,1507 872,1507 914,1506 955,1505 997,1503"/>
                <TextEquiv>
                    <Unicode>in. prina parte quaestio. 4a. Artic. 8. ratione tum</Unicode>
                </TextEquiv>
            </TextLine>
            <TextLine id="r1l32" custom="readingOrder {index:29;}">
                <Coords points="168,1560 530,1579 829,1556 869,1579 1002,1568 1002,1514 324,1536 275,1513 168,1536"/>
                <Baseline points="173,1555 214,1555 255,1555 296,1555 337,1555 379,1556 420,1556 461,1556 502,1556 543,1556 585,1556 626,1556 667,1555 708,1555 749,1555 791,1554 832,1554 873,1553 914,1553 955,1552 997,1550"/>
                <TextEquiv>
                    <Unicode>essentiae, tum relationis, tum etiam originis es¬</Unicode>
                </TextEquiv>
            </TextLine>
            <TextLine id="r1l33" custom="readingOrder {index:30;}">
                <Coords points="165,1616 956,1621 1003,1600 1003,1568 165,1573"/>
                <Baseline points="170,1602 211,1602 252,1603 294,1603 335,1603 376,1603 418,1604 459,1604 500,1604 542,1604 583,1604 624,1604 666,1604 707,1604 748,1603 790,1603 831,1602 872,1602 914,1601 955,1600 997,1599"/>
                <TextEquiv>
                    <Unicode>se Filium in Patre, contraque Patrem in Filio,</Unicode>
                </TextEquiv>
            </TextLine>
            <TextLine id="r1l34" custom="readingOrder {index:31;}">
                <Coords points="175,1660 1010,1661 1010,1617 872,1606 679,1630 175,1612"/>
                <Baseline points="181,1649 222,1649 263,1650 304,1650 345,1651 387,1651 428,1651 469,1652 510,1652 551,1652 593,1652 634,1652 675,1652 716,1652 757,1651 799,1651 840,1650 881,1650 922,1649 963,1649 1005,1648"/>
                <TextEquiv>
                    <Unicode>&amp;c. atque inde istam oriri circumincessionem,</Unicode>
                </TextEquiv>
            </TextLine>
            <TextLine id="r1l35" custom="readingOrder {index:32;}">
                <Coords points="171,1715 428,1733 923,1714 923,1671 902,1667 171,1666"/>
                <Baseline points="177,1698 214,1698 251,1698 288,1699 325,1699 362,1699 399,1700 436,1700 473,1700 510,1701 547,1701 584,1701 621,1701 658,1701 695,1700 732,1700 769,1700 806,1699 843,1698 880,1697 918,1696"/>
                <TextEquiv>
                    <Unicode>obscurum est &amp; confusas causas continet.</Unicode>
                </TextEquiv>
            </TextLine>
            <TextEquiv>
                <Unicode>Anselmi Monologio capite Sy. didicerat, sed
perperam: Anselmus enim causam istius inha¬
bitationis refert ad aequalitatem, quae est in il¬
lis tribus Personis. Sic igitur scribit iste capite
quinto ait. Ex eodem etiam sensu intelligitur Spi¬
ritus sanctus esse in vtroque, &amp; singula Personarum
esse in singulis, quia, scilicet in singulis est eadem ple
nitudo diuinitatis, &amp; vnita similitudo naturae. Er¬
go colligitur ex istius hominis ratiocinatione,
&amp; verbis, vnitam potius esse diuinam naturam, 
quam vnam: atque ita Deum aggregatiuum
quiddam esse. Differunt autem plurimum inter
se vnitas, &amp; vnio siue vnitio: item si quis dicat v¬
nitam esse diuinam essentiam in tribus, vnitam simi¬
litudinem naturae, aut unam. Refutatur deni¬
que ipse ab iisdem illis autoribus &amp; locis, quos
citat, quum omnes statuant causam istius siue
immeationis Personarum, siue incessionis, siue
insessionis, siue permeationis, siue immanen¬
tiae, siue inexistentiae, siue inhabitationis, (tot
enim vocabulis Latini Theologi reddunt, &amp;
exprimunt, quod Graeci dicunt χαικῶρηοιν &amp; ισς
Oλως, praeterquam quod quidam, etiam, sed im¬
peritissime, circuitionem eam conuertunt) ve¬
ram, inquam, immeationis siue incessionis Per¬
sonarum diuinarum causam omnes esse agno¬
seant, vnitatem illam diuinae essentiae, non vni¬
tionem. Nam quod docent isti, velut Thomas
in. prina parte quaestio. 4a. Artic. 8. ratione tum
essentiae, tum relationis, tum etiam originis es¬
se Filium in Patre, contraque Patrem in Filio,
&amp;c. atque inde istam oriri circumincessionem,
obscurum est &amp; confusas causas continet.</Unicode>
            </TextEquiv>
        </TextRegion>
    </Page>
</PcGts>
