1291 2032
289 102 1131 159 Ea vero sunt quae, praeter communem aut ean¬
299 159 1135 212 dem essentiam, habent proprietates quasdam
292 210 1125 264 suas, & ab aliis distinctas. Alias enim Sabellia¬
299 248 1141 308 norum errorem fouere videremur. Et certe
305 295 1143 358 tria sunt ὑπιςόμλυα, & vere distincta numero tria
292 353 1137 408 illa ἀροσωαα, Pater, Filius, & Spiritus sanctus. I¬
301 401 1149 452 taque Basilius libro primo, contra Eunomium
299 444 1139 503 ait ἀενξμῳδωροξὸν in tribus illis Personis inesse¬
302 497 1141 556 Neque tamen termini illi numerales aliquod
301 551 1132 606 reale diuersum, vt loquuntur in scholis, po¬
308 599 1144 640 nunt in singulis Personis diuinis, de quo quia
316 637 1131 704 Thomas in prima parte Quaestio. 2o. Articu. 2r
357 690 1080 753 copiose agit, praetermittam. Et haec qui¬
420 731 1018 787 dem in Distinctionem decimam¬
468 782 950 848 nonam. Confer cum capite
582 828 863 899 S, nostrae Syno¬
639 874 760 952 pseus.
