1263 2028
330 88 1176 167 posset homo, maiorem melioremque seipso gigneret
334 159 1169 222 Filium. Sed maius vel melius Deo quicquam esse
330 208 1160 263 non potest. Deus ergo cur non aequalem (vt ais) Fi¬
326 254 1166 304 lium genuit: cui nec anni necessarij fuerunt, per quos
333 306 1174 357 adimpleretur aequalitas, nec omnipotentia defuit? An
336 352 1163 408 forte noluit? ergo (quod absit) inuidit. Sed non inui¬
328 403 1167 459 dit: aequalem ergo genuit Filium. Credamus ergo Fi¬
331 445 668 508 lium et esse aequalem:
600 517 903 591 CAP. VII
369 598 1072 667 Opinionem haeretici ponit, vt destruat.
365 674 1162 741 SED forte dicis, eo ipso Pater est maior Filio,
337 740 1157 797 quia de nullo genitus, genuit tamen aequalem. Ad¬
338 775 1157 844 quod cito respondebo: imo ideo non est Pater maior
327 819 1160 895 Filio, quia aequalem sibi genuit. Originis enim quae¬
314 886 1155 935 stio ista est, quis de quo sit: aequalitatis autem, qualis
328 928 1151 986 aut quantis sit: quod est dicere ad originem perti¬
321 976 1157 1043 net quaestio qua quaeritur, quis de quo sit: ad aequali¬
316 1021 1155 1070 tatem vero illa, qua quaeritur, qualis aut quantus
322 1069 1157 1137 quis sit. Nec cum dicitur Filius a Patre genitus,
323 1116 1156 1180 ostenditur inaequalitas substantiae, sed ordo naturae,
316 1181 1156 1228 non quo aliter prior esset altero: sed quo alter est ex
324 1218 1155 1275 altero. Non ergo secundum hoc quod Pater genuit,
324 1262 1155 1328 & Filius genitus est, vel Spiritus sanctus ab vtro¬
323 1321 1155 1370 que procedit, aequalitas vel inaequalitas ibi existit.
324 1368 1155 1425 quia non secundum hoc alia Persona alij aequalis
324 1403 1155 1469 vel inaequalis dicitur. Ecce aequalitas Trinitatis
334 1454 1159 1513 & vna eademque substantia, quantum breuiter
318 1502 1156 1572 potuimus, demonstrata est in superioribus: qua¬
317 1566 1160 1621 liter scilicet aliqua trium Personarum quanliber
318 1611 1154 1663 aliam nec aeternitate, nec magnitudine, nec poten¬
320 1650 516 1720 tia excellat.
