1287 2026
141 106 977 162 rum tantum relationem, & Patris solum aωμα,
140 158 978 220 quod vocat Basilius. Atque haec sunt pauca e
142 210 991 278 multis, quae in hanc Distinctionem xx. dicenda
137 254 349 318 habuimus.
165 359 249 452 ggς
285 448 849 522 DISTINCTIO XXI
186 528 952 628 Quaeritur quomodo possit dici solus
247 600 889 666 Pater, vel solus Filius, vel solus
337 662 817 745 Spiritus sanctus, cum¬
428 720 715 800 sint insepara¬
475 779 603 864 biles.
471 855 697 939 CAP. I.
152 917 966 1001 HRIC oritur quaestio trabens originem ex prae
206 987 991 1059 gu dictis. Dictum est enim supra, quod tantus est
266 1032 977 1089 solus Pater, vel solus Filius, vel solus Spiritus
145 1082 974 1143 sanctus, quantum simul illae tres: & quod duae vel tre
139 1143 978 1189 Personae simul non sunt maius aliquid, quam vna
134 1186 971 1247 Persona sola. Ideo,quaerit Aug in o. lib de Trinitat.
150 1223 968 1284 quomodo haec sane dici possint, cum nec Pater sit so
142 1272 963 1327 lus, nec Filius, nec Spiritus sanctus: sed semper & in
140 1330 965 1378 separabiliter, & Filius cum Patre, & Pater cum Fi
140 1368 981 1440 lio, & Spiritus sanctus cum vtroque. Inseparabiles
147 1419 979 1484 enim sunt hae tres Personae. Ad quod ita respondet
138 1471 978 1524 August, in eodem, Solum Deum Patrem dicimus,
141 1520 988 1586 non quia separatur a Filio vel a Spiritu sancto: sed
138 1569 989 1625 hacdicentes significamus, quia illi simul cum eo non
147 1617 987 1675 sunt Pater: Solustenim Pater est. Quod non dicitur
142 1661 981 1726 quia ipse sit solus, id est, sine Filio vel Spiritu sancto,
140 1722 984 1781 sed per hoc Filius vel Spiritus sanctus a paternitatis
