1280 2030
485 96 877 178 AD CAP. II
396 156 1158 229 Augustinus in libro vi. Restitue libro &.
298 220 1161 286 de Trinitate. Nam quae hic refert Lombardus,
307 284 1154 343 extant eo libro sexto, capite nono in principio
304 314 449 394 capitis.
499 339 926 444 AD CAP. IIII
422 426 1156 490 Tanta pace vni adhaerens. Aliter apud Au¬
307 482 1157 552 gustinum, vbi vis huius argumenti, quod latet
308 538 1168 591 in voce pacis, explicatur: quae hic a Lombardo,
319 586 1157 637 tanquam praecipuus totius huius ratiocinatio¬
309 640 1158 692 nis neruus, inciditur. Sic igitur Augustinus. Et
307 684 1154 743 ordo verborum est, vt te, & quem misisti Iesum Chri
302 732 1142 797 stum, cognoscant vnum verum Deum Coann. Iy¬
320 783 1152 830 ver. S) Cur vero tacuit de Spiritu sancto: An quo¬
309 836 1154 888 niam consequens est, vt vbicunque nominatur vnum
308 887 1140 937 tanta pace vni adhaerens (vt per hanc vtrunque v¬
311 923 1146 993 num sit )iam ex hoc intelligatur etiam ipsa pax, qua¬
309 980 1154 1028 uis non commemoretur) Pacis autem nomine
315 1023 1148 1075 ταυτοταταύσας & iνoτατα intelligit Augustins, quae
310 1073 1156 1125 facit vt vnus sine alterius incurrente notione
310 1121 1155 1173 & intelligentia intelligi non possit, quemadmo¬
309 1167 1152 1234 dum hunc ipsum locum explicans Basil. libro s.
312 1213 1149 1265 contra Eunomium declarat, ἐκ ἀροριξωντο ωνdμα
312 1263 1158 1316 τῆς δυωξως, ως ότυι, δυο ονoμάξει, &Nα τουναντιον ινῶν μαῖ
310 1307 1142 1373 δωnῶν Cν πατζι και μῶτο το δμα τo ἀXῶξIδον. I. Non se¬
309 1367 1139 1425 parans Spiritum sanctum ab illis duobus, vt isti fa¬
312 1409 1144 1465 ciunt, duos nominat: sed contra vniens eum, & de¬
314 1461 1155 1517 clarans in Patre, & Filio Spiritum sanctum ab illis
304 1509 1153 1561 separari non potest. Deinde illud quoque obser¬
307 1557 1156 1621 uandum est in ipso Ioanne non esse vnum Deum,
306 1597 1155 1659 Eνα ωεον, sed solum Deum, μονον Gεον, quam tamen
307 1647 1157 1701 lectionem in sua interpretatione non retinet
311 1703 1161 1771 Augustinus. Verior igitur illius Ioannis, seu
