1301 2029
303 91 1114 171 Claudius Spinaeus, & Arnoldus Vessaliensis,
302 150 1118 207 horum librorum abbreuiatores. Sic Durandus
300 205 1118 272 quoque. Alij sentiunt ex ipsis Augustini fonti¬
306 251 1129 310 bus deductas esse has quaestiones, cuius cum do
305 308 1127 358 ctrinam pene perpetuam sequi velle videatur
309 349 1116 409 Lombardus, fuisse quoque ei necesse, quemad¬
304 399 1125 465 modum hae phrases explicantur apud August.
307 449 1127 515 . Trinit. cap. 28. ita ab isto tradi. Tertij deni¬
307 506 1123 558 que volunt in genere locutiones eas, in quibus
302 550 1129 600 exclusiua dictio quaepiam vsurpatur de essentia
308 601 1122 649 vel Personis diuinis, qualis est solus, tantum, v¬
304 643 1117 706 nicus, dumtaxat, singularis, hic exponi: quam sen¬
311 688 1117 758 tentiam sequitur Thomas in I. parte Quaest, I.
300 740 1115 789 Artic. 2. & 4. Occan censet ex tribus istis quae¬
304 780 1114 842 stionibus, vnam tantum esse necessariam & vti¬
303 836 1120 896 lem scitu, nempe, quomodo haec enuntiatio sit
303 882 1117 931 intelligenda, solus Pater est Deus: Duas vero re¬
303 938 1126 994 liquas, quae tamen hic adduntur, esse superua.
308 979 1133 1027 caneas, qualis est haec, quomodo dicatur, solus
303 1025 1130 1094 Pater, vel solus Filius, vel solus Spiritus sanctus. itum
307 1074 1124 1138 & haec, quo sensu hoc verum sit, Trinitatem so¬
305 1130 1126 1177 lum esse Deum. Ergo cum ab huius disputatio¬
307 1175 1122 1230 nis scopo aberrarit maxime Lombardus ipse,
305 1222 1118 1278 a quo veram ipsius scripti explicationem ex¬
303 1267 1125 1328 spectemus : Certe ex Graecis potius, quam La¬
304 1316 1124 1382 tinis scriptoribus vsum harum quaestionum ma¬
309 1372 1123 1433 ximum vberrimumquem esse cognoscet, qui di¬
303 1409 1123 1473 ligenter illos euoluerit. Arreptae sunt igitur ab
301 1462 1121 1512 Arianis hae Scripturae sacrae sentetiae, solus Deus
306 1500 1129 1561 habet immortalitatem. I. Timoth. 6. Vers. I8. Vt
306 1563 1127 1619 cognoscant te solum Deum, & quem misisti Iesum
301 1593 1130 1658 Christum. Ioann. r9. Versi 8. Nobis unus Deus est
303 1654 1126 1700 Pater. I. Corinth. 8. Vers. 6 & similes aliae. Ad¬
305 1699 1123 1764 eo vt inde solum Patrem Deum esse collige¬
