1293 2030
247 224 849 321 DISTINCTIO XXII
195 316 909 404 De nominum differentia, quibus
327 394 757 471 vtimur loquentes de
471 457 598 536 Deo.
409 550 621 631 CAP. I.
262 635 967 718 OST praedicta nobis disserendum videtur
252 696 967 770 de nominum diuersitate, quibus, loquentes di
274 743 953 804 vnitate ac Trinitate ineffabili, vtimur. De
136 791 965 847 inde demonstrandum est, quibus modis de ea ali
143 857 959 905 quid dicatur. Illud ergo praecipue teneamus, quae
138 891 963 945 dam esse nomina distincte ad singulas personas per¬
142 946 966 1010 tinentia, vt ait Augustinus in octauo libro de Tr
132 990 963 1044 nitate, quae de singulis tantum dicuntur Personis
146 1046 971 1104 Quaedam vero vnitatem essentiae significantia sunt,
136 1087 962 1152 quae & de singulis sigillatim, & de omnibus com
139 1138 969 1203 muniter dicuntur. Alia vero sunt quae transtatiue
135 1193 955 1248 ac per similitudinem de Deo dicuntur. Vnde Am
135 1234 971 1298 brosius: in secundo libro de Trinit. ait, Quo purius
134 1284 970 1344 niteat fides, tripartita videtur deriuanda distinctio,
130 1332 958 1397 Sunt enim nomina quaedam, quae euidenter proprie
132 1387 966 1440 tatem personamque Deitatis ostendunt. Et sun
135 1429 965 1492 quaedam, quae perspicuam diuinae maiestatis expri¬
125 1484 973 1539 rnunt veritatem. Alia vero sunt, quae transtatiue &
127 1526 967 1606 per similitudinem de Deo dicuntur. Proprietatis i¬
135 1583 973 1633 taque indicia sunt, generatio, Filius, verbum, & hu¬
136 1632 978 1692 iusmodi. Vnitas vero aeternae sapientia, virtus, & ve¬
141 1679 984 1738 ritas, & huiusmodi. Similitudinis vero, splendor,
134 1720 716 1805 character, speculum, & huiusmodi.
