1293 2040
151 86 991 147 uersitate. Neque potest quisquam ista Lombar¬
149 145 991 209 di legens vel animo concipere, qua in re Sin¬
149 199 999 259 gularitas ista a Solitudine in hac disputatione
154 240 309 305 differat.
207 276 989 353 2 SED Similitudo, & Pluralitas Locus hic,
160 335 996 391 vt a Lombardo citatur obscurus est & intrica¬
147 391 992 443 tus: quod fieri minime fuit necesse. Est enim
155 433 991 495 Nocti nocten & tenebras addere: quoniam ipsa
158 484 995 535 Hilarij oratio per se iam obscura est. Itaque
156 540 990 592 totum locum transcribo, vt & facilior sit huius
155 585 991 648 totius loci sensus: & Similitudinis vocem hic
154 630 994 694 non eo modo accipi omnes intelligant, quo ab
154 678 996 737 hereticis Homousianis, & Anomoianis (quales
158 720 993 776 Marcelliani, & Acatiani fuerunt) postea sum¬
156 771 981 837 pta est. Sed neque etiam tantum pro qualita
165 827 991 883 tum vel naturalium, vel postea accedentium
162 879 980 936 paritate: sed pro ipsa adeo κσας ταυταταύι, quem.
166 911 998 972 admodum post Hilarij seculum apertissime lo¬
172 967 996 1022 cuti sunt Patres. Sic igitur Hilarius lib. 2. Omnia
165 1014 987 1073 enim alius accepit a Patre, & est Dei forma, & i
166 1071 1000 1117 mago substantiae eius. Eum enim qui est, ab eo
168 1107 992 1164 qui est imago substantiae, tantum ad subsistendi fi¬
165 1155 989 1221 dem, non etiam ad aliquam naturae dissimilitudi¬
172 1211 999 1261 nem intelligendam discernit. Patrem autem in
166 1251 1001 1309 Filio: & filium in Patre esse plenitudo Diuinitatis
159 1306 991 1364 perfecta est. Non enim diminutio Patris est Fi¬
160 1348 1005 1413 lius: nec Filius imperfectus ( id est, minus quiddam
166 1400 999 1462 quam Pater )a Patre est. fmago sola non est, & si¬
165 1447 996 1507 militudo non sibi est. Deo autem simile esse, nisi
167 1500 999 1552 quod ex se eric, non potest. Neque enim aliunde
163 1540 1004 1610 est, quod in omnibus simile est: neque diuersitatem
168 1589 1003 1645 duobus admisceri, alterius ad alterum similitudo
156 1639 1005 1715 patitur, Neue quae sunt similia, dissimilia facias
