1295 2041
363 102 1143 195 Nunc errores alios, qui in reipsa versantur,
316 164 1138 228 ostendemus, e quibus hic primus est, Verbum
324 224 1147 280 de Filio naturaliter dici. i. Filium Dei aeternum
316 274 1145 341 sine transsatione Verbum appellari, cap. I. Hoc
325 327 1141 380 enim falsum esse docet Naxianxen. Concio. 2.
320 369 1144 418 πel ilod. Aug. quoque de Fide & Symbolo capas.
324 416 1144 469 Basil. in Euangelij Ioannis initiumHomil. vni¬
328 478 1150 529 ca, vt Hilarium & alios omittam. Transsate enim
321 513 1142 586 dicitur Filius ille Dei aeternus Verbum. Quicquid
341 562 1150 627 Thomas in I. parte Quaest. 34. Art. 2. errore sui
324 617 1144 672 huius praeceptoris sequens disputet. Item er¬
328 662 1140 715 ror est, quod Trinitatis nomen excipit Lombardus
327 707 1136 765 cap. 2. a sua diuisione, cum tamen ad illud mem¬
331 759 1138 809 brum referatur, in quo Personarum numerus
329 806 1136 857 simul explicatur, vt docet Boethius in librode
345 856 1133 919 Trinit. ad Ioan. Diacon. Atque vel Aristotele
333 901 1138 967 ipso lib. I. de Coelo & Mundo teste, per trinarium
329 961 1140 1010 numerum omnes populi glorificarunt Deum.
333 1001 1130 1050 Ex hoc autem secundo errore nata est disputa
327 1046 1132 1099 tio sequens Distinct. 28. sic abyssus abyssum vo¬
333 1096 662 1153 cat, vt ait Psal. 42.
380 1136 1141 1200 Tertius denique error est, quod incarnatum
332 1190 1144 1252 esse ait de Filio extra relatione dici cap. 4. Quo
341 1235 1147 1307 quid magis absurdum cogitari potest) Etsi enim
336 1284 1143 1358 caro ipsa & res, quam Filius assumpsit, sit ὑωια & in
335 1336 1138 1406 praedicamento substantiae, quam vocant. hoc tamen
332 1381 1147 1444 ipsum, nempe quo Filius dicitur incarnatus, extra
331 1433 1147 1482 relatione, non ad Patre quidem, sed ad carmem assum
328 1483 1141 1550 pta necogitari quidem animo potest, nedum esse, &
325 1527 1137 1592 idcirco a Graecis qκονousα vocatur, quod voca¬
325 1573 1141 1635 bulum est relationis: cum ante carme assumptam
331 1622 1142 1678 subsisteret Filius, non tantum vt Ens, sed vt Per¬
332 1672 1141 1720 sona a Patre distincta. Denique quae σεκονoμαν in
325 1716 1137 1794 Filio signi ficant, sine relatione intelligi no pos¬
