1301 2041
331 102 1142 176 tia diuinitatis vsitati eloquij facultatem excedit.
330 172 1144 222 Verius enim cogitatur Deus, quam dicitur : & ve¬
331 220 735 285 rius est, quam cogitatur.
599 262 861 345 CAP V
433 348 1054 412 Quid hoc nomine Tres significetur.
389 420 1138 481 PATERergo & Filius & Spiritus sanctus
341 463 1136 529 quoniam tres sunt, quid tres sint quaeramus, quid co
340 516 1146 565 mune habeant. Non enim possunt dici tres Patres,
338 573 1143 624 quia tantum Pater ibi Pater est: nec tres Filij, cum
341 622 1148 676 nec Pater ibi sit Filius, nec Spiritus sanctus: nec tres
330 655 1144 725 Spiritus sancti, quia Spiritus sanctus propriasigni¬
334 713 1138 772 ficatione, qua donum Dei dicitur, nec Pater est, nec
328 771 1133 816 Filius. Quid ergo tres: Si tres Personae esse dicun¬
335 803 1135 867 tur, commune est eis id quod Persona est. Certe enim
335 857 1139 917 quia Pater est Persona, & Filius est Persona, & Sp.
330 903 1143 962 sanctus est Persona, ideo tres Personae dicuntur. Pro¬
329 951 1146 1020 pterea ergo dicimus tres Personas, quia commune
334 998 1148 1063 est eis id quod Persona est. Ex praedictis aperte in¬
327 1055 1144 1107 telligi potest, qua necessitate dictum sit a Latinis,
331 1094 1150 1156 tres Personae, cum Persona, secundum substantiam
327 1145 1148 1215 dicatur. Vnde & tribus commune est id quod Per¬
330 1195 881 1264 sona est, id est, hoc nomen Persona.
629 1247 882 1327 CAP. VI
339 1307 1146 1376 Quare non dicimus tres Deos esse, Patrem, &
377 1366 1141 1424 Filium, & Spiritum sanctum, vt dicimus tres
374 1415 1136 1475 Personas, cum id quod Deus est, sit eis com¬
375 1468 1146 1517 mune: quia Pater est Deus, & Filius est Dei,
374 1508 881 1579 & Spiritus sanctus est Deus.
379 1567 1138 1636 SED quaeritur hic, cum dicamus Patrem &
339 1617 1152 1673 Filium & Spiritum sanctum esse tres Personas, quia
334 1670 1142 1724 comune est eis quod Persona est, id est, quia Pater est
327 1712 1142 1789 Persona, & Filius est Persona, & Spiritus sanctus est
