1268 2037
304 111 1152 179 tiae, sed vna essentia: quaero, icur non propter eandem
308 175 1156 228 vnitatem Trinitatis dicantur vna Persona, & non
305 218 1138 264 tres Personae: Vt enim est illis commune nomen essen¬
310 274 1147 327 tiae, ita vt singulus quisque dicatur essentia: sic illis
314 312 1141 367 commune est Personae vocabulumt. Quid igiturore¬
308 363 1147 421 stat, nisi vt fateamur loquendi necessitate a Graecest &
309 416 1150 468 Latinis parta haec vocabula aduersus insidias vel
299 468 1158 522 errores haereticorum: Cumque) conaretur humana
303 507 1150 569 inopia loquendo proferre ad hominum sensus, quod
307 563 1147 614 in secretario mentis de Deo tenet, siue per pia fidem,
309 615 1150 666 siue per qualemcunque intelligentiam, timuit dicere
303 660 1152 718 tres essentias, ne intelligeretur in illa summa aequali¬
299 707 1146 771 tate vlla diuersitas. Rursum non poterat dicere, non
303 757 1141 808 esse tria quaedam, quod quia dixit Sabellius in hae¬
303 801 1137 870 resim lapsus est. Quaesiuit ergo quid tria diceret,
310 850 1137 919 & dixit tres Personas, siue tres substantias asecun¬
309 902 526 960 dum Graecos.
538 947 867 1028 CAP. VIII
295 1001 1153 1076 Sicut nos dicimus tres Personas, ita Graeci tres
407 1075 1044 1142 substantias, quas dicunt hypostases,
514 1125 913 1192 aliter accipientes sub¬
575 1172 855 1249 stantiam quam
675 1221 766 1278 nos.
377 1259 1138 1338 &VOD enim de Personis secundum no¬
316 1334 1149 1390 stram, hoc de substantiis secundum consuetudinem
313 1389 1146 1440 Graecorum oportet intelligi. Sic enim illi dicunt tres
318 1432 1151 1492 substantias vnam essentiam, id est, tres hypostases v¬
314 1482 1147 1541 nam vsiam, quemadmodum nos dicimus tres Perso¬
312 1528 1159 1581 nas vnam essentiam vel substantiam. Quanquam
315 1577 1147 1644 & illi si vellent, sicut dicunt tres substantias hyposta¬
313 1624 1149 1686 ses, possent dicere tres Personas tria τροσωτα. Illud
314 1677 1148 1737 autem maluerunt dicere: quia fortasse secundum lin¬
312 1716 930 1806 guae suae consuetudinem aptius diciur.
