1304 2032
104 84 975 184 AD DISTINCTIONEM XXIII
395 162 793 240 AD CAP. III
154 218 968 307 I SEROANEhuic significationi. Augu¬
103 278 975 361 stinus, Seruire huic significationi. Retentus est ta¬
106 344 981 403 men sensus, nisi quod, quae summa modestia,
101 388 985 442 ἁπορηλικῶς dixit Augustinus, iste, sublatis aliquot
104 434 985 501 Augustini verbis, καταφανλικῶς &asseueranter af¬
106 484 980 539 firmat hac oratione. Quia volumus &c. August.
105 528 982 597 autem sic. Cur ergo &c, nisi quia volumus: Sed ista
108 577 978 661 leuia sunt, & tamen hominis frontem ostendunt.
321 653 772 714 AD CAP. IIII
234 704 965 787 VT fari aliquo modo. Varie mutilatus lo¬
115 777 967 824 cus, quem ex ipso Augustino in suos articulos
113 818 972 889 bona fide restituo. Sunt enim hic quaedam a
118 872 966 937 Lombardo praetermissa, necessaria tamen: quae¬
120 922 964 992 dam autem adiecta superfsua. Itaque, ait Aug.
126 963 959 1036 libro 7, cap. 4. Trinitate, Loquendi causa de in¬
125 1014 961 1072 effabilibus (ut fari aliquo modo possemus, quod ef¬
116 1057 952 1125 fari nullo modo possumus) dictum est a nostris Grae¬
119 1121 963 1167 cis, vna essentia tres substantiae: a Latinis autem vna
125 1162 966 1221 essentia vel substantia tres Persone: quia sicut iam
126 1224 967 1271 diximus non aliter in sermone nostro, id est, Latino
131 1269 951 1324 essentia, quam substantia solet intellici. Et dum in¬
119 1298 965 1374 telligatur saltem in aenigmate qnod dicitur, placuit
117 1357 974 1425 ita dici, vt diceretur aliquid, cum quaereretur quid
123 1411 962 1464 tria sint, quae tria esse fides vera pronuntiat, cum &
123 1448 965 1512 Patrem non dicit esse Filium: & Spiritum sanctum
112 1499 963 1565 (quod est donum Dei) nec Patrem dicit esse, nec Fi¬
116 1559 964 1610 lium, &c. In his paucis verbis ista sunt a Lom¬
119 1599 971 1673 bardo addita. Primum ex margine quidem co¬
121 1646 967 1704 dicis verba haec, Vna vsia, tres hypostases:
127 1699 964 1779 deinde ab ipso Lombardo ex suo tota haec sen¬
