1288 2024
155 93 1004 164 Schola. Itaque quae ex vsu sunt non distin¬
165 146 1015 219 guit ab iis, quae praetermitti omnino & possunt
173 204 1014 254 & debent. Hinc natae interpretum quoque hoc
160 245 1001 311 loco infinitae quaestiones, & ipsae quoque curio¬
166 293 994 368 sae, quales hae, Vtrum Persona sit nomen primae in¬
158 348 1002 416 tentionis, an secundae vtrum Persona & supposi¬
167 400 1006 457 tum differant re, an ratione, & similes aliae, quae
178 443 999 504 passim ab istis tractantur pro solida & conscien
168 488 739 551 tias aedificante doctrina scilicet.
219 534 996 604 Secundum huius disputationis vitium est,
170 595 1005 645 inanis eiusdem rei repetitio. Quod enim hoc
164 633 1005 692 loco tam verbose disputat Lombardus, postea
165 683 999 738 tamen integris dictinctionibus duabus, nempe
168 730 988 792 vigesima quinta & vigesima sexta manifeste ite¬
170 778 1001 828 rum repetat. Id quod cum in omni scripti ge¬
175 833 992 885 nere, tum vero in compendio (quale se institue
172 878 999 935 re profitetur iste ) est maxime vitiosum ac ineptum.
223 921 981 988 Tertium vitium est, rerum praetermissio ne¬
168 974 995 1023 cessariarum, id quod omnibus curiosis euenit, vt
167 1025 995 1085 dum άuρoξαλῶῶ, & inania sectantur, amittant ne¬
165 1067 995 1124 cessaria. Dum enim praeter casam fugiunt, quod
167 1120 997 1175 est in casa aedibusque propriis inquirendum
159 1168 1000 1220 negligunt. Sunt igitur hae vtiles tres quaestiones
166 1210 1001 1271 ab Augustino tractatae, sed ab isto praetermissae,
171 1262 1000 1313 cum tamen alias nequaquam vtiles congesserit
163 1309 1005 1382 Lombardus, explendi animi aut libri sui gratia,
162 1352 332 1424 Nempe,
282 1391 994 1477 Vtrum Persona de Patre, Filio, vel Spiri¬
159 1455 990 1527 tu sancto dicatur relatiue, quemadmodum A¬
159 1506 804 1572 micus & vicinus de Petro, & Paulo.
281 1553 994 1622 Vtrum Persona de Patre & Filio & Spi¬
160 1604 1006 1669 ritu sancto enuntietur tanquam species de ln¬
167 1648 1010 1724 diuiduis, praesertim cum velit significari pro¬
169 1696 753 1780 prie essentiam nomine Personae.
