1308 2030
178 101 1010 167 Nec ideo excusatur quispia, quod postAug. Vel
168 152 1007 217 vetere alique doctore hac vel illa phrasi vtatur,
172 204 1007 264 licet obscura, vel anibigua, veletia falsa sit. Vir¬
172 249 1009 311 tutes enim, non autem naeui Patrum sunt no¬
167 310 1007 376 bis imitandi. Deinde falsum omnino & sine ex¬
177 342 1010 413 cusatione vlla damnandum est, quod hoc quo¬
181 402 1007 468 que loco ait iste, Omnino idem esse Personam, &
175 445 1002 505 essentiam cap. 2. Non sunt enim omnino idem,
180 494 1008 564 sed aliqua ratione idem: aliquam, diuersum quid¬
186 538 999 609 dam. Quare falsa est quoque haec istius inter
183 586 1017 663 pretatio, Pater est Persona, id est, Pater est diuina
179 633 1015 710 essentia, capite I. Persona enim potius ὑπυρξιν in
184 678 1015 747 ρπiςα, Vel ὑπάρξεως τζοπον, d ινiαν ipsa denotat. Fal¬
182 728 1009 796 sum denique & hoc ipsum est Personam essentiae
186 792 1018 852 ipsius significandae gratia etiam in diuinis Personis
186 829 1019 902 proprie vsurpari. Vt enim omittam, quod viri
186 874 1022 937 docti diligenter obseruarunt ex A. Gellio lib.
187 920 1017 999 S. capite 7. adeoque Boethius ipse lib. de Dua¬
191 971 1023 1032 bus Naturis, & quod etiam annotauit Thomas
183 1022 1023 1077 in prima parte quaestio. 39. Articul. 2. Personam
189 1069 1016 1138 proprie dictam esse a personando, & significarem o¬
180 1114 1022 1184 ris integumentum & laruam (Aqua significa¬
190 1165 1027 1236 tione vox haec primum deducta ad varias animi
177 1216 1026 1273 notiones notandas postea accommodata est)
187 1261 1023 1321 certum est tamen in noc etiam de tribus diuinis
185 1320 1013 1374 Personis argumento, vocem ipsam, Persona, a¬
176 1360 1014 1418 liud proprie quam essentiam denotare, & ali¬
194 1406 1034 1479 quid ad essentiam addere, non quidem aliquid
186 1451 1018 1521 rei: sed aliquid rationis & specialis ἐoας. D)
186 1503 1031 1560 mascenus in Dialectica capite && iσεον, ait, ῶς &
188 1548 1034 1620 πς ἀλως τφεάδως κανφανiς δειν S χνμρωος τζοπος τυς ινάσεM
192 1595 1034 1652 αiδsou, ὑπάρξεως. D τψανοςασς ηκμῳ ωότῳ ζιν ὑπάράς¬
178 1638 1032 1723 A. Sciendum est Hypostasin (seu Personam) in sancla
