1293 2031
138 129 987 198 taneum. Sic igitur cap. 4. sub finem ait August.
147 175 986 241 ipse libro v. Trinit. Namsi hoc est Deo esse, quod
151 221 987 294 subsistere (id est, si idem est essentia, quod Per¬
143 273 987 332 sona) lta non erant dicendae tres substantiae, vt non
144 327 984 381 dicuntur tres essentiae. Et lib. 8. Trinit. cap. 9. idem
147 375 987 431 confirmat, se in hac sua sententia & perplexum
146 422 973 474 & obscurum esse. Sed idem Augustinus in li¬
146 472 976 541 bris illis de Trinitate, alia quaedam habet & ar¬
149 523 987 580 guta, & non satis commode dicta, quemadmo¬
152 568 987 626 aum ante nos quoque obseruarunt viri docti,
143 616 981 663 in primisque D. Erasmus Roterodamus: imo
151 665 972 716 Vero Richardus de S. Victore libros de Trini¬
142 713 978 769 tate scripsit, in quibus ex professo multa de li¬
142 757 977 809 bris August. de Trinitate reprehendit acimpro
152 809 979 866 bauit, magno totius ipsius scholasticae Theolo¬
147 860 978 922 giae consensu. Denique non magis sunt Augu¬
151 898 984 962 stini, quam alterius cuiusquam naeui imitandi.
143 949 983 1008 Nec enim Theologicis accommodari illud po
139 1003 973 1061 test, quod de suo Platone dixit Tullius, se mal¬
139 1045 979 1100 le cum Platone errare, quam cum aliis verum
139 1095 985 1156 sentire. Hoc enim est profani hominis dictum,
140 1145 988 1200 cui contra nos obiicimus illud Christi, Ego sum
136 1190 981 1261 veritas. Ergo a quocunque illa prolata, quan¬
146 1244 990 1296 tumuis obscuro viro, praeferenda est falso, etiam
197 1288 931 1357 a clarissimis scriptoribus probato, & de¬
275 1337 871 1407 fenso. Et haec in Distinctionem
330 1385 797 1449 XXIII. annotata sint.
396 1431 723 1511 Confer cum cap. s.
435 1481 696 1546 nostrae Syno¬
489 1532 620 1609 pseus.
