<?xml version="1.0" encoding="UTF-8" standalone="yes"?>
<PcGts xmlns="http://schema.primaresearch.org/PAGE/gts/pagecontent/2013-07-15" xmlns:xsi="http://www.w3.org/2001/XMLSchema-instance" xsi:schemaLocation="http://schema.primaresearch.org/PAGE/gts/pagecontent/2013-07-15 http://schema.primaresearch.org/PAGE/gts/pagecontent/2013-07-15/pagecontent.xsd">
    <Metadata>
        <Creator>prov=University of Rostock/Institute of Mathematics/CITlab|PLANET AI GmbH/Gundram Leifert/gundram.leifert@planet-ai.de:name=Geneva1580-m2(htr_id=30020)::::v=2.6.7
prov=University of Rostock/Institute of Mathematics/CITlab|PLANET AI GmbH/Tobias Gruening/tobias.gruening@planet-ai.de:name=de.uros.citlab.module.baseline2polygon.B2PSeamMultiOriented:v=2.6.7
prov=University of Rostock/Institute of Mathematics/CITlab|PLANET AI GmbH/Tobias Gruening/tobias.gruening@planet-ai.de:name=/net_tf/LA73_249_0mod360.pb:de.uros.citlab.segmentation.CITlab_LA_ML:v=2.6.6
Transkribus</Creator>
        <Created>2021-01-20T13:56:06.534+01:00</Created>
        <LastChange>2021-02-10T15:46:14.618+01:00</LastChange>
        <TranskribusMetadata docId="576385" pageId="23672218" pageNr="496" tsid="52350278" status="IN_PROGRESS" userId="25065" imgUrl="https://files.transkribus.eu/Get?id=OZCYTSGUPELQVYNFKXFKSISI&amp;fileType=view" xmlUrl="https://files.transkribus.eu/Get?id=OXGMUNHIOOQFRZMVVJXKEWCJ" imageId="18181028"/>
    </Metadata>
    <Page imageFilename="495.jpg" imageWidth="1259" imageHeight="2031">
        <ReadingOrder>
            <OrderedGroup id="ro_1612986026025" caption="Regions reading order">
                <RegionRefIndexed index="0" regionRef="r2"/>
            </OrderedGroup>
        </ReadingOrder>
        <TextRegion orientation="0.0" id="r2" custom="readingOrder {index:0;}">
            <Coords points="325,83 325,1808 1166,1808 1166,83"/>
            <TextLine id="r2l5" custom="readingOrder {index:0;}">
                <Coords points="416,286 722,296 800,272 1090,294 1097,230 999,247 937,225 851,243 813,220 709,241 415,231"/>
                <Baseline points="421,278 454,279 488,279 521,280 555,280 588,280 622,281 655,281 689,281 722,280 756,280 790,280 823,280 857,280 890,279 924,279 957,279 991,278 1024,278 1058,278 1092,278"/>
                <TextEquiv>
                    <Unicode>DISTINCTIO XXIIII</Unicode>
                </TextEquiv>
            </TextLine>
            <TextLine id="r2l6" custom="readingOrder {index:1;}">
                <Coords points="319,364 389,385 1163,363 1163,328 1052,312 319,320"/>
                <Baseline points="325,359 366,359 408,358 449,358 491,357 533,357 574,357 616,357 658,356 699,356 741,356 783,356 824,355 866,355 908,355 949,355 991,354 1033,354 1074,353 1116,353 1158,353"/>
                <TextEquiv>
                    <Unicode>Quid significetur his nominibus vnus</Unicode>
                </TextEquiv>
            </TextLine>
            <TextLine id="r2l7" custom="readingOrder {index:2;}">
                <Coords points="370,414 498,433 1148,416 1147,366 1060,388 700,367 370,383"/>
                <Baseline points="375,413 413,413 451,414 490,414 528,414 566,414 605,414 643,414 681,413 720,413 758,413 796,413 835,412 873,412 911,412 950,412 988,411 1026,411 1065,411 1103,411 1142,412"/>
                <TextEquiv>
                    <Unicode>vel vna, duo vel duae, tres vel tria, tri</Unicode>
                </TextEquiv>
            </TextLine>
            <TextLine id="r2l8" custom="readingOrder {index:3;}">
                <Coords points="372,481 1155,484 1155,450 1081,420 372,435"/>
                <Baseline points="377,468 415,469 454,469 492,470 531,470 570,470 608,470 647,470 686,470 724,470 763,470 802,469 840,469 879,469 918,469 956,468 995,468 1034,468 1072,468 1111,468 1150,469"/>
                <TextEquiv>
                    <Unicode>nus vel Trinitas, plures vel pluralitas, </Unicode>
                </TextEquiv>
            </TextLine>
            <TextLine id="r2l9" custom="readingOrder {index:4;}">
                <Coords points="372,535 814,532 955,564 1161,521 1161,485 1116,479 969,500 926,479 372,480"/>
                <Baseline points="377,524 415,525 454,525 493,526 532,526 571,526 610,527 649,527 688,527 727,527 766,527 804,527 843,527 882,527 921,527 960,527 999,527 1038,526 1077,526 1116,526 1155,525"/>
                <TextEquiv>
                    <Unicode>distinctio vel distinctae, cum his vti¬</Unicode>
                </TextEquiv>
            </TextLine>
            <TextLine id="r2l10" custom="readingOrder {index:5;}">
                <Coords points="374,610 425,616 478,592 507,613 538,604 581,620 853,609 846,551 678,560 645,534 622,553 587,524 540,542 507,531 448,557 374,551"/>
                <Baseline points="380,581 406,582 432,584 458,584 484,585 510,585 536,585 562,585 588,585 614,585 640,585 666,585 692,585 718,585 744,585 770,585 796,585 822,586 848,586"/>
                <TextEquiv>
                    <Unicode>mur de Deo loquentes.</Unicode>
                </TextEquiv>
            </TextLine>
            <TextLine id="r2l12" custom="readingOrder {index:6;}">
                <Coords points="592,682 660,669 683,676 706,654 813,676 812,627 763,629 751,620 729,631 706,620 701,625 683,608 672,616 662,609 636,618 617,609 608,619 590,617"/>
                <Baseline points="597,671 623,669 649,668 676,667 702,666 728,665 755,665 781,664 808,665"/>
                <TextEquiv>
                    <Unicode>CAP I.</Unicode>
                </TextEquiv>
            </TextLine>
            <TextLine id="r2l13" custom="readingOrder {index:7;}">
                <Coords points="457,762 688,737 724,761 779,740 831,759 1146,737 1146,686 1048,677 921,709 457,706"/>
                <Baseline points="463,740 496,738 530,737 564,736 598,735 632,735 666,734 700,734 734,734 768,734 802,734 835,734 869,734 903,734 937,734 971,734 1005,733 1039,732 1073,732 1107,730 1141,729"/>
                <TextEquiv>
                    <Unicode>IC diligenter inquiri oportet, cum in Tri¬</Unicode>
                </TextEquiv>
            </TextLine>
            <TextLine id="r2l14" custom="readingOrder {index:8;}">
                <Coords points="436,820 553,788 620,811 790,788 945,807 1022,783 1149,801 1149,756 1119,751 436,745"/>
                <Baseline points="441,784 476,784 511,784 546,783 581,783 616,783 651,783 687,783 722,783 757,783 792,783 827,783 862,783 897,783 933,783 968,782 1003,782 1038,781 1073,780 1108,779 1144,778"/>
                <TextEquiv>
                    <Unicode>&amp;nitate non sit diuersitas vel singularitas, nec</Unicode>
                </TextEquiv>
            </TextLine>
            <TextLine id="line_1612318543975_959" custom="readingOrder {index:9;}">
                <Coords points="442,841 1011,855 1148,827 1148,801 1057,786 955,811 860,794 491,809 442,773"/>
                <Baseline points="447,824 465,826 505,828 545,830 584,832 624,833 664,833 704,834 744,834 783,834 823,834 863,833 903,832 943,832 982,831 1022,830 1062,829 1102,827 1142,826"/>
                <TextEquiv>
                    <Unicode> multiplicitas vel solitudo, quid significetur</Unicode>
                </TextEquiv>
            </TextLine>
            <TextLine id="r2l17" custom="readingOrder {index:10;}">
                <Coords points="327,892 1149,896 1149,855 1095,838 903,861 327,844"/>
                <Baseline points="333,882 373,882 414,882 454,882 495,882 535,882 576,882 616,882 657,882 697,882 738,882 779,882 819,881 860,881 900,881 941,881 981,880 1022,880 1062,880 1103,879 1144,879"/>
                <TextEquiv>
                    <Unicode>his nominibus, scilicet unus vel vna, duo vel duae,</Unicode>
                </TextEquiv>
            </TextLine>
            <TextLine id="r2l18" custom="readingOrder {index:11;}">
                <Coords points="332,944 1147,940 1146,891 1123,889 332,905"/>
                <Baseline points="337,929 377,929 417,929 457,929 497,929 538,930 578,930 618,930 658,930 698,930 739,930 779,930 819,930 859,929 899,929 940,928 980,928 1020,927 1060,926 1100,926 1141,924"/>
                <TextEquiv>
                    <Unicode>tres vel tria, trinus vel Trinitas, plures vel plurali¬</Unicode>
                </TextEquiv>
            </TextLine>
            <TextLine id="r2l19" custom="readingOrder {index:12;}">
                <Coords points="328,1000 1051,978 1103,998 1157,993 1157,939 328,949"/>
                <Baseline points="333,980 376,979 419,979 462,978 505,978 548,978 591,978 634,978 677,978 720,977 764,977 807,977 850,978 893,978 936,978 979,978 1022,978 1065,977 1108,977 1152,977"/>
                <TextEquiv>
                    <Unicode>tas, distinctae vel distinctio: cum dicitur unus Deus. </Unicode>
                </TextEquiv>
            </TextLine>
            <TextLine id="r2l20" custom="readingOrder {index:13;}">
                <Coords points="331,1044 1011,1050 1152,1037 1152,994 331,1000"/>
                <Baseline points="336,1030 376,1028 417,1028 457,1027 498,1026 538,1026 579,1026 619,1026 660,1026 700,1026 741,1026 781,1026 822,1026 862,1026 903,1026 943,1026 984,1026 1024,1025 1065,1024 1105,1023 1146,1022"/>
                <TextEquiv>
                    <Unicode>duae Personae: vel tres Personae plures Personae, di¬</Unicode>
                </TextEquiv>
            </TextLine>
            <TextLine id="r2l21" custom="readingOrder {index:14;}">
                <Coords points="329,1089 1123,1089 1158,1084 1158,1033 997,1056 329,1041"/>
                <Baseline points="334,1076 377,1075 420,1075 463,1075 506,1076 549,1076 592,1076 635,1076 678,1076 721,1076 765,1076 808,1076 851,1076 894,1075 937,1075 980,1074 1023,1073 1066,1073 1109,1071 1153,1070"/>
                <TextEquiv>
                    <Unicode>stinctae sunt Personae. Vel cum dicitur, distinctio</Unicode>
                </TextEquiv>
            </TextLine>
            <TextLine id="r2l22" custom="readingOrder {index:15;}">
                <Coords points="327,1135 1098,1141 1145,1132 1145,1086 326,1089"/>
                <Baseline points="332,1125 372,1124 412,1124 453,1124 493,1124 534,1124 574,1124 614,1124 655,1124 695,1124 736,1124 776,1124 816,1123 857,1123 897,1123 938,1123 978,1122 1018,1121 1059,1120 1099,1119 1140,1118"/>
                <TextEquiv>
                    <Unicode>Personarum, pluralitas Personarum, Trinitas Per</Unicode>
                </TextEquiv>
            </TextLine>
            <TextLine id="r2l23" custom="readingOrder {index:16;}">
                <Coords points="328,1193 1150,1178 1150,1144 1073,1133 328,1136"/>
                <Baseline points="333,1173 373,1173 414,1173 454,1173 495,1173 535,1173 576,1173 616,1173 657,1173 697,1173 738,1173 779,1172 819,1172 860,1172 900,1171 941,1171 981,1170 1022,1170 1062,1169 1103,1168 1144,1168"/>
                <TextEquiv>
                    <Unicode>sonarum, &amp; huiusmodi. Didemur enim hoc dicen¬</Unicode>
                </TextEquiv>
            </TextLine>
            <TextLine id="r2l24" custom="readingOrder {index:17;}">
                <Coords points="323,1237 1086,1242 1162,1227 1162,1183 323,1196"/>
                <Baseline points="328,1222 369,1222 410,1221 452,1221 493,1221 535,1221 576,1221 618,1221 659,1221 701,1221 742,1221 783,1221 825,1221 866,1221 908,1220 949,1220 991,1219 1032,1219 1074,1218 1115,1217 1157,1216"/>
                <TextEquiv>
                    <Unicode>tes, numerorum quantitates, &amp; rerum multitudinem</Unicode>
                </TextEquiv>
            </TextLine>
            <TextLine id="r2l25" custom="readingOrder {index:18;}">
                <Coords points="325,1275 931,1294 1157,1274 1156,1225 936,1230 899,1254 325,1238"/>
                <Baseline points="330,1270 371,1270 412,1270 453,1270 494,1270 535,1270 576,1270 617,1270 658,1270 699,1270 740,1270 781,1270 822,1270 863,1269 904,1269 945,1269 986,1268 1027,1268 1068,1267 1109,1266 1151,1265"/>
                <TextEquiv>
                    <Unicode>vel multiplicitatem in Deo ponere. Quid ergo ista</Unicode>
                </TextEquiv>
            </TextLine>
            <TextLine id="r2l26" custom="readingOrder {index:19;}">
                <Coords points="328,1339 1149,1339 1149,1280 1069,1301 328,1279"/>
                <Baseline points="334,1318 374,1319 415,1319 455,1319 496,1320 536,1320 577,1320 617,1320 658,1320 698,1320 739,1320 779,1320 820,1320 860,1319 901,1319 941,1319 982,1318 1022,1318 1063,1318 1103,1317 1144,1317"/>
                <TextEquiv>
                    <Unicode>ibi significent, ipso, de quo loquimur aperiente, insi</Unicode>
                </TextEquiv>
            </TextLine>
            <TextLine id="r2l27" custom="readingOrder {index:20;}">
                <Coords points="320,1375 374,1385 407,1377 446,1388 504,1377 538,1388 571,1378 588,1385 587,1341 538,1344 518,1336 469,1344 456,1337 445,1346 433,1339 410,1346 398,1337 377,1347 319,1336"/>
                <Baseline points="325,1369 350,1370 376,1370 402,1370 427,1370 453,1369 479,1369 504,1369 530,1369 556,1369 582,1370"/>
                <TextEquiv>
                    <Unicode>nuare curemus.</Unicode>
                </TextEquiv>
            </TextLine>
            <TextLine id="r2l29" custom="readingOrder {index:21;}">
                <Coords points="576,1440 596,1449 627,1442 644,1450 688,1440 708,1447 722,1435 745,1446 776,1439 808,1459 808,1381 745,1389 722,1373 665,1392 618,1383 586,1400 576,1396"/>
                <Baseline points="581,1435 608,1435 636,1436 664,1436 692,1436 719,1436 747,1436 775,1435 803,1435"/>
                <TextEquiv>
                    <Unicode>CAP. II</Unicode>
                </TextEquiv>
            </TextLine>
            <TextLine id="r2l30" custom="readingOrder {index:22;}">
                <Coords points="381,1519 1113,1504 1113,1471 1072,1462 799,1460 729,1437 381,1466"/>
                <Baseline points="386,1498 422,1498 458,1497 494,1497 530,1497 566,1497 602,1497 638,1497 674,1497 710,1497 746,1497 782,1497 818,1497 854,1497 890,1496 926,1496 962,1496 998,1495 1034,1494 1070,1493 1107,1493"/>
                <TextEquiv>
                    <Unicode>Magis illa dicuntur ad excludendum ea</Unicode>
                </TextEquiv>
            </TextLine>
            <TextLine id="r2l31" custom="readingOrder {index:23;}">
                <Coords points="454,1581 603,1550 627,1569 646,1552 741,1552 759,1568 790,1548 868,1567 1000,1554 1010,1508 939,1522 905,1502 844,1528 777,1503 673,1523 643,1500 606,1524 454,1520"/>
                <Baseline points="459,1546 486,1546 513,1546 540,1545 568,1545 595,1545 622,1545 650,1545 677,1545 704,1545 732,1545 759,1545 786,1545 813,1545 841,1545 868,1545 895,1545 923,1545 950,1545 977,1545 1005,1544"/>
                <TextEquiv>
                    <Unicode>quae non sunt in Deo, quam ad</Unicode>
                </TextEquiv>
            </TextLine>
            <TextLine id="r2l32" custom="readingOrder {index:24;}">
                <Coords points="569,1620 657,1604 696,1620 715,1602 757,1619 812,1603 836,1623 882,1611 906,1620 906,1575 861,1559 840,1565 813,1549 763,1572 712,1556 692,1573 669,1559 646,1569 619,1560 597,1572 569,1567"/>
                <Baseline points="574,1592 599,1593 624,1593 649,1594 674,1594 699,1594 724,1594 750,1593 775,1593 800,1593 825,1593 850,1593 875,1593 901,1594"/>
                <TextEquiv>
                    <Unicode>ponendum aliqua.</Unicode>
                </TextEquiv>
            </TextLine>
            <TextLine id="r2l33" custom="readingOrder {index:25;}">
                <Coords points="371,1668 1170,1660 1170,1623 1131,1606 879,1631 371,1616"/>
                <Baseline points="376,1655 415,1654 454,1653 494,1652 533,1652 573,1652 612,1651 652,1651 691,1651 731,1651 770,1651 809,1651 849,1651 888,1651 928,1651 967,1651 1007,1650 1046,1649 1086,1649 1125,1648 1165,1646"/>
                <TextEquiv>
                    <Unicode>SI diligenter praemissis autoritatum verbis in¬</Unicode>
                </TextEquiv>
            </TextLine>
            <TextLine id="r2l34" custom="readingOrder {index:26;}">
                <Coords points="330,1712 904,1705 962,1726 1172,1702 1171,1659 330,1680"/>
                <Baseline points="335,1702 376,1702 418,1702 459,1702 501,1701 542,1701 584,1701 625,1701 667,1701 708,1701 750,1700 792,1700 833,1700 875,1700 916,1699 958,1699 999,1699 1041,1698 1082,1698 1124,1697 1166,1697"/>
                <TextEquiv>
                    <Unicode>tendimus, vt dictorum intelligentiam capiamus, ma¬</Unicode>
                </TextEquiv>
            </TextLine>
            <TextLine id="r2l35" custom="readingOrder {index:27;}">
                <Coords points="329,1784 383,1762 510,1784 760,1760 894,1786 1164,1760 1164,1720 329,1730"/>
                <Baseline points="334,1754 375,1753 416,1752 457,1751 499,1750 540,1750 581,1750 622,1750 664,1750 705,1750 746,1750 787,1750 829,1750 870,1750 911,1750 952,1749 994,1749 1035,1748 1076,1746 1117,1745 1159,1743"/>
                <TextEquiv>
                    <Unicode>gis videtur horum verborum usus introductus ra¬</Unicode>
                </TextEquiv>
            </TextLine>
            <TextEquiv>
                <Unicode>DISTINCTIO XXIIII
Quid significetur his nominibus vnus
vel vna, duo vel duae, tres vel tria, tri
nus vel Trinitas, plures vel pluralitas, 
distinctio vel distinctae, cum his vti¬
mur de Deo loquentes.
CAP I.
IC diligenter inquiri oportet, cum in Tri¬
&amp;nitate non sit diuersitas vel singularitas, nec
 multiplicitas vel solitudo, quid significetur
his nominibus, scilicet unus vel vna, duo vel duae,
tres vel tria, trinus vel Trinitas, plures vel plurali¬
tas, distinctae vel distinctio: cum dicitur unus Deus. 
duae Personae: vel tres Personae plures Personae, di¬
stinctae sunt Personae. Vel cum dicitur, distinctio
Personarum, pluralitas Personarum, Trinitas Per
sonarum, &amp; huiusmodi. Didemur enim hoc dicen¬
tes, numerorum quantitates, &amp; rerum multitudinem
vel multiplicitatem in Deo ponere. Quid ergo ista
ibi significent, ipso, de quo loquimur aperiente, insi
nuare curemus.
CAP. II
Magis illa dicuntur ad excludendum ea
quae non sunt in Deo, quam ad
ponendum aliqua.
SI diligenter praemissis autoritatum verbis in¬
tendimus, vt dictorum intelligentiam capiamus, ma¬
gis videtur horum verborum usus introductus ra¬</Unicode>
            </TextEquiv>
        </TextRegion>
    </Page>
</PcGts>
