1263 2031
303 101 1152 179 solitudo solitarij recipit, Faciamus: nec alieno a se di¬
301 164 1153 224 ceret, Nostram. Attende lector his verbis, & vide
304 207 1152 276 quia nomine consortij pluralitatem signific auit: pro¬
306 272 1153 325 fessio ergo consortij, & professio pluralitatis (quam
308 308 1148 377 professus est dicens, Faciamus, &, Nostram, plurali¬
307 367 1146 420 ter enim utrunque dicitur. Sed hac professione plu¬
309 416 1144 472 ralitatis non diuersitatem vel multitudinem posuit,
308 463 1156 520 sed solitudinem & singularitatem negauit. Sic ergo
310 504 1155 558 cum dicimus plures Personas, vel pluralitatem Per¬
313 557 1159 621 sonarum, singularitatis & solitudinis intelligentiam
311 601 525 675 excludimus.
579 662 808 748 CAP. V
371 711 1099 801 Quid per Ternarium fignificetur cum di-
549 782 905 847 citur, tres Personae.
357 833 1150 894 ITA etiam quum dicimus tres Personas, no¬
317 892 1153 949 mine Ternarij non quantitatem numeri in Deo po¬
319 933 1163 1006 nimus, vel aliquam diuersitatem: sed intelligentiam
315 997 1156 1050 non ad alium nisi ad Patrem & Filium & Spiritum
321 1041 1160 1103 sanctum dirigendam significamus, vt sit huius dicti
315 1078 1148 1143 intelligentia, tres Personae sunt, vel tres sunt Pater,
322 1132 1157 1199 & Filus, & Spiritus sanctus, id est, nec tantum Pa¬
323 1183 1161 1239 ter, nec tantum Filius, nec tantum Pater & Filius
322 1239 1162 1285 in Deitate sunt: sed etiam Spiritus sanctus, & non a¬
319 1282 1156 1341 lius ab his. Similiter non tantum est ibi haec Persona,
325 1325 1163 1385 vel illa, vel haec & illa, sed haec & illa, & illa & non
337 1381 1163 1441 alia. Et hoc fore ita intelligendum Aug. satis osten¬
333 1427 1158 1480 dit, vbi dicit, quod illo nomine non diuersitatem in¬
328 1474 968 1549 telligi voluit, sed singularitatem noluit.
588 1534 844 1623 CAP. VI
363 1603 1163 1684 Quid per duo, cum dicitur duae Personae, vel
497 1649 945 1719 Pater & Filius duo sunt.
370 1711 1170 1792 SIMILITER cum dicitur, duo sunt Pa¬
