1270 2027
550 93 811 165 CAP. IX
394 155 1020 225 Quomodo Trinitas ibi accipiatur.
352 212 1153 272 CVM vero dicitur, Trinitas, id significari vi¬
306 266 1143 328 detur quod significatur, cum dicitur, tres Personae: vt
303 317 1147 380 sicut non potest dici Pater est tres personae: vel Filius
300 360 1147 425 est tres persone: ita non debet dici Pater est Trin¬
304 413 743 485 tas, uel Filius est Trinitas.
546 494 777 570 CAP. X.
444 549 970 623 Hoc videtur contrarium esse
574 612 769 676 praedictis.
346 659 1143 731 HIC non est praetermittendum, quod cum su¬
312 727 1129 786 pra dictum sit, Deum nec singularem, nec multipli¬
310 779 1136 829 cem esse confitendum, idque Sanctorum autoritati¬
307 823 1121 880 bus sit confirmatum, in contrarium uidetur sentir
308 866 1135 939 lsidor. dicens, Distinguendum est inter Trinitatem
312 914 1139 977 & vnitatem. Est enim unitas simplex & singularus,
312 975 1136 1026 Trinitas vero multiplex & numerabilis: quia Tri¬
301 1017 1137 1082 nitas est trium vnitas. Ecce vnitatem dicit esse sin¬
301 1067 1130 1130 gularem : & Trinitatem multiplicem & numerabi¬
299 1117 1127 1171 lem. Sed ad hoc dicimus, quia singularem accepit,
304 1165 1134 1228 sicut & alij accipiunt, unum: multiplicem uero &
303 1209 883 1286 numerabilem, sicut dicunt Trinum.
353 1278 1100 1377 AD DISTINCT. XXIIII
482 1360 878 1462 AD CAP. III
347 1425 1132 1512 I Cum vnum dicimus. Nusquam ista sic apud
300 1495 1138 1563 Ambrosium leguntur, vel quoad verba: yel quo¬
292 1543 1130 1611 ad mentem. Ergo vtrobique falsarius deprehen¬
298 1595 1141 1657 ditur Lombardus. Quoad Verba sic habet Am¬
295 1647 1140 1710 brosi lib. I. de Fide ad Gratian. cap. 2. Vnum ergo
299 1699 1147 1769 Deum, non duos, aut tres Deus dicimus. Non enm
