1274 2028
322 70 1152 147 stino dici putet, quae ex lib. I. de Trinit. cap. &.
317 122 1156 203 hic refert & transcribit: quum manifestissime
318 176 1153 238 ἁμφινξοηλομλτoς, & in rem ipsam inquirentis tan¬
313 229 1157 300 tum, non affirmantis sint verba. Sic enim Au¬
318 280 1147 341 gustinus ait: Quaero itaque de quo dicat alio lo¬
316 317 1152 389 co, Quonia ex ipso, & per ipsum, & in ipso sunt
314 376 1148 442 omnia, ipsi gloria in secula seculorum, Amen.
314 409 1144 486 Si enim de Patre, & Filio, & Spiritu sancto, vt sin¬
311 474 1144 541 gulis personis singula tribuantur ex ipso, id est, ex pa
313 521 1141 591 tre: per ipsum, id est, per Filium: in ipso, id est, in Spi¬
315 564 1147 641 ritu sancto: manifestum est, quod Pater, & Filius, &
305 605 1146 694 Spiritus sanctus unus Deus est, (vbi vel ipso Augu¬
302 668 1145 724 stino autore & censore lib. I. Retract. cap. A reponen¬
306 717 1148 776 dum est, Deus sunt) quando singulariter intulit ipsi
306 760 1145 826 gloria. Deinde paulo post idem August. Si autem
302 819 1149 870 hoc de Patre tantummodo intelligi volunt, &c. Quod
307 862 1141 932 vero Aug. vti & Basilius lib. de Spiritu sancto,
305 902 1139 974 & veteres Patres tres illas ωαοπεωεις ad trium di¬
302 954 1133 1028 uinarum personarum distinctionem alibi refe¬
303 1006 1151 1073 runt, id ex aliis ipsius Augustini libris, veluti
307 1050 1141 1118 commentariis in Psal.8. sumendum fuit: non ex
303 1094 1139 1168 illo dubio, & in controuersiam reuocato libri
302 1139 1142 1226 de Trinitate loco. Nam in Ps. S. initio aperte:
304 1192 1137 1251 Quia & quum dixisset Apostolus. Ex quo om¬
296 1240 1133 1299 nia, per quem omnia, & in quo oninia, Trinitm¬
290 1290 1132 1356 tem ipsam insinuasse creditur, &c. Nec semel tan¬
286 1339 1138 1420 tum locum istum de Trinitate, tanquam asseue¬
294 1394 1133 1454 rantis Augustini sententiam citat Lombardus,
292 1422 1126 1509 sed & postea quoque veluti infra hoc ipso li¬
288 1473 1131 1574 bro Dist. 86 cap. g. E. Locus est ex Epistola Pau
280 1525 744 1606 li ad Rom. cap. II. Verses&
397 1608 979 1693 Censura in distinctionem secundam.
318 1673 1125 1767 Pauca hic annotabimus, quod alibi recurrent,
