1244 2029
304 81 1141 150 mens habet in se quandam imaginem diuinae Trini¬
310 159 1143 210 tis. Nam dum tria sunt, unum sunt: quia & singu¬
306 200 1153 249 la in se manent, & omnia in omnibus. Quanquam
298 250 1147 304 idem seipsum postea exponens ait, Proinde
303 294 1147 354 Trinitas in relatiuis Personarum nominibus est,
299 340 1151 402 (nempe Patris, Filij, & Spiritus sancti) Deitas
307 389 1140 439 non triplicatur, sed in singularitate est: quia si tri¬
296 441 1149 504 plicatur, deorum inducimus pluralitatem. Haec
298 485 1140 548 ille, quae longe a toto isto Lombardi loco dis¬
300 545 1135 594 sident, cum neque de Trino, neque de Nume¬
297 584 1141 648 rabili Deo agat. Boethius autem in libro ad
297 630 1140 700 Symmachum sic, Trinitas in Personarum plura¬
303 680 1134 749 litate: Vnitas in substantiae simplicitate consistit.
302 729 1126 793 Trinitas est numerositas. Relatio multiplicat Tri¬
307 787 1120 835 nitatem. Substantia, non Trinitas, continet vnita¬
302 828 1128 886 tem, quae ex Boethio siue lsidorus: siue hic ipse
300 873 1127 927 sumpserit, melius cum hoc loco certe conue¬
303 925 1137 981 niunt, quam quae esse Isidori ad hunc vsque
304 972 636 1051 diem sunt credita.
480 1073 941 1146 Censura ad Distinctionem
581 1123 806 1198 XXIIII
350 1213 1140 1279 Leuis futurus erat in hac Lombardi Distin¬
297 1264 1141 1319 ctione castiganda labor noster, nisi quorundam
304 1319 1136 1381 istius hominis patronorum obstaret peruicaci¬
299 1361 1141 1423 tas, quae ne sui quidem ordinis sanioribus ho¬
302 1427 1135 1473 minibus cedere potest. Aperte & palam tum
304 1459 1141 1527 in arriculis istius scriptoris damnatis hic recen¬
299 1510 1122 1559 setur in fine huius voluminis (vtpote qui de¬
299 1556 1143 1618 fendi aut excusari nullo modo possit) tum e¬
303 1610 1158 1664 tiam hoc mirifico & noto in hanc Distinctio¬
296 1664 996 1735 nem versu ab ipsis Scholasticis scripto,
