<?xml version="1.0" encoding="UTF-8" standalone="yes"?>
<PcGts xmlns="http://schema.primaresearch.org/PAGE/gts/pagecontent/2013-07-15" xmlns:xsi="http://www.w3.org/2001/XMLSchema-instance" xsi:schemaLocation="http://schema.primaresearch.org/PAGE/gts/pagecontent/2013-07-15 http://schema.primaresearch.org/PAGE/gts/pagecontent/2013-07-15/pagecontent.xsd">
    <Metadata>
        <Creator>prov=University of Rostock/Institute of Mathematics/CITlab|PLANET AI GmbH/Gundram Leifert/gundram.leifert@planet-ai.de:name=Geneva1580-m2(htr_id=30020)::::v=2.6.7
prov=University of Rostock/Institute of Mathematics/CITlab|PLANET AI GmbH/Tobias Gruening/tobias.gruening@planet-ai.de:name=de.uros.citlab.module.baseline2polygon.B2PSeamMultiOriented:v=2.6.7
prov=University of Rostock/Institute of Mathematics/CITlab|PLANET AI GmbH/Tobias Gruening/tobias.gruening@planet-ai.de:name=/net_tf/LA73_249_0mod360.pb:de.uros.citlab.segmentation.CITlab_LA_ML:v=2.6.6
Transkribus</Creator>
        <Created>2021-01-20T13:56:09.562+01:00</Created>
        <LastChange>2021-02-10T15:47:49.065+01:00</LastChange>
        <TranskribusMetadata docId="576385" pageId="23672236" pageNr="505" tsid="52350353" status="IN_PROGRESS" userId="25065" imgUrl="https://files.transkribus.eu/Get?id=DMGSTEXAMXHNVANFZTVQKXVN&amp;fileType=view" xmlUrl="https://files.transkribus.eu/Get?id=WAGWIYRJXPAFBYUKILNQMUDV" imageId="18181046"/>
    </Metadata>
    <Page imageFilename="504.jpg" imageWidth="1280" imageHeight="2027">
        <ReadingOrder>
            <OrderedGroup id="ro_1612986027844" caption="Regions reading order">
                <RegionRefIndexed index="0" regionRef="r1"/>
            </OrderedGroup>
        </ReadingOrder>
        <TextRegion orientation="0.0" id="r1" custom="readingOrder {index:0;}">
            <Coords points="127,59 127,1757 976,1757 976,59"/>
            <TextLine id="r1l3" custom="readingOrder {index:0;}">
                <Coords points="127,163 632,152 729,176 854,148 854,115 798,105 752,128 628,106 520,123 470,99 208,124 169,99 128,108"/>
                <Baseline points="133,144 168,145 204,145 240,145 276,145 312,146 347,146 383,146 419,147 455,147 491,147 526,147 562,148 598,148 634,148 670,148 705,148 741,148 777,148 813,148 849,148"/>
                <TextEquiv>
                    <Unicode>Ponere nil, imo tantum remouere Magistro</Unicode>
                </TextEquiv>
            </TextLine>
            <TextLine id="r1l4" custom="readingOrder {index:1;}">
                <Coords points="171,200 231,217 307,200 334,221 364,198 858,208 858,166 729,176 601,152 378,174 204,151 171,169"/>
                <Baseline points="176,193 209,194 243,194 277,194 311,194 345,194 379,194 412,194 446,194 480,194 514,194 548,194 582,194 616,195 649,195 683,195 717,195 751,196 785,196 819,197 853,198"/>
                <TextEquiv>
                    <Unicode>Nomina, quae numeros in Deitate notant.</Unicode>
                </TextEquiv>
            </TextLine>
            <TextLine id="r1l5" custom="readingOrder {index:2;}">
                <Coords points="121,261 681,248 757,271 830,249 866,268 902,253 903,217 424,200 333,222 122,197"/>
                <Baseline points="127,244 165,244 204,244 242,244 281,244 319,244 358,243 396,243 435,243 473,243 512,244 550,244 589,244 627,244 666,244 704,244 743,245 781,245 820,245 858,246 897,246"/>
                <TextEquiv>
                    <Unicode>Sed res ista parum deinceps laudata Magistris</Unicode>
                </TextEquiv>
            </TextLine>
            <TextLine id="r1l6" custom="readingOrder {index:3;}">
                <Coords points="171,305 259,311 284,295 339,312 364,297 409,312 430,293 560,298 590,318 639,295 682,313 715,306 715,265 599,251 454,270 409,253 316,273 275,251 171,268"/>
                <Baseline points="176,291 202,291 229,292 256,292 282,293 309,293 336,293 362,292 389,292 416,292 443,292 469,291 496,291 523,291 549,291 576,291 603,291 629,291 656,292 683,292 710,293"/>
                <TextEquiv>
                    <Unicode>A nostris, hodie nullius est pretis.</Unicode>
                </TextEquiv>
            </TextLine>
            <TextLine id="r1l7" custom="readingOrder {index:4;}">
                <Coords points="129,350 208,371 342,345 969,356 969,321 882,300 328,319 129,300"/>
                <Baseline points="134,341 175,341 217,341 258,341 300,341 341,341 383,341 424,341 466,341 507,341 549,341 590,341 632,341 673,341 715,341 756,341 798,341 839,341 881,342 922,342 964,343"/>
                <TextEquiv>
                    <Unicode>ltaque Thomas in prima parte Quaestione go¬</Unicode>
                </TextEquiv>
            </TextLine>
            <TextLine id="r1l8" custom="readingOrder {index:5;}">
                <Coords points="126,405 955,400 955,363 839,348 775,369 695,344 659,368 126,350"/>
                <Baseline points="131,390 174,390 217,390 260,390 303,390 346,390 389,390 432,390 475,390 518,390 562,390 605,390 648,390 691,390 734,390 777,389 820,389 863,389 906,389 950,389"/>
                <TextEquiv>
                    <Unicode>Articulo tertio, in fine, intrepide magnoque o¬</Unicode>
                </TextEquiv>
            </TextLine>
            <TextLine id="r1l9" custom="readingOrder {index:6;}">
                <Coords points="131,447 972,444 918,404 827,398 131,412"/>
                <Baseline points="136,438 177,438 219,438 260,438 302,438 343,438 385,438 426,438 468,438 509,438 551,438 592,438 634,438 675,438 717,438 758,438 800,438 841,438 883,438 924,438 966,437"/>
                <TextEquiv>
                    <Unicode>mnium consensu de hac Magistri, id est, Lom¬</Unicode>
                </TextEquiv>
            </TextLine>
            <TextLine id="r1l10" custom="readingOrder {index:7;}">
                <Coords points="129,497 973,494 973,468 925,454 129,448"/>
                <Baseline points="134,486 175,486 217,486 259,486 300,486 342,486 384,486 425,486 467,486 509,486 551,486 592,486 634,486 676,486 717,486 759,486 801,486 842,487 884,487 926,487 968,487"/>
                <TextEquiv>
                    <Unicode>bardi sententia ita scripserat, vt ipsas autorita¬</Unicode>
                </TextEquiv>
            </TextLine>
            <TextLine id="r1l11" custom="readingOrder {index:8;}">
                <Coords points="133,544 893,559 966,541 966,502 133,505"/>
                <Baseline points="138,534 179,534 220,534 261,535 302,535 343,535 384,535 425,535 466,535 507,534 549,534 590,534 631,534 672,534 713,534 754,534 795,534 836,534 877,534 918,534 960,535"/>
                <TextEquiv>
                    <Unicode>tes (quas pro se citat iste) nihilprobare, pro¬</Unicode>
                </TextEquiv>
            </TextLine>
            <TextLine id="r1l12" custom="readingOrder {index:9;}">
                <Coords points="133,593 947,594 947,556 854,546 133,556"/>
                <Baseline points="139,582 179,583 219,583 259,584 299,584 339,583 379,583 420,583 460,582 500,582 540,582 580,581 620,581 660,581 701,581 741,581 781,581 821,582 861,583 901,584 942,585"/>
                <TextEquiv>
                    <Unicode>que Lombardo facere libere pronuntiaret.</Unicode>
                </TextEquiv>
            </TextLine>
            <TextLine id="r1l13" custom="readingOrder {index:10;}">
                <Coords points="126,640 970,637 944,593 126,592"/>
                <Baseline points="131,631 172,631 214,631 256,631 297,631 339,631 381,631 422,631 464,631 506,631 548,630 589,630 631,630 673,630 714,630 756,630 798,631 839,631 881,631 923,632 965,633"/>
                <TextEquiv>
                    <Unicode>Haec igitur fuit totius recte antea sentientis i¬</Unicode>
                </TextEquiv>
            </TextLine>
            <TextLine id="r1l14" custom="readingOrder {index:11;}">
                <Coords points="132,696 670,682 881,703 967,686 967,653 131,644"/>
                <Baseline points="137,679 178,680 219,680 260,680 302,680 343,680 384,679 425,679 467,679 508,679 549,678 590,678 632,678 673,678 714,678 755,678 797,678 838,679 879,679 920,680 962,680"/>
                <TextEquiv>
                    <Unicode>storum scholae in hunc locum censura, prorsus</Unicode>
                </TextEquiv>
            </TextLine>
            <TextLine id="r1l15" custom="readingOrder {index:12;}">
                <Coords points="126,739 634,727 818,755 846,733 960,745 960,695 126,703"/>
                <Baseline points="131,728 172,728 213,727 254,727 295,727 336,727 377,726 419,726 460,726 501,726 542,726 583,726 624,726 665,726 707,726 748,726 789,727 830,727 871,728 912,728 954,729"/>
                <TextEquiv>
                    <Unicode>nimirum a vero aberrare hoc loco Magistrum, </Unicode>
                </TextEquiv>
            </TextLine>
            <TextLine id="r1l16" custom="readingOrder {index:13;}">
                <Coords points="135,784 956,780 956,756 887,739 135,741"/>
                <Baseline points="140,775 180,776 221,776 261,776 302,776 342,775 383,775 423,775 464,775 504,774 545,774 585,774 626,774 666,774 707,774 747,774 788,774 828,774 869,775 909,776 950,777"/>
                <TextEquiv>
                    <Unicode>dum scribit, Nomina &amp; vocabula numeralia ni¬</Unicode>
                </TextEquiv>
            </TextLine>
            <TextLine id="r1l17" custom="readingOrder {index:14;}">
                <Coords points="134,833 961,831 929,781 739,802 701,780 658,802 603,781 566,801 134,785"/>
                <Baseline points="139,823 179,823 220,823 261,823 302,823 343,823 384,823 424,823 465,823 506,823 547,823 588,823 629,823 670,823 710,823 751,823 792,823 833,823 874,823 915,823 956,823"/>
                <TextEquiv>
                    <Unicode>hil ponere, quum de Deo diuinisque Personis v¬</Unicode>
                </TextEquiv>
            </TextLine>
            <TextLine id="r1l18" custom="readingOrder {index:15;}">
                <Coords points="137,884 967,885 967,851 899,831 137,837"/>
                <Baseline points="142,872 183,872 224,872 265,872 306,872 347,872 388,872 429,872 470,872 511,871 552,871 593,871 634,871 675,871 716,871 757,871 798,871 839,872 880,872 921,873 962,874"/>
                <TextEquiv>
                    <Unicode>surpantur: sed duntaxat contrariam sibi significa¬</Unicode>
                </TextEquiv>
            </TextLine>
            <TextLine id="r1l19" custom="readingOrder {index:16;}">
                <Coords points="133,931 972,942 972,888 544,880 419,910 133,889"/>
                <Baseline points="138,919 179,920 220,920 262,920 303,920 345,920 386,920 428,920 469,920 511,920 552,920 593,920 635,920 676,920 718,920 759,920 801,921 842,921 884,922 925,923 967,924"/>
                <TextEquiv>
                    <Unicode>tionem remouere. Verum pertinaces quidam </Unicode>
                </TextEquiv>
            </TextLine>
            <TextLine id="r1l20" custom="readingOrder {index:17;}">
                <Coords points="130,985 924,992 967,985 967,942 130,945"/>
                <Baseline points="135,968 176,969 217,969 259,970 300,970 341,970 383,970 424,970 465,969 507,969 548,969 589,969 631,968 672,968 713,968 755,969 796,969 837,969 879,970 920,971 962,972"/>
                <TextEquiv>
                    <Unicode>nodum in scirpo quaerentes postea reperti sunt, </Unicode>
                </TextEquiv>
            </TextLine>
            <TextLine id="r1l21" custom="readingOrder {index:18;}">
                <Coords points="138,1032 922,1034 966,1020 966,984 138,996"/>
                <Baseline points="143,1017 183,1018 224,1018 265,1019 306,1019 347,1019 388,1018 429,1018 470,1018 511,1017 552,1017 592,1017 633,1016 674,1016 715,1016 756,1016 797,1016 838,1016 879,1017 920,1017 961,1019"/>
                <TextEquiv>
                    <Unicode>qui hanc ipsam Lombardi falsitatem tueri vel¬</Unicode>
                </TextEquiv>
            </TextLine>
            <TextLine id="r1l22" custom="readingOrder {index:19;}">
                <Coords points="136,1084 943,1079 969,1076 969,1031 136,1032"/>
                <Baseline points="141,1067 182,1067 223,1066 264,1066 305,1066 346,1066 387,1066 429,1065 470,1065 511,1065 552,1065 593,1065 634,1065 675,1065 717,1065 758,1065 799,1065 840,1066 881,1066 922,1066 964,1066"/>
                <TextEquiv>
                    <Unicode>lent, &amp; sententiam non tantum emollire: ye¬</Unicode>
                </TextEquiv>
            </TextLine>
            <TextLine id="r1l23" custom="readingOrder {index:20;}">
                <Coords points="138,1124 971,1135 971,1086 771,1071 138,1079"/>
                <Baseline points="144,1115 185,1115 226,1115 267,1115 308,1114 349,1114 390,1114 431,1114 472,1114 513,1113 555,1113 596,1113 637,1113 678,1113 719,1114 760,1114 801,1114 842,1115 883,1115 924,1116 966,1117"/>
                <TextEquiv>
                    <Unicode>rum etiam, velut sanam, obtrudere conarentur, </Unicode>
                </TextEquiv>
            </TextLine>
            <TextLine id="r1l24" custom="readingOrder {index:21;}">
                <Coords points="131,1175 801,1167 925,1189 976,1171 976,1134 202,1122 131,1143"/>
                <Baseline points="137,1165 178,1165 220,1164 262,1163 303,1163 345,1163 387,1162 428,1162 470,1162 512,1161 554,1161 595,1161 637,1161 679,1161 720,1161 762,1162 804,1162 845,1162 887,1163 929,1164 971,1165"/>
                <TextEquiv>
                    <Unicode>addita nimirum illi ea interpretatione, de qua</Unicode>
                </TextEquiv>
            </TextLine>
            <TextLine id="r1l25" custom="readingOrder {index:22;}">
                <Coords points="130,1228 970,1217 940,1174 130,1175"/>
                <Baseline points="135,1212 176,1212 217,1212 259,1212 300,1211 342,1211 383,1211 425,1211 466,1210 508,1210 549,1210 590,1210 632,1210 673,1210 715,1210 756,1210 798,1210 839,1210 881,1211 922,1211 964,1211"/>
                <TextEquiv>
                    <Unicode>iste ne cogitauit quidem vnquam, quemadmo¬</Unicode>
                </TextEquiv>
            </TextLine>
            <TextLine id="r1l26" custom="readingOrder {index:23;}">
                <Coords points="131,1276 973,1266 894,1218 131,1232"/>
                <Baseline points="136,1260 177,1260 219,1259 260,1259 302,1259 344,1259 385,1259 427,1259 468,1259 510,1259 552,1258 593,1258 635,1258 676,1258 718,1258 760,1258 801,1258 843,1258 884,1257 926,1257 968,1257"/>
                <TextEquiv>
                    <Unicode>dum in 2. Quaestione G. Occani in hanc Distin¬</Unicode>
                </TextEquiv>
            </TextLine>
            <TextLine id="r1l27" custom="readingOrder {index:24;}">
                <Coords points="135,1324 171,1328 185,1317 213,1323 229,1314 263,1328 303,1316 350,1330 416,1313 454,1324 454,1283 428,1274 406,1285 333,1285 320,1276 254,1287 224,1272 135,1274"/>
                <Baseline points="141,1308 166,1308 192,1307 218,1307 243,1307 269,1307 295,1307 320,1307 346,1307 372,1307 397,1307 423,1307 449,1307"/>
                <TextEquiv>
                    <Unicode>ctionem apparet.</Unicode>
                </TextEquiv>
            </TextLine>
            <TextLine id="r1l28" custom="readingOrder {index:25;}">
                <Coords points="181,1383 271,1361 557,1382 970,1358 970,1306 910,1329 848,1299 623,1334 553,1310 445,1331 182,1319"/>
                <Baseline points="187,1354 225,1355 264,1355 303,1355 342,1355 381,1355 420,1355 459,1355 498,1355 537,1355 576,1355 614,1355 653,1355 692,1356 731,1356 770,1356 809,1356 848,1356 887,1356 926,1356 965,1356"/>
                <TextEquiv>
                    <Unicode>Nos igitur strenue (quando isti verum ob.</Unicode>
                </TextEquiv>
            </TextLine>
            <TextLine id="r1l29" custom="readingOrder {index:26;}">
                <Coords points="130,1413 981,1421 981,1374 917,1368 130,1379"/>
                <Baseline points="135,1405 177,1405 219,1404 261,1404 303,1404 345,1403 387,1403 429,1403 471,1403 513,1403 555,1402 597,1402 639,1402 681,1403 723,1403 765,1403 807,1403 849,1404 891,1404 933,1405 976,1405"/>
                <TextEquiv>
                    <Unicode>tinere non patiuntur ) veterum illorum Scho¬</Unicode>
                </TextEquiv>
            </TextLine>
            <TextLine id="r1l30" custom="readingOrder {index:27;}">
                <Coords points="133,1472 389,1453 923,1478 973,1456 973,1423 854,1415 133,1415"/>
                <Baseline points="138,1456 179,1455 221,1454 262,1453 304,1453 345,1452 387,1452 428,1452 470,1451 511,1451 553,1452 594,1452 636,1452 677,1452 719,1452 760,1452 802,1452 843,1452 885,1453 926,1452 968,1452"/>
                <TextEquiv>
                    <Unicode>lasticorum, &amp; certe quidem meliorum, senten¬</Unicode>
                </TextEquiv>
            </TextLine>
            <TextLine id="r1l31" custom="readingOrder {index:28;}">
                <Coords points="129,1508 973,1521 973,1476 859,1461 129,1472"/>
                <Baseline points="134,1504 175,1503 217,1503 259,1502 300,1501 342,1501 384,1501 425,1500 467,1500 509,1500 551,1500 592,1500 634,1500 676,1501 717,1501 759,1501 801,1502 842,1502 884,1503 926,1503 968,1504"/>
                <TextEquiv>
                    <Unicode>tentiam defendamus, &amp; in hanc Distinctionem</Unicode>
                </TextEquiv>
            </TextLine>
            <TextLine id="r1l32" custom="readingOrder {index:29;}">
                <Coords points="131,1572 229,1554 258,1572 282,1559 320,1572 363,1556 396,1572 586,1558 585,1525 547,1519 502,1528 380,1513 350,1530 314,1510 267,1529 244,1511 198,1530 177,1514 131,1519"/>
                <Baseline points="136,1552 162,1552 188,1551 214,1551 240,1551 266,1551 292,1550 318,1550 344,1550 371,1550 397,1549 423,1549 449,1549 475,1549 501,1549 527,1549 553,1549 580,1550"/>
                <TextEquiv>
                    <Unicode>seuere animaduertamus.</Unicode>
                </TextEquiv>
            </TextLine>
            <TextLine id="r1l33" custom="readingOrder {index:30;}">
                <Coords points="185,1608 978,1619 978,1576 906,1558 785,1578 185,1563"/>
                <Baseline points="190,1598 229,1598 268,1598 307,1598 346,1598 385,1598 424,1598 463,1598 502,1598 541,1598 581,1599 620,1599 659,1599 698,1599 737,1599 776,1599 815,1599 854,1599 893,1599 932,1598 972,1598"/>
                <TextEquiv>
                    <Unicode>Primum autem istius tam ineptae Lombar¬</Unicode>
                </TextEquiv>
            </TextLine>
            <TextLine id="r1l34" custom="readingOrder {index:31;}">
                <Coords points="140,1656 977,1650 977,1625 892,1609 408,1625 140,1604"/>
                <Baseline points="146,1645 187,1645 228,1645 269,1646 311,1646 352,1646 393,1646 435,1646 476,1646 517,1647 559,1647 600,1647 641,1647 682,1647 724,1647 765,1647 806,1647 848,1647 889,1646 930,1646 972,1646"/>
                <TextEquiv>
                    <Unicode>di interpretationis ( quae &amp; Sacrosanctam ver¬</Unicode>
                </TextEquiv>
            </TextLine>
            <TextLine id="r1l35" custom="readingOrder {index:32;}">
                <Coords points="141,1706 480,1728 972,1700 972,1668 935,1655 141,1656"/>
                <Baseline points="147,1693 190,1694 233,1695 276,1695 319,1696 362,1696 405,1696 448,1696 491,1696 534,1696 578,1696 621,1696 664,1696 707,1696 750,1696 793,1695 836,1695 879,1695 922,1695 966,1695"/>
                <TextEquiv>
                    <Unicode>bi Dei veritatem, &amp; perpetuum vocabulo¬</Unicode>
                </TextEquiv>
            </TextLine>
            <TextEquiv>
                <Unicode>Ponere nil, imo tantum remouere Magistro
Nomina, quae numeros in Deitate notant.
Sed res ista parum deinceps laudata Magistris
A nostris, hodie nullius est pretis.
ltaque Thomas in prima parte Quaestione go¬
Articulo tertio, in fine, intrepide magnoque o¬
mnium consensu de hac Magistri, id est, Lom¬
bardi sententia ita scripserat, vt ipsas autorita¬
tes (quas pro se citat iste) nihilprobare, pro¬
que Lombardo facere libere pronuntiaret.
Haec igitur fuit totius recte antea sentientis i¬
storum scholae in hunc locum censura, prorsus
nimirum a vero aberrare hoc loco Magistrum, 
dum scribit, Nomina &amp; vocabula numeralia ni¬
hil ponere, quum de Deo diuinisque Personis v¬
surpantur: sed duntaxat contrariam sibi significa¬
tionem remouere. Verum pertinaces quidam 
nodum in scirpo quaerentes postea reperti sunt, 
qui hanc ipsam Lombardi falsitatem tueri vel¬
lent, &amp; sententiam non tantum emollire: ye¬
rum etiam, velut sanam, obtrudere conarentur, 
addita nimirum illi ea interpretatione, de qua
iste ne cogitauit quidem vnquam, quemadmo¬
dum in 2. Quaestione G. Occani in hanc Distin¬
ctionem apparet.
Nos igitur strenue (quando isti verum ob.
tinere non patiuntur ) veterum illorum Scho¬
lasticorum, &amp; certe quidem meliorum, senten¬
tentiam defendamus, &amp; in hanc Distinctionem
seuere animaduertamus.
Primum autem istius tam ineptae Lombar¬
di interpretationis ( quae &amp; Sacrosanctam ver¬
bi Dei veritatem, &amp; perpetuum vocabulo¬</Unicode>
            </TextEquiv>
        </TextRegion>
    </Page>
</PcGts>
