1291 2038
114 96 958 172 quae hoc loco castiganda sunt. Quae vero dice
116 157 957 219 mus omnia ad caput &. huius distinctionis prae
113 199 973 262 sertim pertinent. Primum igitur ἀσοολοὸν est,
108 253 973 310 quod ipsum totius Christianae religionis caput,
120 314 972 358 & fundamentum praecipuum (quod est de vna
121 353 961 411 & eadem in tribus personis, Patre, Filio, & Spi¬
114 400 975 468 ritu sancto essentia diuina) probaturus, impro-
122 451 966 499 bati, & dubij inter Christianos ipsos autoris ni
115 496 977 554 mirum Ecclesiastici testimonium affert, adeo vt
117 541 966 609 ex eo ipso nutatura & vacillatura in ipso ingres¬
120 594 971 655 su sit nostra fides, si tam incerto fulcimento ni¬
120 637 972 697 tatur. Est enim ex Apocryphis libris non ἐucta¬
116 690 971 745 πλκῶς Ecclesiasticus: in primis autem Cap. 34¬
132 740 974 791 vnde hic locus a P. Lombardo citatur, est &
125 789 971 843 mancum, & lacerum, non modo in Latinis, sed
135 832 961 884 etiam in Graecis exemplaribus, quia multa de¬
126 886 969 933 sunt. Etsi vero sumptus videri potest ex Pro¬
132 927 964 985 uerb. 8, tamen ex isto Ecclesiastici loco tantum
129 975 966 1031 Dei arcanum illustrare velle est, non ex fulgore
136 1021 975 1075 lucem: sed, quod ait ille, inepte fieri, ex fulgore
141 1071 968 1125 fumum dare. Deinde ista interpretatio capiteI.
137 1122 973 1177 versi I. Genes. Creauit Deus in principio, id est, in
133 1167 965 1217 Filio, coelum & terram, est non tantum aliena
139 1218 970 1267 (quanquam eam veteres quidem Patres alicu¬
126 1262 966 1334 bi sequuti sunt, veluti Ambrosius, & Augusti¬
128 1319 965 1379 nus )sed etiam dubia. Melius enim omnino Ba¬
119 1365 964 1417 silius ait, vt neque ἀτεMdἰτυτoς, neque ἀξωρως in¬
128 1407 968 1465 telligeretur esse hic mundus, diserte dictum es¬
123 1463 974 1512 se, in principio creatum esse coelum & terram: non
126 1511 970 1563 tantum, quemadmodum tamen existimat Phi¬
118 1550 965 1607 lo, vt vox Principij significet ωραμυῳ κατ αεόμον, id
128 1603 970 1658 est, primam creationis diem. Ergo ex dubia ista
124 1649 970 1705 interpretatione & patrocinio praestantissimam,
133 1700 956 1776 & obscuram tamen humanis mentibus doctri¬
