1257 2029
283 107 1132 169 retur tres Personae, cum quaereretur, quid tres, vel
294 156 1125 223 quid tria: vbi non significat essentiam, id est, naturam
290 208 1133 262 diuinam, quae communis est tribus Personis, sed sub¬
290 252 1128 309 sistentias vel hypostases secundum Graecos. Graeci
296 311 1127 357 quippe(vut supra dicit Aug.) aliter accipiunt sub¬
289 358 1123 401 stantiam, id est, hypostasim, aliter nos. Nos enim sub¬
286 403 1129 460 stantiam dicimus essentiam siue naturam. Personas
281 449 1127 508 autem dicimus sicut illi dicunt substantias, id est,
279 496 1129 572 hypostases. Si ergo nos ita accipimus personas, vt illi
285 547 1127 602 accipiunt substantias, vel hypostases. At illi aliter
287 604 1125 661 accipiunt hypostases, quum nos substantiam: aliter
277 656 1124 714 ergo nos accipimus Personas, quam substantia. Cum
284 702 1115 764 ergo dicimus tres Personas, non ibi Personae nomine
276 744 1112 802 essentiam signi ficamus. Quid ergo dicimus: Dici¬
282 790 1110 860 mus, quia tres Personae sunt, id est, tres: substantia,
266 840 1105 917 scilicet tres entes: pro quo Graeci dicunt ires hypo¬
279 885 393 949 stases.
542 963 794 1038 CAP. VI
371 1049 1038 1124 Ostendit verba Augustini conuenire
562 1103 840 1173 huic sententiae.
322 1167 1116 1242 ET hic sensus adiuuatur ex verbis, Aug. prae¬
286 1227 1125 1281 missis, si interius intelligantur. Quia enim Pater est
289 1270 1113 1338 Persona, id est, essentia, & Filius Persona, & Spiri¬
282 1316 1125 1376 tus sanctus Persona: ideo dicuntur tres Personae, tres
285 1370 1130 1436 subsistentiae, tres entes, Non enim possunt di¬
282 1416 1131 1480 ci tres substantiae vel entes, nisi singulus eorum es¬
282 1471 1117 1525 set Persona, id est, essentia. Quia ergo tis, commune
286 1526 1114 1571 est id quod est Persona, id est, essentia: ideo recte di¬
282 1572 1127 1634 cuntur tres Personae, id est, subsistentiae vel subsisten¬
282 1615 1140 1683 tes: vt sicut essentia quae est eis communis, vere ac
278 1670 1132 1732 proprie est: ita illi tres vere ac proprie subsistentiae vel
280 1714 1128 1791 entes intelligantur. Ideoque August. causas dicto¬
