1258 2030
527 85 866 165 CAP. VIII
463 152 975 228 Quid tres res, & quid vna res
616 207 832 277 hic dicitur.
346 250 1145 333 NON autem te moueat quod dicimus tres res
295 320 1128 374 Non enim hoc dicentes diuersarum rerum nume
296 368 1139 425 rum ponimus in Trinitate, sed ita tres res dicimus,
293 420 1135 486 vt easdem esse vnam quandam summam rem confi¬
294 469 1137 536 teamur. Vnde August. in v. lib. de Doctrina Chri¬
296 522 1134 572 stiana sic ait, Res quibus fruendum est, nos beatos
280 568 1142 636 faciunt. Res ergo quibus fruendum est, sunt Pater,
284 610 1129 683 & Filius, & Spiritus sanctus. Eademque Trinitas
285 659 1117 721 vna quaedam summa res est, communisque fruenti¬
290 707 1118 770 bus ea, si tamen res & non rerum omnium causa sit,
288 767 1120 812 Non enim facile potest inueniri nomen, quod tantae
288 817 1115 866 excellentiae conueniat: nisi quod melius dicitur, Tri¬
285 858 1121 921 nitas haec unus Deus. Sicut ergo tres res dicuntur.
291 917 1124 970 & hae sunt vna res: ita tres subsistentiae dicuntur, &
284 959 1114 1016 hae sunt vna essentia. Ecce ostensum est quae sit in¬
286 1015 1114 1081 telligentia huius nominis, Persona, cum dicimus tres
281 1057 458 1118 Personas.
558 1118 853 1200 CAP. IX
336 1179 1057 1259 Ex quo sensu dicatur, alia est Persona
472 1239 920 1312 Patris, alia Filij, alia Spi¬
556 1291 792 1362 ritus Sancti.
331 1349 1127 1426 Nunc inspiciamus, vtrum secundum eandem ra¬
286 1417 1126 1467 tionem & causam dicatur, alia est Persona Patrus,
290 1456 1106 1511 alia Filij, alia Spiritus sancti. Quod vtique sane in¬
291 1507 1124 1554 telligi potest, vt sit sensus talis, Alia est subsistentia
289 1549 1118 1617 vel hypostasis Patris, alia subsistentia Filij, alia sub¬
280 1607 1112 1660 sistentia Spiritus sancti. Et alia subsistentia Pater, a
279 1646 799 1717 lia Filius, alia Spiritus sanctus.
