1243 2022
304 81 1146 155 ri vero est distributum, vt sit sensus Pater, ve
300 152 1153 202 Filius, ve Spiritus sanctus, qui Deus est, at Persona:
305 193 1149 244 non autem ipsa Trinitas aut deitas est rna Per¬
306 243 1149 296 sona. Quod si vera esset Lombardi sententia &
301 284 1145 353 interpretatio, sequeretur procul dubio, vt, que¬
300 350 1151 399 admodum haec propositio vera est, Deus est anus
304 391 1151 438 tatum, non plures: sic ista quoque vera esset. Deus
308 440 1142 493 estona tantum Persona, non plures. Quod Sabellia¬
309 477 1154 537 norum haereticorum delirium fuit. Ergo non
311 532 1153 584 idem significant Essentiae & Personae ratio etiam
315 575 1139 634 in diuinis, etsi nihil reale addit Personae notio
314 634 1143 679 ad diuinam essentiam, sed vt ait Basil. δελαον
313 675 1128 747 ὑπάρξεως tantum designat in singulis Personis
313 722 494 785 diuersam.
430 757 1126 836 Vtrunque secundum substantiam. Mque
304 814 1115 889 falsum & istud, atque superius. Siue enim Sub¬
307 868 1128 926 ctantiam pro essentia sumas: siuepro Persona,
315 917 1128 985 constare non potest cum verae Christianae¬
307 961 1139 1027 que fidei κυαλἰα, vt essentia & Persona secun¬
313 1021 1137 1073 dum idem formaliter dicantur. Nam vel plures
304 1064 1137 1122 essent essentiae diuinae, & ita fieret multiplicatio
309 1109 1142 1170 deitatis, vti sunt plures Personae: vel vnica
300 1156 1140 1211 tantum esset Persona, quemadmodum est vna
301 1204 1139 1276 trium essentia. Ergo secundum aliud essentia
300 1260 1126 1312 diuina de Patre dicitur: secundum aliud Per¬
295 1302 1133 1359 sona, id est, alia est essentiae, alia Personae etiam
299 1349 1136 1404 in diuinis formalis definitio. Praeterea falsum
298 1404 1131 1463 est Personam de Patre vel Filio dici secundum
299 1451 1124 1504 substantiam, cum inter omnes constet eam e¬
298 1498 1127 1549 nuntiari proprie in relatione & distinctioneuque¬
298 1550 1128 1608 σαμινῶν explicanda: essentiam autem siue sub¬
288 1588 1138 1653 stantia dici de Filio, vel Patre in vnitate naturae
299 1644 1153 1706 trium demonstranda. Quamobrem haec scribes
289 1694 1150 1772 stertebat, nequid grauius dicam, Lombardus.
