1253 2031
301 103 1152 192 Verba ipsa natiua haec sunt, Vna est enim Patris,
297 169 1149 224 & Filij, & Spiritus sancti essentia, quam Graeci vcia¬
297 231 1149 272 vocant, in qua non est aliud Pater, aliud Filius, a¬
305 259 1147 327 liud Spir. sanct. quanuis personaliter sit alius Pater
308 306 1143 377 alius Filius, alius Sp. sanct. Et in fine eiusdem capi¬
305 357 1154 434 tis nempe sic habent, Quia igitur aliud est genuisse,
312 417 1151 478 quam natum esse: aliudque est procedere, quam genu¬
305 458 1158 524 isse, vel natum esse, manifestum est, quoniam alius est
316 505 1160 577 Pater, alius Filius, alius Spiritus sanctus. Sed
322 548 1155 617 quid dico nihili esse istas vocesScum & absur¬
317 602 1155 677 dam orationem faciant (quid est enim ineptius,
322 665 1147 722 quam dicere quippiam esse in Persona prrsona¬
313 700 1153 765 liter) & peregrinum sensum optimo scriptori
321 766 1151 813 affingant, quasi diceret Fulgentius eodem mo
321 801 1141 860 do ln Persona alium esse Patrem, quo in essentia
320 847 1138 907 est cum Filio unus Pater. Sic enim statueret Per¬
323 894 1145 971 sonam esse quippiam reale in Patre, vel Filio
330 944 1158 1018 praeter essentiam additum: vti essentia ipsa, in
328 993 1164 1065 qua sunt tres illi vnum, est quidpiam reale. Ne¬
321 1047 1159 1107 mo vero Patrum orthodoxorum vnquam sic
330 1091 1164 1156 est locutus, Alius est Pater in Persona a Filio: sed
321 1151 1153 1201 sic, Alius est Persona vel Personae ratione Pater,
327 1200 1154 1247 alius Filius. Ergo in ista additione non leuis mo¬
330 1248 1158 1304 menti res posita est, quia vera fides periclitatur.
337 1285 1166 1343 Quod non tam religiose annotassem, nisi iste
327 1336 1154 1415 infra capite ro. in eundem scopulum iterum im¬
327 1387 476 1465 pegisse.
531 1456 903 1541 AD CAP. V.
443 1518 1173 1583 Tripliciter in Trinitate. Falsus est titulus,
330 1571 1178 1644 Neque enim Lombardus fidem liberat vel
329 1634 1177 1686 praestat promissum, cum de tribus illis Personae
322 1678 1182 1735 significationibus propositis duas tatum afferat,
324 1738 1189 1807 nempe, vt, vel pro essentia, vel pro hypostasi
