1277 2023
308 101 1113 164 quum dicitur, Pater est persona. Pater & Filius
318 154 1106 219 sunt singuli persona vt duae personae. Certe vt illi
319 216 1113 268 plures personae sunt: ita essent plures essentiae:
312 261 1108 314 atque ita deitatis multiplicatio, & πολuλα per¬
308 304 1116 361 spicue statueretur. Quod est omnino nefas. De
317 359 1110 422 quo satis iam diximus. Sed vt hunc ipsum suo,
307 398 1120 463 suorumqegladio iugulem, affero primum, quod
307 455 1105 510 huius Distinctionis cap. 4. ait his verbis, Quo¬
315 500 1105 561 modo enim alius personaliter Pater, alius personali¬
306 544 1116 595 ter Filius, si persona essentiae tantum intelligentiam
313 591 1103 654 facit: Negat igitur Personae voce solam essen¬
314 648 1102 706 tiam significari, id quod totam ipsiusmet inter¬
319 689 1107 752 pretationem euertit. Thomas in prima parte
321 735 1099 790 Quaest. 89. Artic. 2. ad 4. ait aperte, Formasignifi¬
315 796 1095 852 cata per hoc nomen persona non est essentia, vel na¬
310 834 1112 896 tura: sed personalitas. Cuius rei rationem addit
319 884 1111 953 Occan hoc loco, quia naturae vel essentiae vox non
315 936 1108 993 includit essentialiter principia indiuiduantia: quae
315 976 1102 1030 tamen vox & significatio Personae includit.
325 1031 1111 1088 Quid igituro Nimirum vnum hoc vexauit Lon¬
313 1069 1118 1131 bardum, quod in quaestione, quid est Pater, vel
321 1124 1104 1194 quid est Filius, saepe respondetur, est persona.
310 1176 1116 1239 Porro in qstione vbi petitur, quid est id, quod
315 1220 1114 1274 est rei essentia, responderi solet. Inde Personae
314 1270 1109 1323 voce rei essentiam significari Lombardus existi¬
315 1315 1105 1373 mauit. Hoc est Achilleum argumentum, vel fa¬
315 1363 1111 1421 scinum potius, quo de veritate miser deiectus
310 1412 1102 1465 in errores tam multos, quos hic seuit, incidit
317 1458 1107 1517 Respondeo vero hunc svllogismum esse abano¬
308 1501 1105 1570 λνμὸν a non consequente. Fatendum quidem
318 1555 1101 1614 est, res eas, quae personae sunt, esse vnas & essen¬
307 1596 1109 1665 tias quasdam. Non tamen sequitur Personae vocum
307 1649 1109 1716 significare essentia. Nam Personae appellatione
303 1694 1109 1770 atque ambitu saepe ipsam quoque rer essentia con¬
