1259 2031
278 94 1116 165 scilicet quando cum haereticis contendebatur i
278 154 1118 212 scribens de fide Catholica ad Damasum Papam,
289 208 1113 260 Ab Arianorum praesule hypostasion nouellum no¬
276 255 1106 308 men a me homine Romano exigitur. Interrogamus,
273 303 1113 364 quid tres hypostases arbitrentur intelligi: tres Per¬
272 364 1100 408 sonas subsistentes aiunt. Respondemus nos ita cre
267 403 1117 462 dere. Non sufficit eis sensus: ipsum nomen effsagitant.
277 457 1115 510 quia nescio quid veneni in sullabis latet. Clamamus,
272 508 1112 560 Si quis tres :hypostases, id est, tres subsistentes Perso¬
276 553 1097 607 nas non confitetur, anathema sit. Si quis autem hy¬
272 611 1106 656 postasim vsiam intelligens, non tribus Personis vnam
271 647 1103 707 hypostasim indicit, alienus a Christo est:squi scili¬
273 694 1101 746 cet tres hypostases dicens, sub nomine pietatis tres
264 752 1101 801 naturas conatur asserere. Sufficiat nobis dicere vnam
268 797 1101 848 substantiam & tres Personas perfectas aequales: ata¬
274 848 1100 893 ceamus tres hypostases, si placet. Nomen hoc non bo¬
268 886 1104 953 nae suspicionis est, cum in eodem verbo sensus dissen¬
277 940 1100 995 tiunt. Aut si rectum putatis, tres hypostases cum in¬
276 986 1113 1052 terpretationibus suis debere nos dicere, non nega¬
279 1034 1113 1081 mus. Sed mihi credite, venenum sub melle latet.
280 1082 1119 1139 Transfigurat enim se Angelus Satanae in Angelum
276 1130 1115 1183 lucis. His verbis non negat vtendum esse nomine
277 1178 1116 1230 hypostasis, sed haereticos eo praue vsos ostendit: con¬
272 1239 1115 1298 tra quos cautela opus erat in distinctione significa¬
272 1276 1114 1350 tionis: alioquin sibi contradiceret, qui supra tres hy¬
264 1326 568 1402 postases confitetur.
518 1359 759 1429 CAP. II
334 1417 1028 1496 De proprietatibus Personarum, & de
484 1470 874 1531 nominibus earum re¬
603 1521 739 1577 latiuis.
322 1569 1117 1628 IAM de proprietatibus Personarum videa¬
275 1612 1112 1684 mus, quae etiam notiones siue relationes in Scriptu¬
275 1661 1119 1732 ra plerunque dicuntur, in illa sancta Trinitate: quae
272 1713 1122 1785 ideo a nobis repetitur, vt cordi nostro tenacius infi¬
