1277 2028
113 124 963 187 nus pleniori oratione dixit nullo est addito,
127 164 967 235 quia & ille semper Pater (i. Est, Fuit, & erit) & ille
118 213 365 282 semper Filius.
168 276 959 334 2 Et ita semper. Contrario hic iam vitio la¬
118 318 945 380 borat, quam in superiori capite. Illic enim ad
122 377 965 427 diderat Non: hic detrahit: atque etiam ipsam
133 422 967 484 Augustini mentem minime gentium intelligens.
118 464 962 538 Docet Augustinus Patrem non dici semper Pa
124 522 956 590 trem ex quodam certo tempore, nempe vel an¬
126 571 959 628 tecedenti duntaxat, vel futuro: sed dici Patrem
118 619 957 670 ab aeterno nulla temporis vel cepti: yel futuri
122 670 959 728 ratione. Sic habet Augustinus ipse, quia & ille
119 718 945 779 semper Pater: & ille semper Filius: & non ita sem
120 759 958 823 per quasi ex quo natus est Filius, vt ex eo quod nun¬
126 806 954 881 quam desinat esse Filius, Pater non desinat esse Pa¬
128 869 945 915 ter: sed ex eo quod semper natus est Filius, nec coe¬
119 901 944 964 pit vnquam esse Filius. Huic consentit haec Hila¬
122 955 954 1015 rij sententia libro r2. de Trinitate, Natum autem
115 1007 946 1075 semper esse, hoc estsensum temporum nascendo prae¬
114 1057 951 1135 currere, neque intelligentiae patere aliquando fuisse
110 1097 300 1156 non natum:
157 1160 950 1249 S Nato Deo. Hilar. Nato vero vnigenito Deo
106 1231 949 1287 manifestum est, &c. Vnigenito non est superssuo ad¬
114 1278 954 1329 ditum ab Hilario. Idem postea, Vnigenitus auts
121 1317 944 1390 Deus neque fuit aliquando non Filius, neque fuit a¬
110 1377 952 1441 liquid antequam Filius, neque quicquam aliud ipse,
109 1409 957 1473 nisi Filius. Vt de illo Filio vnigenito, & non de
108 1460 954 1532 quouis Filio, non de quauis Persona diuina id
106 1514 953 1586 a se dici doceret Hilarius, quod scripserat, Na¬
114 1563 323 1635 to Deo, &c.
271 1618 710 1719 AD CAP. IIII
154 1703 955 1783 I Filij excelsi omnas. Locus este Psal. octua¬
