1259 2052
347 97 1177 159 tionis cognoscere potuerunt, vel etiam cognouerunt.
352 145 1171 209 vt enim Augustinus ait in lib. de Ciuit. Dei, Qide¬
348 203 1171 260 runt summi philosophi nullum corpus esse Deum,
358 249 1171 306 & ideo cuncta corpora transcenderunt quaerentes
358 301 1173 347 Deum. Viderunt i etiam quicquid mutabile est, no
345 342 1179 400 esse summum Deum, omniumque principium: &
341 396 1176 442 ideo omnem animam mutabilesque Spiritus trans¬
349 445 1173 501 cenderunt. Deinde viderunt omne, quod mutabile
353 490 1171 544 est, non posse esse nisi ab illo, qui incommutabiliter &
344 537 1177 601 simpliciter est. Intellexerunt ergo eum & emnia ista
342 596 817 661 fecisse, & a nullo fieri potuisse.
560 653 866 745 CAP. IIII
612 731 845 808 Tertia ratio.
392 796 1169 860 Considerauerunt etiam quicquid est in substan¬
344 850 1174 921 tiis vel corpus esse, vel Spiritum: meliusque aliquid
345 903 1175 964 Spiritum esse quam corpus: sed longe meliorem, qui
337 948 743 1028 Spiritum fecit & corpus.
649 1012 891 1084 CAP. V
618 1068 868 1155 Quarta ratio.
383 1136 1164 1203 lntellexerunt etiam corporis i speciem esse sensi
342 1197 1175 1267 bilem, & Spiritus speciem intelligibilem : & intelli¬
340 1244 1164 1309 gibilem speciem sensibili praetulerunt. Sensibilia di¬
344 1301 1172 1361 cimus, quae visu tactuque corporis sentiri queunt. In¬
347 1345 1171 1411 telligibilia, quae conspectu mentis possunt intelligi.
355 1399 1167 1462 Quum ergo in eorum conspectu & corpus & ani¬
343 1445 1167 1496 mus magis minusque speciosa essent (si autem omni
350 1487 1171 1550 specie carere possent, omnino nulla essent) viderunt
348 1544 1169 1602 esse aliquid quo speciosa facta sunt, vbi est prima &
338 1582 1170 1652 incommutabilis species, ideoque incomparabilis: &
338 1635 1171 1687 illud esse rerum principium rectissime crediderunt,
338 1686 1160 1756 quod factum non esset, & ex quo cuncta facta essent.
