1261 2030
239 110 976 182 Ante eum filij. Multa partim ex Hilario
127 168 972 217 detracta, partim addita, quae quoniam autoris
123 216 858 283 mentem non euertunt, tolerari possunt.
332 295 728 384 AD CAP. V.
179 396 968 470 I Non potest. Augustinus habet, Non sic po¬
126 456 960 518 test Trinitas dici Pater, &c. Ergo detriuit iste
126 508 959 557 Sic, quod magni momenti esse intelligent om¬
125 554 935 601 mnes, qui ipsum Augustini locum consulent.
162 605 951 662 2 Omnibus per fidem. Iste immutatis Hilarij
130 651 960 716 Verbis planissimis totam hanc sententiam ob¬
123 707 956 761 scuram reddidit. Sic igitur Hilarius, Omnibus,
127 757 973 806 quibus per fidem Deus Pater est, per eam fidem pa¬
125 795 959 850 ter est, qua Iesum Christum Dei Filium confitemur.
126 848 958 911 Confiteri autem Filium secundum generale Sancto¬
127 899 958 962 rum nomen, quid habet fidei, vt dicamus, unus ex fi¬
128 944 268 1009 lijs est)
247 991 969 1044 Sed & proprietate. Iam dissimulari non
131 1038 965 1097 potest, quod optimo autori detraxit hoc loco
137 1084 955 1138 Lombardus: & vt vim omnem argumenti, ex
128 1134 973 1203 positionisque Hilarianae elidat, dum totam hanc
130 1191 967 1247 orationem aufert, Qua dicitur tuum. Sic igitur
135 1232 964 1287 Hilarius, Dominus dixerat, clarifica Filium tuum:
125 1281 971 1343 non solum nomine contestatus est esse se Filium: sed
136 1329 972 1387 & proprietate qua dicitur, tuum. Rationem igitur
127 1381 972 1434 appellationis istius in Christo ostendit Hilarius
130 1434 971 1488 ex ipsis verbis Christi: & discrimen istud inter
123 1482 970 1533 nos & Christum, quum Filij Dei vocamur, con¬
119 1527 974 1589 frmat: quod iste, quanquam suo huic proposi¬
120 1570 841 1636 to maxime consentaneum, detruncauit.
293 1626 688 1728 AD CAP. VI
170 1718 977 1781 I Vt iam diximus, nec iterare piget. Ista sunt
