1270 2025
109 108 952 168 dem rei notiones, quemadmodum impiissime
105 163 957 228 Sabelliani contenderunt. Atque haec sunt, quae in
105 206 948 266 huis tractationis de Proprietatibus personaliba
107 261 954 315 ingressu a Lombardo tradenda fuerant, si suo ti¬
115 303 953 370 tulo &promissioni satisfacere vellet. Sed nonest
112 348 958 421 homo iste tam religiosus, vt fidem exoluat, qui
112 404 949 449 ne in optimorum quidem scriptorum senten¬
108 451 951 517 tia, tanquam pecunia aliena nobis repraesen¬
110 502 953 553 tanda, fidelis est. Haec igitur sunt, quae in hac
104 549 949 616 Distinctione visa sunt animaduersione digna.
112 593 955 657 quam conferto cum capite sexto nostra Sy¬
107 645 281 723 nopseos.
217 861 854 957 DISTINCTIO XXVII
104 938 930 1010 An easdem proprietates assignent Au¬
167 999 874 1094 gustinus & Hilarius : & an ista sint
281 1062 800 1145 quae dicuntur paternitas,
359 1120 687 1199 filiatio, & pro¬
446 1178 585 1249 cessio.
425 1238 655 1308 CAP. I.
105 1316 925 1390 ERIC quaeri potest, vtrumiproprietates, qua
178 1377 924 1444 ag Hilarius supra assignauit, scilicet, quod Pa
220 1427 924 1487 ter semper est Pater, & Filius semper est Fi
92 1466 930 1529 lius, sint illae eaedem porprietates, quas Augustinus
100 1522 928 1586 superius distinxit, dicens: proprium esse Patris quoo
101 1578 938 1638 genuit Filium, & proprium Filij quod genitus est a
102 1621 924 1686 Patre, & Spiritus sancti, quod ab vtroque procedit
97 1671 923 1722 Ac deinde vtrum & istae sunt illae quae dicuntur pa¬
90 1718 921 1795 ternitas, filiatio, processio. Videtur quod non sin
