1226 2033
309 120 1149 184 stantiae tantum dicitur illud de illo, Iicet ibi illa no¬
317 165 1149 229 mina substantiam non significent. Secundum vero
319 214 1160 270 eadem nomina personarum nunquam dicitur illud
328 268 1148 337 de illo, sicui verbum de verbo, uel Filius de E lio,
323 330 1154 380 quia huiusmodi nomina diuersis personis conuenire
317 364 1148 424 non possent. Quod Augustinus licet obscure, in eo¬
330 412 1147 471 dem Lib. ita dicit. Hoc solum de eis dici no potest il¬
323 461 1145 523 lud de illo, quod simul ambo non sunt, id est, illo solo
322 506 1146 578 nomine non possumus vti ad ostendendum unum di
324 550 1145 628 vno, quod simul ambobus non conuenit sicut verbum
324 606 1129 660 de verbo dici non potest, quia non simul ambo ver
322 653 1143 724 bum: nec imago de imagine, nec Filius de Filio, quia
324 706 1134 761 non simul ambo Filius vel imago. Et sicut nomina
328 750 1127 813 substantiae aliquando intelligentiam Pesonarum
321 817 1127 869 distincte faciunt: ita etiam interdum totius Trinta¬
327 858 1135 913 tis simul. Vnde Aug, in eodem libro ait In Parus
316 892 1135 959 nomine, ipse Pater per se pronuntiatur: in Dei vero
322 950 1136 1005 nomine, & ipse Pater, & Filius, & Spiritus sanctur.
329 995 1141 1067 vt cum dicitur, Nemo bonns, nisi solus Deus: quia
320 1044 817 1127 Trinitas est unus solus Deus.
310 1151 1145 1225 AD DISTINCTIONEMXXVII
579 1243 959 1323 AD CAP. II
437 1307 1141 1391 Proprium Patris est. Hassucinatur Lom¬
316 1371 1148 1441 bardus, dum scribit Hilarium, & Augus inum
322 1426 1141 1476 eodem spectasse. Nam Hilarius Arianos refu¬
318 1470 1136 1539 tat, qui, vt Filij aeternitatem negarent, ne¬
320 1515 1152 1585 gabant Personam eam, quae Pater nominatur,
315 1574 1157 1631 ab aeterno Patrem fuisse. Itaque, ait Hilarius,
325 1614 1149 1687 Pater semper est Pater. Augustinus vero Sabel¬
317 1666 1162 1726 lianos iugulans, docet ex incommunicabilibus
320 1716 1158 1785 proprietatibus distinctas esse Personas in Tri¬
