1262 2024
121 112 962 173 cationem huius loquutionis, eiusque sensum,
121 160 962 216 & vsurpandae occasionem praetermisit, quam
129 215 963 263 tamen affert Augustinus eo ipso loco, nempe,
129 251 954 312 libro 6. cap. 2. quem iste citat: sed, suo more, tur¬
128 300 964 365 piter hic detruncat, Nisi sorte, ait Augustinus, ad
123 360 956 408 insinuandum, & breuissime inculcandum quod coae¬
127 395 967 454 ternus est Patri Filius, ita dictum est, Deus de Deo,
133 456 963 507 & lumen de lumine, &c. Id quod vel didicerat,
134 505 963 559 vel saltem didicisse potuerat ex Basilio August.
128 544 965 604 in epistola ad suos Monachos, Vt quod est pa¬
137 599 966 651 ter secundum essentiam, ait Basilius, hoc quoque in¬
132 651 950 700 telligeretur esse Filius, dixit sancta illa & Deo dile
133 693 971 745 cta Synodus, sumen de lumine, Deus de Deo. Item
130 738 961 798 in exemplari Fidei a Basilio ad Eustathium missae
134 788 966 847 sic scribit idem Basilius, καοα καl αἰτοι σαφῶς ἐκse¬
137 833 965 886 δοκασιν. Rῶτάρμῶς δκαό σαφως κλδειξαντο ότυυτiς qoc
135 881 966 938 ἐκ φoτῶς: όπ ετερον μον το λυνύσαν ωως ἐτερον δετο δυνn¬
130 931 977 980 Ser. χῶς μόν τι μαῖ φως. ωςτε ενα καό τον αατὸν τυς ovoiως
132 986 971 1041 nour. Quemadmodum & ipsiperspicue tradide¬
132 1043 964 1090 runt. Abunde enim u sapienter declararunt dicen¬
135 1079 963 1132 tes lumen ex lumine, quia aliud est lumen generans,
134 1129 969 1192 aliud lumen genitum. Lumen igitur est & lumen: &
131 1177 973 1227 ita vna & eadem in vtroque essentiae ratio. Haec
128 1229 971 1285 Basilius, sed iste tam bonos autores non sequi¬
133 1267 976 1328 tur. Idem tamen Aug. libro4. cap. I9 & 3o. de
151 1319 971 1376 Trinitate, ait, Idcirco Filium dici Deum de Deo,
182 1368 914 1428 quia est deradiatio, id est, splendor paternae
275 1413 820 1480 gloriae. Sed haec hactenus. Er¬
363 1460 738 1527 go ad Distinctionem
401 1516 683 1584 XXVIII acce¬
483 1560 623 1633 damus.
