1247 2029
300 94 1161 158 quia sicut Filius ad Patrem, & non Filius ad non
308 146 1143 199 Patrem refertur: ita genitus ad genitorem, & non ge¬
304 190 1145 256 nitus ad non genitorem referatur necesse est. Ecce e¬
303 248 1151 300 uidenter ostendit quod ingenitus relatiue dicitur, &
299 300 1143 348 de solo Patre accipitur. Alia notio est qua dicitur
304 342 1156 394 ingenitus, alia qua Pater. Atque tantum valet cum
304 382 1142 464 dicitur ingenitus, quantum no genitus, vel no Filius
561 454 810 521 CAP. II
356 501 1096 581 An sicut solus Pater dicitur ingenitus, di¬
475 567 935 630 ci debeat non genitus vel
589 618 795 676 non Filius.
342 661 1130 745 IDEO solet quaeri vtrum sicut solus Pater di¬
303 720 1125 783 citur ingenitus, ita ipse solus debeat dici non genitus,
314 775 1111 849 vel non Filius: vt nec aetiam Spiritus sanctus pos¬
307 816 1112 892 sit dici non Filius, vel nor genitus. Quibusdam vi¬
307 869 1131 943 detur quod Pater solus debeat dici non genitus vel
309 931 1131 977 non Filius: Spiritus vero sanctus sicut non dicitur
307 971 1134 1027 ingenitus, ita, inquiunt, non est dicendus non genitus
314 1016 1140 1079 vel non Filius. Debet quidem dici & credi Spiritus
303 1067 1136 1137 sanctus non esse genitus vel non esse Filius: sed non
301 1114 1137 1189 debet dici esse non genitus vel non Filius. Alijs au¬
304 1163 1141 1225 tem uidetur, quod cum Spiritus sanctus non possit
305 1215 1142 1269 dici ingenitus, potest tamen dici non genitus vel non
303 1271 1140 1322 Filius. Quod autem Augustinus supra ait, tantum
309 1313 1132 1365 valere cum dicitur, ingenitus, quantum cum dicitur
308 1372 1126 1421 non genitus vel non Filius, etymologiam nominis o¬
310 1402 1120 1470 stendendo eum hoc dixisse dicunt, non ratione praedi
305 1461 453 1538 cationus.
550 1516 817 1592 CAP. III
349 1577 1089 1649 Quae sit proprietas secundum quam dici¬
523 1625 884 1697 tur Pater ingenitus.
365 1680 1157 1770 SI autem vis scire quae sit proprietas, secundum
