1288 2040
272 39 769 127 DISTINCT. III
349 117 655 191 CAP. VII
273 195 798 268 Quomodo in anima sit imago
417 242 601 305 Trinitatis.
166 297 963 368 NVNC vero ad eam iam perueniamus dispu
117 363 956 421 tationem, vbi in mente humana quae nouit Deum, vel
124 423 942 482 potest nosse, Trinitatis imaginem reperiamus. Vt e
119 466 942 526 nim ait August. in I4. lib. de Trinitate, Licet hu¬
118 512 942 571 mana mens non sit eius naturae, cuius Deus est: ima¬
118 570 963 629 go tamen illius, quo nihil melius est, ibi quaerenda &
127 613 947 666 inuenienda est, quo natura nostra nihil habet melius,
126 658 948 707 id est, in mente. In ipsa etiam mente antequam sit
122 706 930 766 particeps Dei, eius imago reperitur: etsi enim amis
128 763 941 817 sa Dei participatione deformis sit, imago Dei tamen
118 806 931 864 permanet. Eo enim ipso imago Dei est mens, quo ca¬
113 850 950 919 pax eius est, eiusque particeps esse potest. Iam ergo
122 909 939 967 in ea Trinitatem, quae Deus est, inquiramus. Ecce
118 958 943 1017 enim mens meminit sui, intelligit se, dilioit se: hoc si
123 990 950 1051 cernimus, cernimus Trinitatem, nonaum quidem
115 1054 927 1112 Deum, sed imaginem Dei. Hic enim quaedam ap
123 1095 945 1152 paret Trinitas memoriae, intelligentiae, & amoris.
125 1149 934 1211 Haec ergo tria potissimum tractemus, memoriam
122 1201 934 1249 intelligentiam, voluntatem. Haec ergo tria, vt Au¬
113 1241 939 1301 gust. ait in lib. Io. de Trinitate, non sunt tres vitae, seo
122 1294 934 1353 vna vita: nec tres mentes, sed vna mens, vna essen
118 1343 930 1388 tia. Memoria vero dicitur ad aliquid, & intelligen
113 1391 930 1456 tia & voluntas siue dilectio similiter ad aliquid di
115 1435 924 1500 citur: vita vero dicitur ad seipsam & mens & essen
119 1489 947 1540 tia. Haec ergo tria eo vnum sunt, quo vna vita, vna
115 1537 935 1597 mens, vna essentia, & quicquid aliud ad seipsa sin¬
113 1578 933 1648 gula dicuntur etiam simul, non pluraliter, sed singu¬
114 1635 933 1690 lariter dicuntur. Eo vero tria sunt, quo ad se inui¬
114 1675 369 1753 cem referuntur.
