1264 2029
117 111 973 185 est magni momenti. Sumpta sunt ista ex libro de
117 162 958 226 Natura Boni. cap. 28. Sententia vero ista, Om¬
115 221 960 290 nium ergo, &c. est ipsius Lombardi, non autem
114 263 329 325 Augustini.
238 278 964 377 Dicitur relatiue Pater. Multa in hoc testi¬
122 358 961 416 monio sunt & immutata, & praetermissa, quae ex
116 405 965 460 ipsorum Augustini verborum recitatione faci¬
117 456 954 516 le quiuis deprehendetitamen ad subleuandum
119 507 959 552 aliorum laborem nos ea maiusculis literis de¬
114 551 959 617 scripsimus. Haec sunt igitur ipsissima Augustini
125 603 959 656 Verba lib. S. Trinit. cap. is, Dicitur ER GO rela¬
121 663 952 719 tiue Pater, idemque relatiue dicitur principium, Ex¬
112 700 943 764 SI QVID. FORTEALIVD:sed Pater ad Pi¬
117 750 956 811 lium dicitur. Principium uero ad omnia, quae ab ipso
106 804 944 860 sunt ITEMRELATIVEDICITVREI¬
117 843 959 909 LIVS,RELATIVEDICITVRBT VER
114 905 947 956 BVM, ETIMACO ETIN OMNIBVS
121 957 943 1005 HIS VOCABVLIS AD PATREM RE¬
119 997 958 1049 PERTVR. NIHII AVTEM HORVM
113 1038 958 1103 PATER DICITVR. Et Principium dicitur Fi¬
115 1088 961 1148 lius. Cum enim diceretur ei, tu quis est Respodit, P in
115 1138 953 1202 cipium, qui & loquor vobis. Sed nunquid Patris Prin¬
104 1191 950 1253 cipium est) CREATOREM SE &VIPD E
111 1233 949 1301 ostendere voluit, cum se dixit esse Principiu, sicut &
117 1279 953 1348 Pater principium est creaturae Eo & OD ab ipso
114 1338 953 1396 sunt omnia. NAMET CREATOR DICI¬
118 1375 948 1449 TVRAD CREATVRAM,SICVT Do¬
118 1421 956 1485 MINVS AD SERVVM ET IDEO cum di¬-
114 1485 960 1532 cimus & Patrem principium, & Filium Principium non
112 1523 952 1578 duo principia creaturae dicimus, quia & Pater, &
121 1571 960 1637 Filius simul ad creaturam vnum principium est, sicut
125 1620 962 1680 unus creator,SICVT VNVSD κVs, &c. vbi
121 1665 958 1744 quam bona fide hic locus a Lombardo citetur.
111 1726 397 1795 vident omnes.
