1282 2029
140 125 963 188 Patre Caussatum, & Initiatum dixerunt, ne vide
139 181 980 232 rentur aliquid in diuinis Personis statuere tem¬
140 221 975 290 pore prius & posterius: vel etiam essentia di¬
146 286 985 326 uersum. Denique ἀλυηητὸν ita interpretantur
140 328 986 385 Graeci Patres, & quidem orthodoxi, vt Basilius
139 367 985 428 lib. 2. contra Eunomium, vt & αἰταν & ωρκὸν exclu¬
139 428 974 480 dat: τυηητὸν autem sic, vt quod genitum est, &
137 461 975 531 αἰταν & ἀρλλῳ ab alio habeat. Sed scrupulosiores
144 516 970 570 Latini fuerunt, dum quod Graeci μοναἰτατὸν vo¬
143 568 970 619 cant in suam linguam vertere recusant, Caussa¬
144 622 972 681 tum & Initiatum, eodem nimirum sensu, quo
138 665 964 723 Filium a Patre esse concedunt, non temporis,
133 707 960 777 non creationis, non potestatis inferioris ratio¬
138 756 964 807 ne: sed comparationis, relationis, & ὑπάρξεως re¬
137 809 971 862 spectu, modo, & ratione tantum. Ergo perso¬
135 865 967 917 naliter, non essentialiter Filius est a Patre, & Spi¬
132 909 974 962 ritus sanctus ab vtroque. Haec tamen omnia hic
138 959 959 1020 negligentissime praetermissa sunt, vnde Cimme¬
137 1006 953 1060 riae tenebrae in hanc Distinctionem incubue
135 1059 969 1115 runt. Sed & haec ipsa tam bona fortasse igno¬
139 1093 620 1159 rauit ipsemet Lombardus.
186 1141 964 1209 Tertium, habet haec eadem Distinctio quae¬
130 1190 613 1257 dam falsa, qualia haec sunt.
183 1241 965 1303 Primum quod dicitur cap. 4. hanc notionem,
129 1301 965 1358 qua Pater & Filius dicuntur vnum principium Spi¬
130 1335 964 1404 ritus, sancti non habere nomen impositum. Imo
131 1387 969 1444 habet. Appellatur enim Communis spiratio.
129 1437 970 1506 Deinde quod nullo modo probat Patrem & Fi
126 1491 962 1546 lium dici duo principia, siue creaturarum, siue Spi¬
125 1534 972 1595 ritus sancti rationem habeas & discrimen con¬
131 1586 962 1643 stituas. Spiritus sancti ratione Pater & Filius
134 1637 964 1693 possunt dici duo spirantes, propter distincta
129 1671 951 1738 ὑπιςάμλα. Non autem propter modum actio¬
127 1716 956 1799 nemque vtriusque in producendo Spiritu san¬
