1253 2028
289 99 1142 164 ne Deitatis, sed non sine mutatione creaturae: & i¬
294 141 1137 214 ta accidens est in creatura, non in creatore: & ap¬
292 192 1134 266 pellatio, qua creatura dicitur relatiue, ad creatorem
288 241 1135 306 relatiua est, & relationem notat quae est in ipsa crea¬
295 285 1134 345 tura. Appellatio vero illa, qua creator relatiue di¬
294 356 1140 415 citur ad creaturam, relatiua quidem est, sed nullam
300 392 878 462 notat relationem, quae fit in creatore.
536 470 813 568 CAP. III
334 559 1078 640 Hic soluitur quaestio, qua quaerebatur, v¬
427 616 980 684 trum Spiritus sanctus dicatur
512 665 877 731 datum relatiuo ad
586 716 796 784 se, cum ipse
619 763 741 820 det se¬
342 854 1121 940 HIC potest solui quaestio superius proposita, v¬
300 925 1120 985 bi quaerebatur, cum Spirtus sanctus datum dicatus
301 963 1135 1021 vel donatum (quod autem datur, refertur & ad eum
307 1019 1128 1084 qui dat, & ad illum cui datur) & cum Spiritus san¬
305 1062 1133 1116 ctus det seipsum, vtrum ad seipsum relatiue dicatur,
310 1122 1130 1177 cum dicitur dari vel donari. Cui quaestioni respo¬
300 1158 1136 1222 dentes, dicimus Spiritum sanctum dici datum vel
295 1212 1131 1273 donatum relatiue & ad dantem, & ad illum cut da¬
297 1255 1137 1320 tur. Dans autem siue donator, est Pater cum Filio
307 1308 1132 1364 & Spiritu sancto. Nec tamen dicimus Spiritum
302 1354 1136 1427 sanctum referri ad se, sed appellatio dati vel donati
300 1402 1133 1463 refertur & ad dantem & ad recipientem: quia non
303 1452 1135 1516 potest aliquid dici datum, nisi ab aliquo, & alicui
299 1498 1147 1560 detur. Cum autem Spiritus sanctus dari a se vel da¬
304 1554 1140 1613 tus a se dicitur, relatiue quidem dicitur ad illum cui
297 1600 1140 1668 datur, & est appellatio relatiua: & in illo cui datur
294 1650 700 1719 mutatio fit, non in dante.
