1258 2027
84 102 938 178 quaestionem, quae affertur aduersus sententiam
87 168 937 219 Augustini, licet verissimam, Quaedam ex tempore
84 214 925 264 tantum Deo conuenire, & de eo dici. Ergo obii¬
89 255 939 313 ciunt, qui conmtra contendunt, illa ipsa, quae ex
88 313 940 359 tempore Deo conueniunt, cum secundum ra¬
89 352 944 407 tionem de Deo dicantur, non secundum rem,
89 400 945 454 id est, realiter competere Deo. Itaque Deus non di
95 448 944 498 cit realiter creator Petri Apostoli: realiter sal¬
97 503 937 553 uator Pauli, & sic de caeteris. Quod certe ne
91 546 939 596 sentiri quidem posse videtur sine graui blasphe
89 593 937 661 mia. Hoc argumentum non dissoluit Lombar¬
90 638 941 695 dus: quod vt enodaret quinque longissimas &
92 696 931 754 verbosissimas, suo more, quaestiones proponit
95 745 933 807 Occan. Responsio vero facilis est, quod quam¬
94 798 933 854 quam ea ratione & mutatione, quae ipsis crea¬
97 847 934 885 turis duntaxataccidit, ista Deo conueniunt, ta¬
100 896 933 950 men non sequitur realiter, id est, vere non con¬
94 935 930 1004 petere Deo. Exempli gratia, vt columna sit ali¬
101 979 942 1045 cui dextra aut sinistra: vt Sol sit tibi supra xenith
93 1036 935 1095 aut non: vt ego morte Patris desinam appellari
98 1078 938 1136 Filius, nulla sit in columna, in Sole, in me Filio
93 1134 937 1189 mutatio: sed in homine ad columnam sese con¬
92 1174 934 1241 uertente: in te peregrinante vltra AEquatorem:
96 1225 936 1279 in Patre meo moriente: & tamen reipsa dicitur
94 1269 931 1334 columna dextra aut sinistra: Sol reipsa supraxe
91 1326 932 1383 nith, aut non: ego Filius dici desino post morte
96 1365 942 1427 Patris. Quod idem de Deo fatendum est, etsi
98 1415 936 1468 nulla in eo mutatio contingat. Illa vero senten¬
94 1463 945 1536 tia quorundam, qui existimant, quae de Deo ex
107 1526 934 1568 tempore dicuntur, secundum essentiam ei com¬
98 1560 939 1619 petere, falsa est. Nam quae secundum essentiam
109 1604 934 1666 Deo competunt, illa ab aeterno eidem conue¬
110 1660 941 1710 niunt. Itaque in iis verissima est ista Damasceni
106 1721 947 1778 oratio lib. I. de Orthodoxa fide, cap. I8. Eτm ατα
