1246 2034
273 97 1141 168 haeresibus non vult esse vnius eiusdemque substantiae
278 169 1138 220 atque naturae, vel, vt expressius dicatur, essentiae: quae
289 205 1135 270 Graece dicitur vsia: sed Filium esse creaturam. Nec¬
282 260 1143 314 non & Sabelliana, quae, vt ait August. in eodem lib.
283 309 1130 366 dicebat Christum eundem ipsum & Patrem, & Spi¬
284 361 1137 416 ritum sanctum esse: vt esset Trinitas nominum, sine
288 408 1141 474 subsistentia Personarum. Vtranque pestem, vt ait
286 453 1125 511 August. super Ioannem, elidit veritas dicens, Ego
284 510 1126 559 & Pater vnum sumus. Vtrunque audi & aduerte,
286 550 1132 614 & vnum, & sumus: & a Charbdi & a Scylla libe¬
270 608 1129 656 raberis. Quod enim dixit vnum, liberat te ab Ario¬
281 656 1117 716 quod dixit sumus, liberat a Sabellio. Si vnum, ergo
283 707 1113 761 non diuersum: si sumus, ergo Pater & Filius. Sumus
280 745 1108 805 enim non diceret de vno, nec vnum de diuerso. Eru¬
283 791 1107 852 bescant ergo Sabelliani, qui dicunt ipsum esse Patrem,
284 848 1110 907 qui est Filius, confundentes Personas, qui & dicti sunt
281 892 1106 961 Patripassiani, qui dicunt Patrem fuisse passum. A¬
275 955 1108 1008 riani vero dicunt aliud Patrem esse, aliud Filium:
282 1000 1114 1058 non vnam substantiam, sed duas: Patrem maiorem,
289 1048 1128 1095 Filium minorem. Noli hoc dicere tu Catholice. In
283 1092 1118 1150 medio ergo nauiga, vtrunque periculosum latus de¬
280 1129 1121 1192 uita: & dic, Pater Pater est, & Filius Filius est: a¬
280 1182 1123 1239 lius Pater, alius Filius: sed no aliud: imo hoc ipsum,
284 1237 1132 1311 quia unus Deus. Ecce ostensum est quare vnitas in
281 1290 963 1362 Patre esse dicatur, cum tres illi vnum sint.
583 1360 853 1457 CAP. X.
372 1429 1047 1505 Quare dicatur esse aequalitas in Filio,
473 1494 880 1564 cum sit vna aequalitas
637 1547 763 1609 trium.
344 1609 1143 1675 NVNC videamus quare aequalitas dicatur
298 1674 1135 1732 esse in Filio, cum vna & summa aequalitas sit trium. Hoc
304 1723 1143 1791 lideo forte dictum est: quia Filius genitus est a Patre
