1260 2032
128 109 952 179 aequalis gignenti, & dono quod ab vtroque proce¬
126 175 963 220 dit: & ideo illa tria dicuntur esse aequalia propter
127 220 971 271 Filium. Filius enim habet a Patre, vt sit ei aequalis,
130 269 963 324 & Spiritui sancto: & Spiritus sanctus ab vtroque
124 311 961 378 habet, vt sit aequalis vtrique. Hoc autem sine asser¬
120 368 967 425 tionis supercilio, & maioris intelligentiae praeiudicio
134 407 971 465 dicimus, malentes in apertione tam clausorum ser¬
129 459 968 532 monum perituores audire, quam aliquid aliis in¬
111 511 249 581 Tuere.
409 560 694 633 CAP. VI
181 642 907 708 Quare in Spiritu sancto dicitur esse vtri¬
362 696 754 767 usque concordia, vel
436 753 637 818 connexio.
184 808 953 877 Quod autem in Spiritu sancto dicitur esse vtri
128 872 959 925 usque concordia, & per eum omnia connexa, facilior
139 917 952 968 est inte lligentia nobis praemissa ad mentem reuocan
130 968 964 1021 tibus. a Supra enim secundum authoritates Sanctorum
133 1012 960 1063 dictum est, quod Spiritus sanctus, amor est, quo Pater
130 1061 969 1113 diligit Filium, & Filius Patrem. Recte ergo Spiri¬
130 1110 967 1171 tus sanctus dicitur connexio vel concordia Patris &
129 1165 957 1223 Filij, & per eum omnia connexa. Vnde Aug. in2.
125 1209 967 1266 lib. de Trinit. Communio quaedam consubstantialis
129 1252 963 1314 Patris & Filij est amborum Spiritus sanctus. Idem
128 1303 959 1360 in So. libr. de Trin. Spiritus sanctus est summa chari
127 1361 871 1425 tas vtrunque coniungens, nosque subiungens.
205 1449 872 1547 AD DISTINCT. XXXI
398 1537 750 1621 AD CAP. I.
234 1607 982 1673 Similitudo enim. Plenior est Hilarij oratio.
130 1666 972 1728 Disputat enim tum aduersus Arianos, qui ex
121 1718 970 1781 Tmaginis & similis vocabulis Filij a Patre dimi¬
