<?xml version="1.0" encoding="UTF-8" standalone="yes"?>
<PcGts xmlns="http://schema.primaresearch.org/PAGE/gts/pagecontent/2013-07-15" xmlns:xsi="http://www.w3.org/2001/XMLSchema-instance" xsi:schemaLocation="http://schema.primaresearch.org/PAGE/gts/pagecontent/2013-07-15 http://schema.primaresearch.org/PAGE/gts/pagecontent/2013-07-15/pagecontent.xsd">
    <Metadata>
        <Creator>prov=University of Rostock/Institute of Mathematics/CITlab|PLANET AI GmbH/Gundram Leifert/gundram.leifert@planet-ai.de:name=Geneva1580-m2(htr_id=30020)::::v=2.6.7
prov=University of Rostock/Institute of Mathematics/CITlab|PLANET AI GmbH/Tobias Gruening/tobias.gruening@planet-ai.de:name=de.uros.citlab.module.baseline2polygon.B2PSeamMultiOriented:v=2.6.7
prov=University of Rostock/Institute of Mathematics/CITlab|PLANET AI GmbH/Tobias Gruening/tobias.gruening@planet-ai.de:name=/net_tf/LA73_249_0mod360.pb:de.uros.citlab.segmentation.CITlab_LA_ML:v=2.6.6
Transkribus</Creator>
        <Created>2021-01-20T13:54:07.274+01:00</Created>
        <LastChange>2021-02-10T14:31:45.113+01:00</LastChange>
        <TranskribusMetadata docId="576385" pageId="23671643" pageNr="151" tsid="52344380" status="IN_PROGRESS" userId="25065" imgUrl="https://files.transkribus.eu/Get?id=PKLFJBQGKAQLVZOGHKJVXOII&amp;fileType=view" xmlUrl="https://files.transkribus.eu/Get?id=AMCAZNETKZVPSJJTPIVSFNHY" imageId="18180461"/>
    </Metadata>
    <Page imageFilename="150.jpg" imageWidth="1285" imageHeight="2037">
        <ReadingOrder>
            <OrderedGroup id="ro_1612985954589" caption="Regions reading order">
                <RegionRefIndexed index="0" regionRef="TextRegion_1612099224929_2172"/>
            </OrderedGroup>
        </ReadingOrder>
        <TextRegion orientation="0.0" id="TextRegion_1612099224929_2172" custom="readingOrder {index:0;}">
            <Coords points="69,70 947,70 912,1491 903,1826 69,1826"/>
            <TextLine id="r1l2" custom="readingOrder {index:0;}">
                <Coords points="98,168 934,190 935,147 842,127 337,138 100,108"/>
                <Baseline points="104,157 145,158 186,158 227,159 269,160 310,161 351,162 392,163 434,164 475,165 516,166 557,167 599,168 640,169 681,170 722,171 764,172 805,173 846,174 887,175 929,176"/>
                <TextEquiv>
                    <Unicode>dem Trinitate factam ita ei comparet, vt omnino e¬</Unicode>
                </TextEquiv>
            </TextLine>
            <TextLine id="r1l5" custom="readingOrder {index:1;}">
                <Coords points="96,213 860,242 924,232 925,203 691,175 633,194 97,175"/>
                <Baseline points="102,204 142,205 183,207 224,208 265,209 306,210 347,211 387,212 428,213 469,214 510,215 551,215 592,216 633,217 673,218 714,219 755,220 796,221 837,223 878,225 919,226"/>
                <TextEquiv>
                    <Unicode>xistimet similem, sed potius in qualicunque ista simi</Unicode>
                </TextEquiv>
            </TextLine>
            <TextLine id="r1l7" custom="readingOrder {index:2;}">
                <Coords points="94,262 806,293 915,282 916,241 95,214"/>
                <Baseline points="99,256 139,256 180,257 220,257 261,258 301,259 342,260 382,261 423,261 463,262 504,264 544,264 585,266 625,267 666,268 706,269 747,270 787,271 828,272 868,273 909,274"/>
                <TextEquiv>
                    <Unicode>litudine magnam quoque dissimilitudinem cernat.</Unicode>
                </TextEquiv>
            </TextLine>
            <TextLine id="r1l10" custom="readingOrder {index:3;}">
                <Coords points="329,328 381,331 411,352 469,332 493,344 592,329 625,341 635,338 636,280 545,286 501,313 423,283 409,296 364,281 330,294"/>
                <Baseline points="335,324 361,324 388,324 415,324 442,325 469,326 495,327 522,328 549,328 576,329 603,329 630,329"/>
                <TextEquiv>
                    <Unicode>CAP. XVI</Unicode>
                </TextEquiv>
            </TextLine>
            <TextLine id="r1l12" custom="readingOrder {index:4;}">
                <Coords points="312,399 346,413 407,397 475,409 489,399 509,411 584,396 674,404 683,373 637,347 607,360 575,348 516,355 480,341 411,353 313,338"/>
                <Baseline points="317,384 342,384 368,385 394,385 419,386 445,386 471,387 497,387 522,388 548,389 574,390 599,391 625,392 651,393 677,394"/>
                <TextEquiv>
                    <Unicode>Prima dissimilitudo.</Unicode>
                </TextEquiv>
            </TextLine>
            <TextLine id="r1l13" custom="readingOrder {index:5;}">
                <Coords points="161,460 352,444 412,468 922,474 940,432 162,407"/>
                <Baseline points="166,444 204,445 242,445 281,445 319,446 358,446 396,447 434,447 473,448 511,449 550,450 588,451 626,452 665,454 703,455 742,456 780,457 818,459 857,460 895,461 934,462"/>
                <TextEquiv>
                    <Unicode>QVOD breuiter ostendi potest. Homo unus</Unicode>
                </TextEquiv>
            </TextLine>
            <TextLine id="r1l14" custom="readingOrder {index:6;}">
                <Coords points="89,513 150,494 865,526 937,517 938,472 90,461"/>
                <Baseline points="94,492 135,493 177,493 219,493 261,494 303,494 345,495 387,496 429,496 471,498 513,499 554,500 596,501 638,502 680,503 722,504 764,505 806,507 848,508 890,509 932,511"/>
                <TextEquiv>
                    <Unicode>per ista tria meminit, intelligit, diligit: qui nec me¬</Unicode>
                </TextEquiv>
            </TextLine>
            <TextLine id="r1l15" custom="readingOrder {index:7;}">
                <Coords points="85,552 939,569 940,530 841,513 86,516"/>
                <Baseline points="91,540 133,541 175,542 217,542 259,543 301,543 343,544 386,545 428,545 470,546 512,547 554,548 596,549 638,550 681,552 723,553 765,554 807,556 849,557 891,559 934,561"/>
                <TextEquiv>
                    <Unicode>moria est, nec intelligentia, nec dilectio, sed haec habet.</Unicode>
                </TextEquiv>
            </TextLine>
            <TextLine id="line_1612099224980_2175" custom="readingOrder {index:8;}">
                <Coords points="93,600 868,630 940,611 940,576 863,564 730,588 614,554 94,559"/>
                <Baseline points="99,588 146,589 194,590 241,591 289,591 337,592 384,593 432,594 479,595 527,596 575,597 622,598 670,600 717,601 765,603 813,605 860,607 908,610 934,611"/>
                <TextEquiv>
                    <Unicode>Vnus ergo homo est, qui habet haec tria, non ipse haec</Unicode>
                </TextEquiv>
            </TextLine>
            <TextLine id="line_1612099224981_2177" custom="readingOrder {index:9;}">
                <Coords points="89,645 877,670 938,662 939,625 90,608"/>
                <Baseline points="95,638 143,638 191,639 239,639 287,640 335,641 383,642 431,643 479,644 527,645 575,646 623,647 671,648 719,650 767,651 815,651 863,652 911,653 933,653"/>
                <TextEquiv>
                    <Unicode>tria. In illius vero summae simplicitate naturae, quae</Unicode>
                </TextEquiv>
            </TextLine>
            <TextLine id="r1l18" custom="readingOrder {index:10;}">
                <Coords points="93,699 820,703 916,730 928,676 94,644"/>
                <Baseline points="99,686 140,686 181,687 222,688 263,689 304,689 345,690 387,691 428,691 469,692 510,693 551,694 592,695 633,696 675,697 716,698 757,699 798,700 839,702 880,704 922,705"/>
                <TextEquiv>
                    <Unicode>Deus est, quanuis unus sit Deus, tamen tres Personae</Unicode>
                </TextEquiv>
            </TextLine>
            <TextLine id="r1l19" custom="readingOrder {index:11;}">
                <Coords points="80,752 922,767 908,723 685,701 604,722 194,694 81,712"/>
                <Baseline points="86,735 127,736 169,737 210,738 252,738 293,739 335,740 376,740 418,741 459,742 501,742 543,743 584,744 626,745 667,745 709,747 750,747 792,749 833,750 875,752 917,754"/>
                <TextEquiv>
                    <Unicode>sunt, Pater, &amp; Filius, &amp; Spiritus sanctus: &amp; hae tres</Unicode>
                </TextEquiv>
            </TextLine>
            <TextLine id="r1l20" custom="readingOrder {index:12;}">
                <Coords points="89,789 916,810 916,778 869,762 90,753"/>
                <Baseline points="94,783 134,784 175,785 216,785 257,786 298,787 339,787 379,788 420,789 461,790 502,790 543,791 584,792 625,793 665,794 706,795 747,797 788,798 829,799 870,801 911,803"/>
                <TextEquiv>
                    <Unicode>Personae sunt unus Deus. Aliud est itaque Trinitas</Unicode>
                </TextEquiv>
            </TextLine>
            <TextLine id="r1l22" custom="readingOrder {index:13;}">
                <Coords points="86,843 328,839 410,866 618,839 859,869 912,860 913,828 505,796 87,802"/>
                <Baseline points="92,833 132,833 173,834 214,835 255,836 295,836 336,837 377,837 418,838 458,838 499,839 540,840 581,840 621,841 662,842 703,843 744,844 784,846 825,847 866,848 907,850"/>
                <TextEquiv>
                    <Unicode>res ipsa, aliud imago Trinitatis in re alia, propter</Unicode>
                </TextEquiv>
            </TextLine>
            <TextLine id="r1l25" custom="readingOrder {index:14;}">
                <Coords points="89,900 905,905 873,862 761,851 718,870 547,846 90,850"/>
                <Baseline points="95,882 135,883 175,883 215,884 256,884 296,885 336,885 376,886 417,886 457,887 497,887 537,888 578,889 618,890 658,891 698,892 739,893 779,894 819,896 859,897 900,899"/>
                <TextEquiv>
                    <Unicode>quam imaginem etiam illud, in quo sunt haec tria, i</Unicode>
                </TextEquiv>
            </TextLine>
            <TextLine id="line_1612099217802_2166" custom="readingOrder {index:15;}">
                <Coords points="86,940 674,944 706,965 868,943 913,971 900,905 87,900"/>
                <Baseline points="92,929 130,930 168,931 206,931 244,932 282,933 320,933 358,934 396,935 434,935 472,936 510,937 548,937 586,938 624,939 662,939 700,940 738,941 776,942 814,943 853,944 886,944 908,942"/>
                <TextEquiv>
                    <Unicode>mago dicitur, scilicet homo. Sicut imago dicitur &amp;</Unicode>
                </TextEquiv>
            </TextLine>
            <TextLine id="r1l30" custom="readingOrder {index:16;}">
                <Coords points="77,990 888,1006 917,1005 918,969 78,944"/>
                <Baseline points="82,979 123,980 165,980 206,980 248,981 289,981 331,982 372,983 414,983 455,984 497,985 538,986 580,987 621,988 663,989 704,989 746,990 787,991 829,992 870,993 912,994"/>
                <TextEquiv>
                    <Unicode>tabula, &amp; pictura quae est in ea: sed tabula nomine</Unicode>
                </TextEquiv>
            </TextLine>
            <TextLine id="r1l31" custom="readingOrder {index:17;}">
                <Coords points="76,1035 281,1063 324,1036 549,1059 625,1039 811,1069 921,1060 922,1007 76,990"/>
                <Baseline points="81,1027 122,1028 164,1029 206,1029 248,1030 289,1031 331,1031 373,1032 415,1032 456,1033 498,1034 540,1035 582,1036 623,1036 665,1038 707,1039 749,1039 790,1041 832,1042 874,1043 916,1044"/>
                <TextEquiv>
                    <Unicode>imaginis appellatur propter picturam, quae est in ea.</Unicode>
                </TextEquiv>
            </TextLine>
            <TextLine id="r1l32" custom="readingOrder {index:18;}">
                <Coords points="317,1104 331,1096 376,1113 409,1102 435,1112 465,1096 513,1113 536,1105 595,1117 651,1100 652,1068 594,1052 549,1060 516,1050 478,1084 460,1086 403,1045 371,1068 344,1050 317,1052"/>
                <Baseline points="322,1093 349,1094 376,1095 403,1095 430,1096 457,1096 484,1096 511,1097 538,1097 565,1097 592,1098 619,1099 646,1099"/>
                <TextEquiv>
                    <Unicode>CAP. XVII</Unicode>
                </TextEquiv>
            </TextLine>
            <TextLine id="r1l34" custom="readingOrder {index:19;}">
                <Coords points="281,1174 444,1190 476,1175 507,1186 568,1172 625,1187 660,1176 661,1140 595,1123 508,1138 446,1123 342,1133 282,1114"/>
                <Baseline points="287,1162 313,1162 339,1163 365,1163 392,1164 418,1164 444,1164 471,1165 497,1165 523,1166 549,1166 576,1167 602,1168 628,1169 655,1170"/>
                <TextEquiv>
                    <Unicode>Altera dissimilitudo.</Unicode>
                </TextEquiv>
            </TextLine>
            <TextLine id="r1l35" custom="readingOrder {index:20;}">
                <Coords points="139,1231 785,1251 915,1245 916,1202 140,1184"/>
                <Baseline points="145,1220 183,1221 221,1221 259,1222 298,1223 336,1223 374,1224 412,1225 451,1226 489,1226 527,1227 565,1228 604,1229 642,1229 680,1230 718,1231 757,1232 795,1233 833,1234 871,1235 910,1236"/>
                <TextEquiv>
                    <Unicode>RVRSVS ista imago, quae est homo, habens</Unicode>
                </TextEquiv>
            </TextLine>
            <TextLine id="r1l37" custom="readingOrder {index:21;}">
                <Coords points="75,1277 897,1296 886,1243 200,1249 115,1220 76,1239"/>
                <Baseline points="81,1269 121,1269 162,1269 202,1269 243,1270 283,1270 324,1271 364,1272 405,1273 445,1274 486,1274 527,1276 567,1276 608,1277 648,1278 689,1279 729,1280 770,1281 810,1282 851,1282 892,1283"/>
                <TextEquiv>
                    <Unicode>illa tria, vna Persona est. Illa vero Trinitas non v</Unicode>
                </TextEquiv>
            </TextLine>
            <TextLine id="r1l39" custom="readingOrder {index:22;}">
                <Coords points="70,1324 904,1345 905,1292 71,1286"/>
                <Baseline points="75,1317 116,1317 157,1318 198,1318 239,1319 281,1319 322,1320 363,1321 404,1322 445,1323 487,1324 528,1325 569,1326 610,1327 651,1328 693,1329 734,1330 775,1330 816,1331 857,1331 899,1332"/>
                <TextEquiv>
                    <Unicode>na Persona est, sed tres Personae: Pater Filij, &amp; Fili¬</Unicode>
                </TextEquiv>
            </TextLine>
            <TextLine id="r1l40" custom="readingOrder {index:23;}">
                <Coords points="76,1375 851,1397 911,1384 912,1347 77,1331"/>
                <Baseline points="81,1366 122,1366 163,1367 204,1367 246,1368 287,1369 328,1369 369,1370 411,1371 452,1371 493,1372 534,1373 576,1374 617,1375 658,1375 699,1376 741,1377 782,1378 823,1379 864,1380 906,1381"/>
                <TextEquiv>
                    <Unicode>Patris, &amp; Spiritus Patris &amp; Filij. Itaque in ista i¬</Unicode>
                </TextEquiv>
            </TextLine>
            <TextLine id="r1l41" custom="readingOrder {index:24;}">
                <Coords points="67,1424 742,1428 764,1448 909,1439 910,1396 68,1373"/>
                <Baseline points="73,1414 114,1415 156,1415 197,1416 239,1416 280,1417 322,1417 363,1418 405,1419 446,1419 488,1420 530,1421 571,1421 613,1422 654,1423 696,1424 737,1425 779,1426 820,1428 862,1429 904,1431"/>
                <TextEquiv>
                    <Unicode>magine Trinitatis no haec tria vnus homo, sed vnius</Unicode>
                </TextEquiv>
            </TextLine>
            <TextLine id="r1l42" custom="readingOrder {index:25;}">
                <Coords points="73,1469 905,1499 906,1453 865,1441 809,1464 711,1433 74,1422"/>
                <Baseline points="78,1462 119,1463 160,1464 201,1464 242,1465 283,1465 324,1466 365,1467 406,1467 447,1468 489,1468 530,1469 571,1470 612,1471 653,1472 694,1472 735,1473 776,1475 817,1476 858,1477 900,1479"/>
                <TextEquiv>
                    <Unicode>hominis sunt. In illa vero summa Trinitate, cuius</Unicode>
                </TextEquiv>
            </TextLine>
            <TextLine id="r1l43" custom="readingOrder {index:26;}">
                <Coords points="68,1522 909,1535 909,1501 815,1481 69,1476"/>
                <Baseline points="73,1512 114,1512 156,1513 197,1513 239,1514 280,1514 322,1515 363,1515 405,1516 446,1516 488,1517 530,1517 571,1518 613,1519 654,1519 696,1520 737,1521 779,1523 820,1524 862,1525 904,1527"/>
                <TextEquiv>
                    <Unicode>haec imago est, non vnius Dei sunt illa tria, sed unus</Unicode>
                </TextEquiv>
            </TextLine>
            <TextLine id="r1l44" custom="readingOrder {index:27;}">
                <Coords points="73,1572 887,1586 874,1533 844,1552 712,1526 564,1545 407,1520 297,1543 74,1526"/>
                <Baseline points="78,1561 118,1561 158,1562 198,1563 238,1563 279,1564 319,1564 359,1564 399,1565 439,1565 480,1565 520,1566 560,1566 600,1567 640,1567 681,1568 721,1569 761,1570 801,1572 841,1574 882,1575"/>
                <TextEquiv>
                    <Unicode>Deus : &amp; tres sunt illae Personae, non vna Persona. II</Unicode>
                </TextEquiv>
            </TextLine>
            <TextLine id="r1l46" custom="readingOrder {index:28;}">
                <Coords points="64,1619 870,1636 901,1630 902,1581 547,1575 506,1596 64,1571"/>
                <Baseline points="69,1608 110,1609 151,1610 193,1611 234,1611 275,1612 317,1612 358,1613 399,1613 441,1613 482,1614 523,1614 565,1615 606,1615 647,1616 689,1617 730,1617 771,1619 813,1620 854,1621 896,1623"/>
                <TextEquiv>
                    <Unicode>la enim tria non homo sunt, sed hominis sunt, vel in</Unicode>
                </TextEquiv>
            </TextLine>
            <TextLine id="line_1612099224985_2179" custom="readingOrder {index:29;}">
                <Coords points="69,1665 912,1686 913,1633 69,1620"/>
                <Baseline points="74,1654 124,1656 174,1658 225,1659 275,1660 326,1661 376,1662 427,1662 477,1662 528,1663 578,1663 629,1664 679,1665 730,1666 780,1668 831,1670 881,1672 907,1673"/>
                <TextEquiv>
                    <Unicode>homine sunt. Sed anumquid possumus dicere Trinitate</Unicode>
                </TextEquiv>
            </TextLine>
            <TextLine id="r1l48" custom="readingOrder {index:30;}">
                <Coords points="68,1726 477,1714 857,1743 898,1728 899,1682 69,1669"/>
                <Baseline points="74,1704 117,1706 160,1707 203,1708 246,1709 289,1710 332,1711 375,1711 418,1712 461,1712 505,1712 548,1713 591,1713 634,1714 677,1715 720,1715 763,1717 806,1718 849,1719 893,1722"/>
                <TextEquiv>
                    <Unicode>sic esse in Deo, vt aliquid Dei sit, nec ipsa sit Deus:</Unicode>
                </TextEquiv>
            </TextLine>
            <TextLine id="line_1612099224986_2181" custom="readingOrder {index:31;}">
                <Coords points="74,1764 303,1788 594,1766 671,1791 743,1767 853,1792 911,1767 807,1726 75,1725"/>
                <Baseline points="80,1755 127,1756 175,1757 223,1758 271,1759 319,1760 367,1761 415,1761 463,1762 511,1762 559,1763 606,1763 654,1764 702,1764 750,1765 798,1766 846,1767 894,1768 905,1768"/>
                <TextEquiv>
                    <Unicode>Absit Put hoc credamus. Dicamus ergo in mente no¬</Unicode>
                </TextEquiv>
            </TextLine>
            <TextEquiv>
                <Unicode>dem Trinitate factam ita ei comparet, vt omnino e¬
xistimet similem, sed potius in qualicunque ista simi
litudine magnam quoque dissimilitudinem cernat.
CAP. XVI
Prima dissimilitudo.
QVOD breuiter ostendi potest. Homo unus
per ista tria meminit, intelligit, diligit: qui nec me¬
moria est, nec intelligentia, nec dilectio, sed haec habet.
Vnus ergo homo est, qui habet haec tria, non ipse haec
tria. In illius vero summae simplicitate naturae, quae
Deus est, quanuis unus sit Deus, tamen tres Personae
sunt, Pater, &amp; Filius, &amp; Spiritus sanctus: &amp; hae tres
Personae sunt unus Deus. Aliud est itaque Trinitas
res ipsa, aliud imago Trinitatis in re alia, propter
quam imaginem etiam illud, in quo sunt haec tria, i
mago dicitur, scilicet homo. Sicut imago dicitur &amp;
tabula, &amp; pictura quae est in ea: sed tabula nomine
imaginis appellatur propter picturam, quae est in ea.
CAP. XVII
Altera dissimilitudo.
RVRSVS ista imago, quae est homo, habens
illa tria, vna Persona est. Illa vero Trinitas non v
na Persona est, sed tres Personae: Pater Filij, &amp; Fili¬
Patris, &amp; Spiritus Patris &amp; Filij. Itaque in ista i¬
magine Trinitatis no haec tria vnus homo, sed vnius
hominis sunt. In illa vero summa Trinitate, cuius
haec imago est, non vnius Dei sunt illa tria, sed unus
Deus : &amp; tres sunt illae Personae, non vna Persona. II
la enim tria non homo sunt, sed hominis sunt, vel in
homine sunt. Sed anumquid possumus dicere Trinitate
sic esse in Deo, vt aliquid Dei sit, nec ipsa sit Deus:
Absit Put hoc credamus. Dicamus ergo in mente no¬</Unicode>
            </TextEquiv>
        </TextRegion>
    </Page>
</PcGts>
