1247 2031
331 105 1149 183 Secundum, in hac Distinctione illud euenit,
301 163 1149 241 quod damnat prouerbium vetus, Epyor nempe
301 216 1149 280 τoρερυον, & τορερνoν facit ippor. Nam explicatio di¬
306 259 1148 329 cti Hilariani erat parergon ad propositam de
305 317 1142 371 AEqualitate disputationem, etiam ipso Lom¬
305 354 1145 430 bardo teste (qui cap. &. respondet Hilarij sen¬
313 402 1142 469 tentiam pertinere ad Personarum distinctio¬
310 465 1144 516 nem explicandam, non autem ad eam vnitatem,
303 498 1143 562 de qua hoc loco agitur) & tamen hoc παρεροον
304 550 1137 613 continet praecipuam totius huius Distinctionis
305 600 1130 663 partem, adeo vt cap. 2. 4. 4. 6. 9. S. in isto Hi¬
312 647 1137 706 larij loco exponendo versentur. Atqui omnia
301 690 1127 768 illa capita dementur, si quae vogepaae hic sunt, tol
311 750 491 807 lere velis.
355 768 1116 860 Tertium, obscure tota haec Distinctio tra¬
307 831 1121 905 ditur a Lombardo: imprimis autem quid esti¬
306 890 1121 943 neptius ista locutione cap. I. Et si relatiue, vtrum
304 933 1130 999 secundum relationem. Potestne aliquid dici rela¬
308 977 1135 1040 tiue sine relationc:Sed voluit iste dicere, vtrum
307 1039 1128 1087 secundum eam relationem, quae constituit Per¬
308 1072 1135 1139 sonas in Trinitate. Item cap. 9. in disputatio¬
308 1124 1137 1192 ne de his vocabulis Vnum & unus, quid obscu¬
304 1171 1133 1234 rius his verbis, Vnus vel vna non potest dicide di¬
300 1218 1142 1283 uersis rebus, nisi addatur quid unus, vel vna. Hac
307 1268 1132 1334 enim ratione efficitur vt quia Pater & Filius
305 1325 1136 1376 non sunt res diuersae, sine adiectione vlla dici
304 1364 1133 1429 possint ex Lombardi regula Vnus. Quod est fal
300 1424 1131 1478 sissimum. Vnum quidem dici possunt, quia Vnum
301 1471 1131 1531 ad essentiae ταατἰτοτα pertinet. Vnus autem dici
305 1508 1123 1567 non possunt, quoniam Vnus ad Personarum
300 1553 1131 1613 distinctionem refertur. Non sunt autem vna
304 1603 732 1669 Persona Pater & Filius.
353 1638 1142 1716 Quartum, locos S. scripturae praetermittit
295 1692 1139 1780 iste, ex quibus occasio istarum dilputationum
