1251 2015
84 119 938 186 orta est de Simili, aequali vno, &c. qualis est ille
84 180 934 256 locus Pauli Philipp. 2. V. 6. Ioann. Io. vers o¬
79 230 347 301 & alij similes.
137 265 935 345 Quintum, falsa est istius scriptoris de AEqua
89 325 935 392 litatis & Similitudinis definitione sententia cap.
99 391 935 441 2. atque adeo etiam ab ipsis eius interpretibus
86 425 922 483 scholasticis damnata. His vocabulis enim aequali
91 469 937 540 tatis & similitudinis aliquid poni negat: sed tantum
91 517 930 575 remoueri. Id quod falsum esse omnes istius scho
95 572 939 633 lae magistri constanter docent, quemadmodum
96 617 933 669 in eatalogo errorum Lombardi in fi. huius o¬
103 665 669 732 peris adiuncto, scriptum extat.
154 716 932 777 Sextum denique, infinita quaedam praeter¬
100 763 932 829 mittit, quae & lucem huic loco & argumento
107 816 933 879 afferebant, erantque ex iis quaedam etiam om¬
104 853 940 909 nino necessaria. Primum dicedum erat, cur de his
109 900 943 971 vocibus ageretur. Cuius quaestionis resposio est
113 959 929 1022 etia ex ipso Thon. in I. part. Quaest. 42. art. I2. ad
101 1008 937 1062 arg. Dicimus Filium simile Patri, vt excludatur error
104 1061 933 1105 Eunomij: sed etiam dicimus aequalem, vt excludatur
103 1096 932 1151 error Arg. Id quod Basilius lib. I. contra Euno¬
96 1143 932 1200 mium fusius docet. Fuit enim haec quaestio ve¬
97 1196 929 1252 xatissima fsorente Arianismo, vtrum Filius es¬
102 1253 941 1295 set appellandus ξμοoς vel νόμοoς Patri: vtrum
101 1289 935 1348 ξμoνoμνoς, an ωμοῆσoς: Vnde & heretici quidam
98 1342 939 1406 dicti sunt Aνoμοιoς: alij etiam Semiariani, qui li¬
99 1384 937 1448 cet Filium dicerent similem esse Patri, tamen
103 1433 933 1499 propterea κολιμον, & aequalem negarent. Ita que pro
100 1484 936 1542 vnius istius vocis ξuooς explica: ione v. Synodi
104 1540 938 1584 collectae sunt diuersis temporibus, vt docet Ba¬
105 1576 937 1646 sil. in epistola ad Patrophilum Episcopum, vi¬
104 1629 943 1692 delicet Synodus Ancyrana, Seleuciana, Con¬
101 1675 937 1729 stantinopolitana, Lampsacena, Nicena Thra¬
113 1731 893 1789 censis, Cvaicena, Nicena Bithynensis prima.
