1241 2005
354 86 1112 177 Deiade distinguendae erant voees istae δμανσςς
309 143 1111 213 Pωoς, ως, quod facit Basil, vt μἰτε ματαμορqον, μἰτι χα
314 209 1116 264 μα μἰτε πουοι, μοτζ πυιον, μνλε μδον: sed nαVεnαςν hu¬
309 250 1110 322 iusmodi tum aequalitas, tum similitudo detri¬
318 307 990 358 bus illis Personis sumi intelligeretur.
364 351 1096 413 Tertio exponendum erat, quid esset, & qui¬
314 390 1096 465 bus in rebus posita esset ista similitudo, &equa¬
309 450 1110 507 litas, nempe in ea cemparatione, quae proprie fit
319 502 1102 554 ad opera ad extra: quarum ratione dicuntur
319 536 1098 600 tres illae Personae diuinae esse aequales, & simi¬
315 586 1100 640 les. Praeterea ista aequalitas & similitudo est non
317 628 1085 705 tantum in potentia, & magnitudine, quemad¬
324 696 1084 752 modum tamen videtur in tota Quaestione Ae.
313 722 1079 798 in parte prima sensisse Thomas: sed etia, quem¬
318 764 1073 843 admodum docet Basilius, in dignitate, & essen¬
319 818 1089 891 tia. Ergo quod quidam scholasticorum definiut
318 867 1076 939 istam aequalitatem esse identitatem virtutis, a¬
321 915 1082 993 lij qualitatem virtutis & operationis, quae at¬
321 955 1086 1044 tenditur secundum perfectionem naturae: alij
317 1011 1097 1089 esse vnitatem essentiae, etsi quiddam dicunt, non
313 1059 1099 1136 tamen omuia. Nam vera eius definitio est ex
311 1115 1094 1184 comparatione potentiae, dignitatis, adorationis,
305 1158 1091 1230 & reliquorum attributorum ad res creatas, quae
303 1199 1094 1281 ex vnitate essentiae, (quae in tribus inest)oritur.
310 1246 1094 1316 Hec omnia praetermisit iste, extra oleas interim
381 1310 1036 1372 vagatus: confer autem hanc & duas se¬
479 1360 954 1432 quentes Distinctiones cum
543 1404 874 1479 capite 2, nostraeSy¬
635 1450 803 1521 nopseus.
