<?xml version="1.0" encoding="UTF-8" standalone="yes"?>
<PcGts xmlns="http://schema.primaresearch.org/PAGE/gts/pagecontent/2013-07-15" xmlns:xsi="http://www.w3.org/2001/XMLSchema-instance" xsi:schemaLocation="http://schema.primaresearch.org/PAGE/gts/pagecontent/2013-07-15 http://schema.primaresearch.org/PAGE/gts/pagecontent/2013-07-15/pagecontent.xsd">
    <Metadata>
        <Creator>prov=University of Rostock/Institute of Mathematics/CITlab|PLANET AI GmbH/Gundram Leifert/gundram.leifert@planet-ai.de:name=Geneva1580-m2(htr_id=30020)::::v=2.6.7
prov=University of Rostock/Institute of Mathematics/CITlab|PLANET AI GmbH/Tobias Gruening/tobias.gruening@planet-ai.de:name=de.uros.citlab.module.baseline2polygon.B2PSeamMultiOriented:v=2.6.7
prov=University of Rostock/Institute of Mathematics/CITlab|PLANET AI GmbH/Tobias Gruening/tobias.gruening@planet-ai.de:name=/net_tf/LA73_249_0mod360.pb:de.uros.citlab.segmentation.CITlab_LA_ML:v=2.6.6
Transkribus</Creator>
        <Created>2021-01-20T13:56:50.470+01:00</Created>
        <LastChange>2021-02-10T16:11:38.309+01:00</LastChange>
        <TranskribusMetadata docId="576385" pageId="23672466" pageNr="622" tsid="52351248" status="IN_PROGRESS" userId="25065" imgUrl="https://files.transkribus.eu/Get?id=FXZVQOLTCFLINHJACYMTLFXS&amp;fileType=view" xmlUrl="https://files.transkribus.eu/Get?id=UZPBTTZKTAZXWKJBFLHAWCFK" imageId="18181276"/>
    </Metadata>
    <Page imageFilename="621.jpg" imageWidth="1245" imageHeight="2031">
        <ReadingOrder>
            <OrderedGroup id="ro_1612986052069" caption="Regions reading order">
                <RegionRefIndexed index="0" regionRef="r2"/>
            </OrderedGroup>
        </ReadingOrder>
        <TextRegion orientation="0.0" id="r2" custom="readingOrder {index:0;}">
            <Coords points="300,64 300,1818 1158,1818 1158,64"/>
            <TextLine id="r2l3" custom="readingOrder {index:0;}">
                <Coords points="318,154 1012,157 1052,179 1163,170 1164,121 949,99 895,125 863,97 669,125 318,112"/>
                <Baseline points="323,147 364,147 406,147 448,147 490,147 531,147 573,148 615,148 657,148 698,149 740,149 782,150 824,150 865,151 907,152 949,153 991,154 1032,155 1074,156 1116,157 1158,158"/>
                <TextEquiv>
                    <Unicode>pientia Dei, tanquam ipse solus, intelligens sit vel</Unicode>
                </TextEquiv>
            </TextLine>
            <TextLine id="r2l4" custom="readingOrder {index:1;}">
                <Coords points="310,215 1152,214 1141,164 311,168"/>
                <Baseline points="316,196 357,196 399,195 440,195 482,195 523,195 565,196 606,196 648,196 689,197 731,198 772,198 814,199 855,200 897,201 938,202 980,203 1021,204 1063,205 1104,206 1146,207"/>
                <TextEquiv>
                    <Unicode>sapiens sibi &amp; Patri &amp; Spiritui sancto: quia vt ait</Unicode>
                </TextEquiv>
            </TextLine>
            <TextLine id="r2l5" custom="readingOrder {index:2;}">
                <Coords points="321,264 809,248 1087,280 1153,262 1154,215 321,214"/>
                <Baseline points="326,246 367,245 408,245 449,244 490,244 531,244 572,244 613,244 654,245 695,245 737,246 778,247 819,248 860,248 901,249 942,250 983,251 1024,252 1065,253 1106,254 1148,255"/>
                <TextEquiv>
                    <Unicode>Augustinus in xv. libro de Trinitate, capite septi¬</Unicode>
                </TextEquiv>
            </TextLine>
            <TextLine id="r2l6" custom="readingOrder {index:3;}">
                <Coords points="317,304 1151,319 1152,267 754,252 670,272 548,246 374,281 318,260"/>
                <Baseline points="322,292 363,292 404,292 445,292 486,292 528,293 569,293 610,293 651,294 692,295 734,295 775,296 816,297 857,298 898,299 940,300 981,301 1022,302 1063,303 1104,305 1146,306"/>
                <TextEquiv>
                    <Unicode>mo. Si solus ibi Filius intelligit &amp; sibi, &amp; Patri, &amp;</Unicode>
                </TextEquiv>
            </TextLine>
            <TextLine id="r2l7" custom="readingOrder {index:4;}">
                <Coords points="316,350 1028,350 1151,373 1151,319 1095,337 1063,310 317,304"/>
                <Baseline points="322,341 363,341 404,341 445,341 486,342 528,342 569,342 610,342 651,343 692,343 734,344 775,344 816,345 857,346 898,346 940,347 981,348 1022,349 1063,350 1104,352 1146,353"/>
                <TextEquiv>
                    <Unicode>Spiritui sancto. Ad illam reditur absurditatem, vt</Unicode>
                </TextEquiv>
            </TextLine>
            <TextLine id="r2l8" custom="readingOrder {index:5;}">
                <Coords points="313,404 1005,397 1093,427 1141,406 1142,371 314,353"/>
                <Baseline points="318,389 358,389 399,389 440,389 481,389 522,390 563,390 604,391 645,391 686,392 727,393 767,394 808,394 849,395 890,396 931,397 972,397 1013,398 1054,399 1095,399 1136,399"/>
                <TextEquiv>
                    <Unicode>Pater non sit sapiens de seipso, sed de Filto: nec sa¬</Unicode>
                </TextEquiv>
            </TextLine>
            <TextLine id="r2l9" custom="readingOrder {index:6;}">
                <Coords points="326,445 1153,462 1136,411 327,397"/>
                <Baseline points="331,438 371,437 412,437 453,437 494,437 535,438 576,438 616,438 657,439 698,440 739,440 780,441 821,442 862,443 902,444 943,444 984,445 1025,446 1066,447 1107,448 1148,449"/>
                <TextEquiv>
                    <Unicode>nientia sapientiam genuerit, sed ea sapientia Pater</Unicode>
                </TextEquiv>
            </TextLine>
            <TextLine id="r2l10" custom="readingOrder {index:7;}">
                <Coords points="318,496 1119,515 1148,510 1149,460 319,446"/>
                <Baseline points="324,486 367,486 410,486 453,486 496,486 539,486 582,487 625,487 668,488 711,489 755,489 798,490 841,491 884,492 927,493 970,494 1013,495 1056,496 1099,497 1143,498"/>
                <TextEquiv>
                    <Unicode>dicatur sapiens esse quam genuit. Vbi enim non est</Unicode>
                </TextEquiv>
            </TextLine>
            <TextLine id="r2l11" custom="readingOrder {index:8;}">
                <Coords points="318,548 1147,547 1147,517 1073,502 1021,522 971,501 754,518 319,496"/>
                <Baseline points="324,534 364,534 405,534 446,534 487,534 528,535 569,535 610,536 651,536 692,537 733,538 773,539 814,539 855,540 896,541 937,542 978,543 1019,544 1060,545 1101,545 1142,546"/>
                <TextEquiv>
                    <Unicode>intelligentia, nec sapientia potest esse. Ideoque si Pa¬</Unicode>
                </TextEquiv>
            </TextLine>
            <TextLine id="r2l12" custom="readingOrder {index:9;}">
                <Coords points="312,597 1147,608 1148,559 313,550"/>
                <Baseline points="318,580 359,581 400,582 441,582 482,583 524,583 565,584 606,584 647,585 688,585 730,586 771,587 812,587 853,588 894,589 936,590 977,591 1018,593 1059,594 1100,595 1142,597"/>
                <TextEquiv>
                    <Unicode>ter non intelligit ipse sibi, sed Filius intelligit Patri,</Unicode>
                </TextEquiv>
            </TextLine>
            <TextLine id="r2l13" custom="readingOrder {index:10;}">
                <Coords points="314,650 1123,660 1149,653 1150,600 1081,620 898,594 315,597"/>
                <Baseline points="319,630 360,630 401,630 442,631 484,631 525,632 566,633 607,633 649,634 690,634 731,635 772,636 814,636 855,637 896,638 937,639 979,640 1020,641 1061,642 1102,644 1144,645"/>
                <TextEquiv>
                    <Unicode>profecto Filius Patrem sapientem facit. Et si hoc est</Unicode>
                </TextEquiv>
            </TextLine>
            <TextLine id="r2l14" custom="readingOrder {index:11;}">
                <Coords points="319,692 1082,706 1141,698 1142,655 320,636"/>
                <Baseline points="324,679 364,680 405,680 445,680 486,681 527,681 567,682 608,682 648,683 689,683 730,684 770,685 811,685 851,686 892,687 933,687 973,688 1014,689 1054,690 1095,691 1136,691"/>
                <TextEquiv>
                    <Unicode>Deo esse quod sapere, &amp; ea illi est essentia quae sa¬</Unicode>
                </TextEquiv>
            </TextLine>
            <TextLine id="r2l15" custom="readingOrder {index:12;}">
                <Coords points="324,736 1044,757 1134,748 1135,697 903,714 846,687 783,710 324,691"/>
                <Baseline points="329,728 369,728 409,728 449,729 489,729 529,729 569,730 609,730 649,730 689,731 729,732 769,732 809,733 849,734 889,734 929,735 969,736 1009,737 1049,738 1089,739 1129,740"/>
                <TextEquiv>
                    <Unicode>pientia, non Filius a Patre, quod verum est, sed a</Unicode>
                </TextEquiv>
            </TextLine>
            <TextLine id="r2l16" custom="readingOrder {index:13;}">
                <Coords points="314,785 1123,798 1119,749 315,747"/>
                <Baseline points="320,777 359,777 399,776 439,776 479,776 519,777 559,777 599,778 639,779 679,780 719,781 758,782 798,783 838,783 878,784 918,785 958,785 998,785 1038,786 1078,785 1118,785"/>
                <TextEquiv>
                    <Unicode>Filio potius Pater habet essentiam, quod absur dissi¬</Unicode>
                </TextEquiv>
            </TextLine>
            <TextLine id="r2l17" custom="readingOrder {index:14;}">
                <Coords points="315,830 771,832 822,855 1125,840 1113,793 1016,811 316,787"/>
                <Baseline points="321,825 363,825 405,825 447,825 489,825 531,825 573,826 615,827 657,827 699,828 741,829 783,830 825,831 867,832 909,832 951,833 993,833 1035,834 1077,834 1120,833"/>
                <TextEquiv>
                    <Unicode>mum atque falsissimum est. Est ergo Deus Pater sapiens</Unicode>
                </TextEquiv>
            </TextLine>
            <TextLine id="r2l18" custom="readingOrder {index:15;}">
                <Coords points="311,884 1034,903 1128,891 1129,856 650,854 624,831 312,850"/>
                <Baseline points="317,874 357,874 397,874 437,874 478,874 518,874 558,875 599,875 639,876 679,877 720,878 760,878 800,879 840,880 881,880 921,881 961,882 1002,882 1042,882 1082,882 1123,882"/>
                <TextEquiv>
                    <Unicode>ea, quae ipse est, sua sapientia: &amp; Filius sapientia</Unicode>
                </TextEquiv>
            </TextLine>
            <TextLine id="r2l19" custom="readingOrder {index:16;}">
                <Coords points="315,933 805,952 915,929 1071,956 1134,936 1134,893 994,911 945,888 870,909 315,884"/>
                <Baseline points="320,921 360,921 400,921 441,921 481,921 522,922 562,922 602,923 643,923 683,924 724,925 764,925 804,926 845,927 885,928 926,928 966,929 1006,930 1047,930 1087,931 1128,931"/>
                <TextEquiv>
                    <Unicode>Patris, est sapiens de sapientia quae est Pater, de quo</Unicode>
                </TextEquiv>
            </TextLine>
            <TextLine id="r2l20" custom="readingOrder {index:17;}">
                <Coords points="313,984 891,978 1020,1003 1127,995 1128,955 314,929"/>
                <Baseline points="318,969 358,969 398,969 438,970 478,970 519,971 559,971 599,972 639,972 679,973 720,974 760,974 800,975 840,976 880,977 921,977 961,978 1001,979 1041,980 1081,980 1122,981"/>
                <TextEquiv>
                    <Unicode>est genitus Filius. Ita &amp; Pater est intelligens ea,</Unicode>
                </TextEquiv>
            </TextLine>
            <TextLine id="r2l21" custom="readingOrder {index:18;}">
                <Coords points="314,1035 622,1023 676,1049 825,1025 1031,1051 1130,1037 1131,999 452,974 315,994"/>
                <Baseline points="320,1018 360,1018 400,1018 440,1018 481,1018 521,1019 561,1019 601,1020 642,1020 682,1021 722,1022 762,1023 803,1023 843,1024 883,1025 923,1025 964,1026 1004,1027 1044,1028 1084,1029 1125,1029"/>
                <TextEquiv>
                    <Unicode>quae ipse est, sua intelligentia. Non enim esset sa¬</Unicode>
                </TextEquiv>
            </TextLine>
            <TextLine id="r2l22" custom="readingOrder {index:19;}">
                <Coords points="315,1085 1082,1093 1129,1082 1130,1036 917,1059 760,1027 677,1049 599,1025 316,1034"/>
                <Baseline points="321,1065 361,1065 401,1065 441,1065 481,1066 521,1066 561,1067 602,1068 642,1069 682,1069 722,1070 762,1071 802,1072 842,1073 883,1074 923,1074 963,1075 1003,1076 1043,1077 1083,1077 1124,1077"/>
                <TextEquiv>
                    <Unicode>piens, qui non esset intelligens. Filius autem intelli¬</Unicode>
                </TextEquiv>
            </TextLine>
            <TextLine id="r2l23" custom="readingOrder {index:20;}">
                <Coords points="314,1133 820,1120 1031,1147 1142,1135 1143,1076 933,1102 672,1074 315,1085"/>
                <Baseline points="320,1113 360,1113 401,1113 442,1114 483,1114 524,1114 565,1115 605,1116 646,1117 687,1118 728,1119 769,1119 810,1120 851,1121 891,1122 932,1123 973,1124 1014,1124 1055,1125 1096,1125 1137,1125"/>
                <TextEquiv>
                    <Unicode>gentia Patris, de intelligentia tenitus est, quae est</Unicode>
                </TextEquiv>
            </TextLine>
            <TextLine id="r2l24" custom="readingOrder {index:21;}">
                <Coords points="315,1175 1117,1190 1143,1183 1144,1135 315,1134"/>
                <Baseline points="320,1161 360,1162 401,1162 442,1163 483,1164 524,1164 565,1165 606,1166 647,1166 688,1167 729,1168 769,1168 810,1169 851,1170 892,1171 933,1171 974,1172 1015,1173 1056,1174 1097,1174 1138,1175"/>
                <TextEquiv>
                    <Unicode>Pater: de qua &amp; intelligens est. Proinde Pater est</Unicode>
                </TextEquiv>
            </TextLine>
            <TextLine id="r2l25" custom="readingOrder {index:22;}">
                <Coords points="302,1229 557,1214 1059,1243 1143,1229 1144,1195 303,1182"/>
                <Baseline points="308,1212 349,1212 391,1212 432,1212 474,1213 515,1213 557,1214 598,1214 640,1215 681,1216 723,1217 764,1218 806,1218 847,1219 889,1220 930,1221 972,1221 1013,1222 1055,1223 1096,1223 1138,1223"/>
                <TextEquiv>
                    <Unicode>sapientia, &amp; Filius sapientia, &amp; vterque vna est sa¬</Unicode>
                </TextEquiv>
            </TextLine>
            <TextLine id="r2l26" custom="readingOrder {index:23;}">
                <Coords points="306,1281 681,1264 867,1297 931,1275 1138,1285 1139,1248 638,1222 565,1243 447,1218 307,1237"/>
                <Baseline points="312,1259 353,1259 394,1260 435,1260 476,1260 517,1261 558,1262 599,1262 640,1263 681,1264 722,1265 763,1266 804,1267 845,1267 886,1268 927,1270 968,1270 1009,1271 1050,1272 1091,1273 1133,1274"/>
                <TextEquiv>
                    <Unicode>pientia: &amp; tamen solus Pater est ingenita saptentia,</Unicode>
                </TextEquiv>
            </TextLine>
            <TextLine id="r2l27" custom="readingOrder {index:24;}">
                <Coords points="315,1318 1091,1335 1135,1328 1136,1286 316,1275"/>
                <Baseline points="320,1308 360,1308 400,1308 441,1308 481,1308 522,1309 562,1309 603,1310 643,1311 684,1312 724,1314 764,1315 805,1316 845,1317 886,1318 926,1319 967,1320 1007,1320 1048,1321 1088,1321 1129,1321"/>
                <TextEquiv>
                    <Unicode>&amp; Filius solus genita sapientia: nec tamen alia sa¬</Unicode>
                </TextEquiv>
            </TextLine>
            <TextLine id="r2l28" custom="readingOrder {index:25;}">
                <Coords points="305,1381 731,1365 1092,1391 1144,1368 1096,1332 994,1352 935,1323 685,1340 641,1318 565,1337 306,1318"/>
                <Baseline points="311,1356 352,1356 393,1356 435,1356 476,1356 518,1357 559,1358 600,1359 642,1360 683,1361 725,1362 766,1363 807,1364 849,1365 890,1366 932,1367 973,1368 1014,1369 1056,1369 1097,1369 1139,1369"/>
                <TextEquiv>
                    <Unicode>pientia Pater, alia sapientia Filius, sed vna eadem¬</Unicode>
                </TextEquiv>
            </TextLine>
            <TextLine id="r2l29" custom="readingOrder {index:26;}">
                <Coords points="312,1422 1112,1436 1142,1424 1143,1380 313,1374"/>
                <Baseline points="317,1404 358,1404 399,1404 440,1405 481,1405 522,1406 563,1407 604,1407 645,1408 686,1409 727,1410 768,1411 809,1412 850,1413 891,1414 932,1415 973,1416 1014,1416 1055,1417 1096,1418 1137,1418"/>
                <TextEquiv>
                    <Unicode>que est: sicut Pater est Deus ingenitus, &amp; Filius est</Unicode>
                </TextEquiv>
            </TextLine>
            <TextLine id="r2l30" custom="readingOrder {index:27;}">
                <Coords points="317,1463 677,1458 742,1487 903,1461 1016,1484 1128,1466 1129,1430 318,1420"/>
                <Baseline points="322,1451 362,1451 402,1452 442,1452 482,1453 522,1454 562,1455 602,1455 642,1456 682,1457 722,1458 762,1459 802,1460 842,1461 882,1462 922,1462 962,1463 1002,1464 1042,1465 1082,1465 1123,1465"/>
                <TextEquiv>
                    <Unicode>Deus genitus, neque Deus genitus, est Deus inceni</Unicode>
                </TextEquiv>
            </TextLine>
            <TextLine id="r2l31" custom="readingOrder {index:28;}">
                <Coords points="306,1507 1034,1535 1143,1517 1144,1475 306,1477"/>
                <Baseline points="311,1500 352,1500 393,1500 435,1501 476,1501 517,1502 559,1503 600,1504 641,1505 683,1506 724,1507 765,1508 807,1509 848,1510 889,1511 931,1512 972,1512 1013,1513 1055,1513 1096,1514 1138,1513"/>
                <TextEquiv>
                    <Unicode>tus: non ideo tamen alius Deus est Pater, alius Deus </Unicode>
                </TextEquiv>
            </TextLine>
            <TextLine id="r2l32" custom="readingOrder {index:29;}">
                <Coords points="306,1559 694,1551 1041,1584 1132,1568 1133,1536 844,1545 604,1508 307,1507"/>
                <Baseline points="312,1547 352,1548 393,1548 434,1549 475,1550 515,1551 556,1551 597,1552 638,1553 678,1554 719,1555 760,1556 801,1557 841,1558 882,1559 923,1560 964,1560 1004,1561 1045,1561 1086,1562 1127,1562"/>
                <TextEquiv>
                    <Unicode>Filius: sed unus Deus vterque, non autem unus.</Unicode>
                </TextEquiv>
            </TextLine>
            <TextLine id="r2l33" custom="readingOrder {index:30;}">
                <Coords points="313,1607 1142,1618 1135,1567 864,1587 314,1562"/>
                <Baseline points="318,1597 361,1597 404,1597 447,1597 490,1598 533,1599 576,1600 619,1601 662,1602 705,1603 749,1604 792,1606 835,1607 878,1607 921,1609 964,1609 1007,1609 1050,1610 1093,1609 1137,1609"/>
                <TextEquiv>
                    <Unicode>Alius est enim genitus, alius ingenitus, sed non alius</Unicode>
                </TextEquiv>
            </TextLine>
            <TextLine id="r2l34" custom="readingOrder {index:31;}">
                <Coords points="303,1656 1091,1673 1146,1657 1147,1627 304,1606"/>
                <Baseline points="309,1642 350,1643 392,1644 433,1645 475,1646 517,1647 558,1648 600,1649 641,1650 683,1651 725,1652 766,1653 808,1654 849,1655 891,1656 933,1656 974,1657 1016,1658 1057,1658 1099,1658 1141,1658"/>
                <TextEquiv>
                    <Unicode>Deus: imo vterque vnum, siue unus Deus. Ita non</Unicode>
                </TextEquiv>
            </TextLine>
            <TextLine id="r2l35" custom="readingOrder {index:32;}">
                <Coords points="301,1704 1126,1727 1143,1672 696,1680 613,1656 490,1681 302,1655"/>
                <Baseline points="307,1692 348,1692 390,1693 431,1694 473,1695 514,1696 556,1697 597,1698 639,1699 680,1700 722,1701 763,1702 805,1703 846,1704 888,1705 929,1705 971,1706 1012,1706 1054,1707 1095,1707 1137,1707"/>
                <TextEquiv>
                    <Unicode>est sapientia genita, sapientia ingenita: sed alia est</Unicode>
                </TextEquiv>
            </TextLine>
            <TextLine id="r2l36" custom="readingOrder {index:33;}">
                <Coords points="295,1764 912,1761 991,1784 1146,1770 1147,1723 296,1699"/>
                <Baseline points="300,1739 342,1741 384,1742 426,1743 468,1744 510,1745 552,1747 594,1747 636,1748 678,1749 720,1750 762,1750 804,1751 846,1752 888,1753 930,1753 972,1754 1014,1754 1056,1755 1098,1755 1141,1756"/>
                <TextEquiv>
                    <Unicode>sapient.i genita, alia ingenita: non tamen est ala</Unicode>
                </TextEquiv>
            </TextLine>
            <TextEquiv>
                <Unicode>pientia Dei, tanquam ipse solus, intelligens sit vel
sapiens sibi &amp; Patri &amp; Spiritui sancto: quia vt ait
Augustinus in xv. libro de Trinitate, capite septi¬
mo. Si solus ibi Filius intelligit &amp; sibi, &amp; Patri, &amp;
Spiritui sancto. Ad illam reditur absurditatem, vt
Pater non sit sapiens de seipso, sed de Filto: nec sa¬
nientia sapientiam genuerit, sed ea sapientia Pater
dicatur sapiens esse quam genuit. Vbi enim non est
intelligentia, nec sapientia potest esse. Ideoque si Pa¬
ter non intelligit ipse sibi, sed Filius intelligit Patri,
profecto Filius Patrem sapientem facit. Et si hoc est
Deo esse quod sapere, &amp; ea illi est essentia quae sa¬
pientia, non Filius a Patre, quod verum est, sed a
Filio potius Pater habet essentiam, quod absur dissi¬
mum atque falsissimum est. Est ergo Deus Pater sapiens
ea, quae ipse est, sua sapientia: &amp; Filius sapientia
Patris, est sapiens de sapientia quae est Pater, de quo
est genitus Filius. Ita &amp; Pater est intelligens ea,
quae ipse est, sua intelligentia. Non enim esset sa¬
piens, qui non esset intelligens. Filius autem intelli¬
gentia Patris, de intelligentia tenitus est, quae est
Pater: de qua &amp; intelligens est. Proinde Pater est
sapientia, &amp; Filius sapientia, &amp; vterque vna est sa¬
pientia: &amp; tamen solus Pater est ingenita saptentia,
&amp; Filius solus genita sapientia: nec tamen alia sa¬
pientia Pater, alia sapientia Filius, sed vna eadem¬
que est: sicut Pater est Deus ingenitus, &amp; Filius est
Deus genitus, neque Deus genitus, est Deus inceni
tus: non ideo tamen alius Deus est Pater, alius Deus 
Filius: sed unus Deus vterque, non autem unus.
Alius est enim genitus, alius ingenitus, sed non alius
Deus: imo vterque vnum, siue unus Deus. Ita non
est sapientia genita, sapientia ingenita: sed alia est
sapient.i genita, alia ingenita: non tamen est ala</Unicode>
            </TextEquiv>
        </TextRegion>
    </Page>
</PcGts>
