1238 2026
563 100 815 189 CAP. VI
411 171 1052 240 An vna tantum sit sapientia Patris.
355 232 1157 305 POST haec a quibusdam solet quaeri, vtrum u¬
325 299 1157 346 na tantum sit sapientia Patris. Quod non esse nitum¬
312 336 1156 404 tur probare hoc modo: Filius, inquiunt, est, sapientia
328 386 1156 447 Patris genita, qua Pater sapiens non est. Estigitur
323 439 1155 503 aliqua sapientia Patris, qua sapiens non est. Est au¬
320 483 1151 538 tem u sapientia Patris ingenita, & ea Pater sapiens
319 535 1142 594 est. Est ergo quaedam sapientia Patris: qua sapiens
312 585 1149 647 est: & ipsa non est illa sapientia Patris, qua Pater
312 624 1145 690 sapiens non est: non est ergo vna tatum sapientia pa¬
304 682 1133 738 tris. Item sapientia ingenita est sapientia Patris: &
305 731 1128 786 sapientia genita est sapientia Patris: non est autem
319 779 1130 835 sapientia ingenita, sapientia genita: non est igitur v¬
316 824 1129 888 na tantum Patris sapientia. Haec & his similia, a¬
319 882 1129 931 quam sophistica & a veritate longinqua, cunctisque
316 925 1121 976 in Theologia peritis patentia abijcimus, responsa in¬
311 975 1133 1032 digna aduertentes: id tamen adijcientes, quia nua
312 1030 1130 1089 tantum sapientia Patris, sed non vno modo dicitur.
309 1067 1135 1128 Nam sapientia Patris dicitur illa quam genuit: &
312 1112 1141 1185 sapientia Patris dicitur ea, qua sapiens est. Diuersa
311 1161 1141 1225 est ergo ratio dicti. Illa enim dicitur Patris, quia eam
307 1214 1126 1280 genuit: & ea dicitur sapientia Patris, quia ea sapit,
313 1269 1126 1319 Vna est tamen sapientia Patris, quia sapientia ge¬
303 1314 1135 1360 nita est eadem sapientia, & ea qua sapiens est: siue
307 1358 1132 1416 ea qua sapiens est intelligatur persona Patris, siue es¬
301 1408 1130 1465 sentia Patris: quia persona Patris quae intelligitur
305 1456 1131 1514 cum dicitur sapientia ingenita, & persona Filij quae
300 1501 1127 1568 significatur cum dicitur sapientia genita, vna eadem¬
311 1560 1131 1624 que sapientia est: quae essentia diuina intelligitur
309 1600 730 1668 communis tribus Personis.
544 1642 837 1717 CAP. VII
356 1688 1139 1776 Quod in Trinitate est dilectio, quae est Tri¬
