<?xml version="1.0" encoding="UTF-8" standalone="yes"?>
<PcGts xmlns="http://schema.primaresearch.org/PAGE/gts/pagecontent/2013-07-15" xmlns:xsi="http://www.w3.org/2001/XMLSchema-instance" xsi:schemaLocation="http://schema.primaresearch.org/PAGE/gts/pagecontent/2013-07-15 http://schema.primaresearch.org/PAGE/gts/pagecontent/2013-07-15/pagecontent.xsd">
    <Metadata>
        <Creator>prov=University of Rostock/Institute of Mathematics/CITlab|PLANET AI GmbH/Gundram Leifert/gundram.leifert@planet-ai.de:name=Geneva1580-m2(htr_id=30020)::::v=2.6.7
prov=University of Rostock/Institute of Mathematics/CITlab|PLANET AI GmbH/Tobias Gruening/tobias.gruening@planet-ai.de:name=de.uros.citlab.module.baseline2polygon.B2PSeamMultiOriented:v=2.6.7
prov=University of Rostock/Institute of Mathematics/CITlab|PLANET AI GmbH/Tobias Gruening/tobias.gruening@planet-ai.de:name=/net_tf/LA73_249_0mod360.pb:de.uros.citlab.segmentation.CITlab_LA_ML:v=2.6.6
Transkribus</Creator>
        <Created>2021-01-20T13:56:53.261+01:00</Created>
        <LastChange>2021-02-10T16:13:12.991+01:00</LastChange>
        <TranskribusMetadata docId="576385" pageId="23672483" pageNr="630" tsid="52351729" status="IN_PROGRESS" userId="25065" imgUrl="https://files.transkribus.eu/Get?id=LOPYDRMLAUFJTJEDKRZPGMGD&amp;fileType=view" xmlUrl="https://files.transkribus.eu/Get?id=XCGNUSSUZYIITGQBTAQQMQHT" imageId="18181293"/>
    </Metadata>
    <Page imageFilename="629.jpg" imageWidth="1250" imageHeight="2031">
        <ReadingOrder>
            <OrderedGroup id="ro_1612986053766" caption="Regions reading order">
                <RegionRefIndexed index="0" regionRef="r1"/>
            </OrderedGroup>
        </ReadingOrder>
        <TextRegion orientation="0.0" id="r1" custom="readingOrder {index:0;}">
            <Coords points="324,56 324,1802 1179,1802 1179,56"/>
            <TextLine id="r1l3" custom="readingOrder {index:0;}">
                <Coords points="328,159 1164,151 1164,120 1108,97 1062,121 935,99 838,120 328,108"/>
                <Baseline points="333,145 374,146 415,146 456,146 498,146 539,146 580,146 622,146 663,145 704,145 746,145 787,145 828,145 869,145 911,145 952,145 993,145 1035,146 1076,147 1117,148 1159,149"/>
                <TextEquiv>
                    <Unicode>alia duo, primum confusio perturbatioque hun¬</Unicode>
                </TextEquiv>
            </TextLine>
            <TextLine id="r1l4" custom="readingOrder {index:1;}">
                <Coords points="337,211 1165,208 1165,172 901,153 812,174 337,159"/>
                <Baseline points="342,193 382,194 423,194 464,194 505,194 546,193 587,193 628,193 669,193 710,193 751,193 791,194 832,194 873,194 914,194 955,195 996,195 1037,196 1078,197 1119,198 1160,199"/>
                <TextEquiv>
                    <Unicode>ius argumenti &amp; tractationis. Nam quae cap. I</Unicode>
                </TextEquiv>
            </TextLine>
            <TextLine id="r1l5" custom="readingOrder {index:2;}">
                <Coords points="329,265 1170,262 1170,216 1052,207 329,210"/>
                <Baseline points="334,241 375,242 417,242 458,242 500,243 541,243 583,243 624,243 666,242 707,242 749,242 791,242 832,242 874,242 915,242 957,242 998,243 1040,243 1081,244 1123,245 1165,246"/>
                <TextEquiv>
                    <Unicode>proponitur quaestio, ea statim totis septem ca¬</Unicode>
                </TextEquiv>
            </TextLine>
            <TextLine id="r1l6" custom="readingOrder {index:3;}">
                <Coords points="331,307 722,295 793,317 867,291 1079,322 1166,298 1166,263 331,266"/>
                <Baseline points="337,289 378,289 419,290 460,290 501,290 543,290 584,290 625,290 666,290 707,290 749,290 790,290 831,290 872,290 913,290 955,291 996,291 1037,292 1078,293 1119,294 1161,296"/>
                <TextEquiv>
                    <Unicode>pitibus interiectis abrumpitur, deinde repeti¬</Unicode>
                </TextEquiv>
            </TextLine>
            <TextLine id="r1l7" custom="readingOrder {index:4;}">
                <Coords points="328,346 1145,363 1169,361 1170,309 328,307"/>
                <Baseline points="333,338 374,338 416,339 457,339 499,339 540,339 582,339 623,338 665,338 706,338 748,338 790,338 831,338 873,338 914,338 956,338 997,339 1039,339 1080,341 1122,342 1164,343"/>
                <TextEquiv>
                    <Unicode>tur, vt ex ipso Distinctionis artificio a nobis ad¬</Unicode>
                </TextEquiv>
            </TextLine>
            <TextLine id="r1l8" custom="readingOrder {index:5;}">
                <Coords points="333,399 1165,400 1159,358 333,360"/>
                <Baseline points="338,385 379,386 420,386 461,387 502,387 543,387 584,387 625,387 666,387 707,387 749,387 790,386 831,386 872,386 913,386 954,387 995,387 1036,388 1077,388 1118,389 1160,391"/>
                <TextEquiv>
                    <Unicode>dito facile quiuis intelliget.. Secundum autem </Unicode>
                </TextEquiv>
            </TextLine>
            <TextLine id="r1l9" custom="readingOrder {index:6;}">
                <Coords points="332,448 1166,448 1166,400 333,405"/>
                <Baseline points="338,433 379,434 420,434 461,435 502,435 543,435 584,435 626,435 667,435 708,434 749,434 790,434 831,434 872,434 914,435 955,435 996,436 1037,437 1078,438 1119,440 1161,442"/>
                <TextEquiv>
                    <Unicode>vitium ex duobus posterioribus in eo est, quod</Unicode>
                </TextEquiv>
            </TextLine>
            <TextLine id="r1l10" custom="readingOrder {index:7;}">
                <Coords points="328,500 1161,493 1161,451 328,450"/>
                <Baseline points="333,482 374,483 415,484 456,484 497,484 538,484 579,484 620,484 661,484 702,483 744,483 785,483 826,483 867,483 908,483 949,483 990,484 1031,485 1072,486 1113,487 1155,489"/>
                <TextEquiv>
                    <Unicode>a capite sexto ad finem vsque Distinctionis, id</Unicode>
                </TextEquiv>
            </TextLine>
            <TextLine id="r1l11" custom="readingOrder {index:8;}">
                <Coords points="325,547 1161,541 1161,508 1125,491 1072,513 926,487 882,511 325,500"/>
                <Baseline points="331,530 372,531 413,532 454,532 496,532 537,532 578,532 619,532 661,532 702,532 743,532 784,531 826,531 867,531 908,531 949,531 991,532 1032,532 1073,533 1114,534 1156,535"/>
                <TextEquiv>
                    <Unicode>est, per tria capita integra (vbi difficillima illa</Unicode>
                </TextEquiv>
            </TextLine>
            <TextLine id="r1l12" custom="readingOrder {index:9;}">
                <Coords points="325,586 706,608 775,580 895,604 1157,589 1131,544 325,547"/>
                <Baseline points="331,580 372,580 413,580 454,580 495,580 536,580 577,580 618,580 659,580 700,580 741,580 782,580 823,580 864,580 905,580 946,581 987,581 1028,581 1069,581 1110,581 1152,582"/>
                <TextEquiv>
                    <Unicode>quaestio tractatur) neque S. Scripturae autorita¬</Unicode>
                </TextEquiv>
            </TextLine>
            <TextLine id="r1l13" custom="readingOrder {index:10;}">
                <Coords points="326,643 1055,652 1148,641 1148,597 326,605"/>
                <Baseline points="331,627 371,627 412,628 452,628 493,629 533,629 574,629 614,629 655,628 695,628 736,628 777,628 817,628 858,628 898,628 939,628 979,628 1020,629 1060,630 1101,631 1142,632"/>
                <TextEquiv>
                    <Unicode>te vtitur, quod istius scriptoris perpetuum vi</Unicode>
                </TextEquiv>
            </TextLine>
            <TextLine id="r1l14" custom="readingOrder {index:11;}">
                <Coords points="326,692 1155,692 1155,653 1080,636 974,656 326,643"/>
                <Baseline points="331,674 374,675 417,676 460,677 503,677 546,677 589,677 632,677 675,677 718,676 762,676 805,676 848,675 891,675 934,675 977,676 1020,676 1063,677 1106,678 1150,680"/>
                <TextEquiv>
                    <Unicode>tium est: neque vllius Patris sententiam affert,</Unicode>
                </TextEquiv>
            </TextLine>
            <TextLine id="r1l15" custom="readingOrder {index:12;}">
                <Coords points="335,743 1152,745 1152,695 1125,685 335,695"/>
                <Baseline points="340,723 380,724 420,725 461,726 501,726 541,726 582,725 622,725 662,725 703,724 743,724 783,723 824,723 864,722 904,722 945,722 985,722 1025,723 1066,724 1106,725 1147,726"/>
                <TextEquiv>
                    <Unicode>ex qua obscurae illius quaestionis illustratio ali¬</Unicode>
                </TextEquiv>
            </TextLine>
            <TextLine id="r1l16" custom="readingOrder {index:13;}">
                <Coords points="328,787 653,806 787,775 1146,778 1146,748 1083,736 328,745"/>
                <Baseline points="333,773 373,774 413,774 454,775 494,775 534,775 575,775 615,774 655,774 696,774 736,773 776,773 817,772 857,772 897,772 938,771 978,771 1018,771 1059,772 1099,772 1140,773"/>
                <TextEquiv>
                    <Unicode>qua siat. Quare quam sit vitiosa tota haec Di¬</Unicode>
                </TextEquiv>
            </TextLine>
            <TextLine id="r1l17" custom="readingOrder {index:14;}">
                <Coords points="325,828 507,845 642,816 746,849 895,820 1028,848 1137,827 1137,792 1093,781 1022,800 919,778 642,801 325,788"/>
                <Baseline points="331,822 371,823 411,823 451,823 491,824 531,824 571,823 611,823 651,823 691,822 731,822 771,821 811,821 851,820 891,820 931,819 971,819 1011,819 1051,819 1091,820 1132,820"/>
                <TextEquiv>
                    <Unicode>stinctio apparet. Neque vero hunnc excusare</Unicode>
                </TextEquiv>
            </TextLine>
            <TextLine id="r1l18" custom="readingOrder {index:15;}">
                <Coords points="331,896 870,876 1016,901 1147,869 1098,826 1035,848 787,826 745,849 456,827 331,850"/>
                <Baseline points="336,871 376,872 416,872 456,873 497,873 537,872 577,872 617,872 658,871 698,871 738,870 778,869 819,869 859,868 899,868 939,868 980,868 1020,868 1060,869 1100,869 1141,870"/>
                <TextEquiv>
                    <Unicode>potest, quod Augustini vestigia in his quaestio¬</Unicode>
                </TextEquiv>
            </TextLine>
            <TextLine id="r1l19" custom="readingOrder {index:16;}">
                <Coords points="323,930 1083,936 1143,926 1143,890 366,880 323,903"/>
                <Baseline points="329,919 369,919 409,919 450,920 490,920 531,920 571,919 612,919 652,919 693,919 733,918 773,918 814,918 854,917 895,917 935,917 976,917 1016,917 1057,917 1097,918 1138,918"/>
                <TextEquiv>
                    <Unicode>nibus repetendis secutus videtur. Cum enim</Unicode>
                </TextEquiv>
            </TextLine>
            <TextLine id="r1l20" custom="readingOrder {index:17;}">
                <Coords points="326,981 1139,983 1139,947 1025,929 326,941"/>
                <Baseline points="331,967 371,967 411,968 451,968 491,968 531,968 571,968 611,968 651,967 691,967 732,967 772,967 812,966 852,966 892,966 932,966 972,966 1012,966 1052,967 1092,967 1133,968"/>
                <TextEquiv>
                    <Unicode>Augustinus ipse fateatur, &amp; quidem ingenue</Unicode>
                </TextEquiv>
            </TextLine>
            <TextLine id="r1l21" custom="readingOrder {index:18;}">
                <Coords points="324,1030 1153,1031 1153,987 1093,973 1044,993 324,980"/>
                <Baseline points="329,1016 372,1016 415,1015 458,1015 501,1015 544,1015 587,1015 630,1015 673,1015 716,1015 760,1015 803,1015 846,1015 889,1015 932,1015 975,1015 1018,1015 1061,1015 1104,1015 1148,1015"/>
                <TextEquiv>
                    <Unicode>has quaestiones esse inextricabiles, lib. 9. &amp; lib.</Unicode>
                </TextEquiv>
            </TextLine>
            <TextLine id="r1l22" custom="readingOrder {index:19;}">
                <Coords points="332,1077 1149,1076 1149,1038 1114,1031 332,1035"/>
                <Baseline points="337,1064 377,1064 417,1064 457,1064 498,1064 538,1064 578,1064 619,1064 659,1064 699,1063 740,1063 780,1063 820,1063 860,1063 901,1063 941,1063 981,1063 1022,1063 1062,1064 1102,1065 1143,1066"/>
                <TextEquiv>
                    <Unicode>IS. capite, septimo Trinitatis, aut omnino prae¬</Unicode>
                </TextEquiv>
            </TextLine>
            <TextLine id="r1l23" custom="readingOrder {index:20;}">
                <Coords points="329,1133 1148,1127 1148,1083 1063,1076 329,1077"/>
                <Baseline points="334,1111 374,1112 414,1112 455,1112 495,1112 536,1112 576,1112 617,1112 657,1112 698,1112 738,1111 778,1111 819,1111 859,1111 900,1111 940,1111 981,1111 1021,1111 1062,1111 1102,1111 1143,1112"/>
                <TextEquiv>
                    <Unicode>termittendae erant: aut aliquo modo explican¬</Unicode>
                </TextEquiv>
            </TextLine>
            <TextLine id="r1l24" custom="readingOrder {index:21;}">
                <Coords points="330,1167 1139,1174 1148,1126 330,1133"/>
                <Baseline points="335,1161 375,1161 415,1161 456,1160 496,1160 537,1160 577,1160 617,1160 658,1160 698,1160 739,1159 779,1159 819,1159 860,1159 900,1159 941,1159 981,1159 1021,1159 1062,1159 1102,1159 1143,1160"/>
                <TextEquiv>
                    <Unicode>dae. Eo certe valere debuit Augustini admoni</Unicode>
                </TextEquiv>
            </TextLine>
            <TextLine id="r1l25" custom="readingOrder {index:22;}">
                <Coords points="330,1216 1164,1228 1164,1186 1070,1168 330,1168"/>
                <Baseline points="335,1208 376,1209 417,1209 458,1209 499,1209 540,1209 581,1209 623,1208 664,1208 705,1208 746,1208 787,1207 828,1207 869,1207 911,1207 952,1207 993,1207 1034,1207 1075,1208 1116,1208 1158,1209"/>
                <TextEquiv>
                    <Unicode>tio, vt iis abstinendum esse saltem intelligeret</Unicode>
                </TextEquiv>
            </TextLine>
            <TextLine id="r1l26" custom="readingOrder {index:23;}">
                <Coords points="327,1276 1165,1272 1154,1226 327,1215"/>
                <Baseline points="332,1256 373,1256 414,1256 456,1256 497,1256 539,1256 580,1256 621,1256 663,1256 704,1256 746,1256 787,1256 828,1256 870,1256 911,1256 953,1256 994,1256 1035,1256 1077,1256 1118,1256 1160,1257"/>
                <TextEquiv>
                    <Unicode>Lombardus. Haec est illa difficilis quaestio, lseui ta</Unicode>
                </TextEquiv>
            </TextLine>
            <TextLine id="r1l27" custom="readingOrder {index:24;}">
                <Coords points="330,1321 1159,1313 1151,1278 993,1265 330,1275"/>
                <Baseline points="335,1305 378,1305 421,1305 464,1306 507,1306 550,1305 593,1305 636,1305 679,1305 722,1305 766,1304 809,1304 852,1304 895,1304 938,1304 981,1304 1024,1304 1067,1304 1110,1304 1154,1305"/>
                <TextEquiv>
                    <Unicode>men cubito ab isto tractata, vtrum attributa pro¬</Unicode>
                </TextEquiv>
            </TextLine>
            <TextLine id="r1l28" custom="readingOrder {index:25;}">
                <Coords points="329,1375 446,1355 555,1380 854,1357 1125,1375 1155,1365 1155,1318 329,1327"/>
                <Baseline points="334,1354 374,1354 415,1354 456,1353 497,1353 538,1353 578,1353 619,1353 660,1353 701,1353 742,1353 782,1353 823,1352 864,1352 905,1352 946,1352 986,1352 1027,1352 1068,1352 1109,1352 1150,1351"/>
                <TextEquiv>
                    <Unicode>pria Deitatis distinguantur Personalibus diffe¬</Unicode>
                </TextEquiv>
            </TextLine>
            <TextLine id="r1l29" custom="readingOrder {index:26;}">
                <Coords points="321,1414 813,1404 1110,1429 1156,1418 1156,1371 738,1362 571,1386 413,1360 321,1383"/>
                <Baseline points="326,1401 367,1402 408,1402 449,1402 491,1402 532,1401 573,1401 614,1401 656,1401 697,1401 738,1401 779,1401 821,1401 862,1401 903,1401 944,1401 986,1401 1027,1401 1068,1401 1109,1402 1151,1402"/>
                <TextEquiv>
                    <Unicode>rentiis, veluti, vtrum dicatur sapientia quaedam </Unicode>
                </TextEquiv>
            </TextLine>
            <TextLine id="r1l30" custom="readingOrder {index:27;}">
                <Coords points="328,1449 515,1473 1158,1465 1140,1419 328,1419"/>
                <Baseline points="333,1449 374,1449 415,1449 456,1449 497,1449 538,1449 579,1449 620,1449 661,1450 702,1450 743,1450 784,1449 825,1449 866,1449 907,1449 948,1449 989,1449 1030,1449 1071,1449 1112,1449 1153,1448"/>
                <TextEquiv>
                    <Unicode>vel omnipotentia ingenita: quaedam ingenita</Unicode>
                </TextEquiv>
            </TextLine>
            <TextLine id="r1l31" custom="readingOrder {index:28;}">
                <Coords points="331,1504 1087,1524 1147,1511 1147,1462 474,1477 392,1455 331,1475"/>
                <Baseline points="336,1497 376,1497 416,1497 456,1498 497,1498 537,1498 577,1498 618,1498 658,1498 698,1498 739,1498 779,1498 819,1498 859,1498 900,1497 940,1497 980,1497 1021,1497 1061,1497 1101,1497 1142,1497"/>
                <TextEquiv>
                    <Unicode>in diuinis, quaedam procedens, de qua mox di¬</Unicode>
                </TextEquiv>
            </TextLine>
            <TextLine id="r1l32" custom="readingOrder {index:29;}">
                <Coords points="329,1562 885,1550 1089,1577 1160,1549 1160,1518 919,1506 329,1514"/>
                <Baseline points="335,1544 376,1545 417,1545 458,1546 499,1546 540,1546 581,1546 622,1546 663,1546 704,1545 745,1545 786,1545 827,1545 868,1545 909,1545 950,1545 991,1545 1032,1545 1073,1545 1114,1545 1155,1546"/>
                <TextEquiv>
                    <Unicode>cturi sumus. Hinc etiam ortae sunt interpre¬</Unicode>
                </TextEquiv>
            </TextLine>
            <TextLine id="r1l33" custom="readingOrder {index:30;}">
                <Coords points="325,1597 1101,1616 1165,1605 1165,1542 1090,1577 325,1563"/>
                <Baseline points="331,1593 372,1593 413,1593 455,1593 496,1593 538,1593 579,1593 621,1593 662,1593 704,1593 745,1593 786,1593 828,1593 869,1593 911,1593 952,1593 994,1593 1035,1593 1077,1593 1118,1593 1160,1593"/>
                <TextEquiv>
                    <Unicode>tum, non modo inter se contentiones, sed etiam</Unicode>
                </TextEquiv>
            </TextLine>
            <TextLine id="r1l34" custom="readingOrder {index:31;}">
                <Coords points="328,1658 1179,1662 1179,1628 1140,1608 328,1601"/>
                <Baseline points="333,1641 375,1641 417,1641 459,1642 501,1642 543,1642 585,1642 627,1642 669,1641 711,1641 753,1641 795,1641 837,1641 879,1641 921,1641 963,1642 1005,1642 1047,1643 1089,1643 1131,1644 1174,1645"/>
                <TextEquiv>
                    <Unicode>erroneae sententiae, qualis est illa quum aint, </Unicode>
                </TextEquiv>
            </TextLine>
            <TextLine id="r1l35" custom="readingOrder {index:32;}">
                <Coords points="328,1711 1170,1701 1170,1668 1125,1657 328,1666"/>
                <Baseline points="333,1689 374,1689 416,1689 457,1690 499,1690 540,1690 582,1690 623,1690 665,1690 706,1690 748,1690 790,1690 831,1690 873,1690 914,1690 956,1690 997,1690 1039,1691 1080,1691 1122,1692 1164,1692"/>
                <TextEquiv>
                    <Unicode>concedi posse Filium esse sapientem sapientia in¬</Unicode>
                </TextEquiv>
            </TextLine>
            <TextLine id="r1l36" custom="readingOrder {index:33;}">
                <Coords points="322,1762 792,1743 1108,1768 1168,1748 1168,1702 322,1712"/>
                <Baseline points="327,1738 368,1738 410,1738 452,1739 494,1739 536,1739 577,1739 619,1739 661,1739 703,1739 745,1739 786,1739 828,1739 870,1740 912,1740 954,1740 995,1740 1037,1741 1079,1741 1121,1741 1163,1742"/>
                <TextEquiv>
                    <Unicode>genita: sed negandum Patrem esse sapientem sa¬</Unicode>
                </TextEquiv>
            </TextLine>
            <TextEquiv>
                <Unicode>alia duo, primum confusio perturbatioque hun¬
ius argumenti &amp; tractationis. Nam quae cap. I
proponitur quaestio, ea statim totis septem ca¬
pitibus interiectis abrumpitur, deinde repeti¬
tur, vt ex ipso Distinctionis artificio a nobis ad¬
dito facile quiuis intelliget.. Secundum autem 
vitium ex duobus posterioribus in eo est, quod
a capite sexto ad finem vsque Distinctionis, id
est, per tria capita integra (vbi difficillima illa
quaestio tractatur) neque S. Scripturae autorita¬
te vtitur, quod istius scriptoris perpetuum vi
tium est: neque vllius Patris sententiam affert,
ex qua obscurae illius quaestionis illustratio ali¬
qua siat. Quare quam sit vitiosa tota haec Di¬
stinctio apparet. Neque vero hunnc excusare
potest, quod Augustini vestigia in his quaestio¬
nibus repetendis secutus videtur. Cum enim
Augustinus ipse fateatur, &amp; quidem ingenue
has quaestiones esse inextricabiles, lib. 9. &amp; lib.
IS. capite, septimo Trinitatis, aut omnino prae¬
termittendae erant: aut aliquo modo explican¬
dae. Eo certe valere debuit Augustini admoni
tio, vt iis abstinendum esse saltem intelligeret
Lombardus. Haec est illa difficilis quaestio, lseui ta
men cubito ab isto tractata, vtrum attributa pro¬
pria Deitatis distinguantur Personalibus diffe¬
rentiis, veluti, vtrum dicatur sapientia quaedam 
vel omnipotentia ingenita: quaedam ingenita
in diuinis, quaedam procedens, de qua mox di¬
cturi sumus. Hinc etiam ortae sunt interpre¬
tum, non modo inter se contentiones, sed etiam
erroneae sententiae, qualis est illa quum aint, 
concedi posse Filium esse sapientem sapientia in¬
genita: sed negandum Patrem esse sapientem sa¬</Unicode>
            </TextEquiv>
        </TextRegion>
    </Page>
</PcGts>
