1244 2030
560 112 827 178 CAP. VI
388 171 1066 251 Quomodo improbi haeretici insistant
595 233 852 302 alia addentes.
359 302 1151 377 CAETERVM haereticorum improbitas instin¬
311 347 1148 432 ctu diabolica fraudulentiae excitata, nondum quie¬
310 410 1144 475 scit: sed in tanta rerum quaestione addit. Si pater¬
311 461 1151 524 nitas & filiatio in Deo siue in diuina essentia sunt,
313 505 1153 564 eadem ergo res sibi Pater & Filius. Nam in quo
307 559 1150 623 paternitas est, Pater est: & in quo filiatio est, Filius
313 613 1151 660 est. Si ergo vna eademque res habet in se paternita¬
312 660 1151 718 tem & filiationem, ipsa generat & generatur: quod
317 704 1128 760 dicentes in Sabellianam haeresim pertrahuntur, ex¬
308 754 1139 805 tendentes Patrem in Filium, cum ipsum sibi Filium
318 807 1135 862 proponant & Patrem. Si vero negauerint in vna
314 846 1131 916 Dei essentia paternitatem esse & filiationem, quo¬
312 904 1135 966 modo ergo dicunt esse Deum: His atque alijs ar¬
309 961 1142 1010 gumentorum aculeis vtuntur in suae opinionis asser¬
313 992 914 1070 tionem, vt veritatis formam dissecent.
582 1074 891 1154 CAP. VII
303 1143 1146 1220 Responsio contra hanc eorum oppositionem,
383 1201 1077 1267 vbi traditur proprietates non penitus
454 1249 976 1313 ita esse in Dei essentia, sicut in
571 1294 862 1367 hypostasibus di¬
643 1346 787 1418 cuntur.
357 1397 1129 1480 QDORVM audaciae resistentes atque igno.
309 1468 1132 1514 rantiae prouidentes, audebimus aliquid super hoc lo¬
311 1515 1138 1565 qui. Paternitas & filiatio non ita esse omnino in di¬
316 1565 1143 1623 uina substantia dicuntur, sicut in ipsis hypostasibus:
316 1607 1138 1668 in quibus ita sunt, quod eas determinant, vt ait Ioan¬
305 1656 1141 1714 Damas. Characteristica idiomata sunt, id est, deter¬
305 1705 1150 1780 minatiuae proprietates hypostaseos, & non naturae:
