1244 2030
310 105 1160 184 pie infinita prosequitur, etsi non contingat aliquando,
311 166 1155 226 tamen proficiet prodeundo. a Sed ne te inseras in il¬
315 220 1150 281 lud secretum & arcanum inopinabilis natiuitatus,
310 274 1146 330 ne te immergas, summam intelligentiae comprehen¬
315 326 1152 381 dere praesumens: sed intellige incomprehensibilia esse.
317 365 1148 423 His, aliisque multis euidenter ostenditur nobis nul¬
306 416 1152 476 latenus licere maiestatem perserutari, ius ponere po¬
299 455 924 529 testati, modum circumscribere infinito.
565 548 824 619 CAP. IX
359 607 1091 691 Quibus autoritatibus opinionem suam,
442 672 1001 735 scilicet quod proprietas Patris
539 717 936 785 vel Filij non sit Deus.
620 767 799 825 muniant.
351 828 1135 917 Veruntamen nondum desistunt impatientiae Spi¬
303 896 1142 963 ritu agitati, sed opinionem suam etians Sactorum au¬
312 951 1138 1000 toritatibus munire conantur: quibus ostendere vo¬
311 994 1140 1061 lunt proprietatem qua Pater est Pater, & proprie¬
314 1047 1151 1104 tatem qua Filius est Filius, non esse Deum. Ad hoc
313 1086 1155 1142 inducentes verba Aug. super illum locum Psal. et
307 1146 1148 1203 non est substantia, ita dicentis, Deus enim quaedam
313 1183 1151 1240 substantia est. Vnde etiam in fide Catholica fic aedi¬
310 1244 1152 1291 ficamur, vt dicamus Patrem, & Filium, & Spiritum
301 1293 1142 1354 sanctum vnius esse substantiae. Quid est vnius sub¬
301 1343 1147 1397 stantiae: Quicquid est Pater quod Deus est, hoc est
305 1382 1134 1440 Filius, hoc est Spiritus sanctus. Cum autem Pater
303 1430 1142 1493 est, non illud est quod vel quo est. Pater enim non ad
302 1480 1136 1540 se, sed ad Filium dicitur: ad se autem Deus dici¬
304 1536 1131 1596 tur. Eo igitur quod vel quo Deus est, substantia est.
306 1574 1143 1638 Et quia eiusdem substantiae est Filius, procul dubio
306 1628 1151 1689 Filius est Deus. At uero quod Pater est, quia non
310 1668 1151 1730 substantiae est: sed refertur ad Filium, non sic dicimus
304 1726 1150 1803 Filium Patrem esse, sicut dicimus Filium Deum
