1286 2054
87 131 927 194 esse. Ex his verbis significari dicunt, quod proprie¬
89 188 932 240 tas Patris, vel proprietas Filij non sit Deus vel essen¬
90 226 931 292 tia diuina. Cum enim dicit, eo, quod Deus est, substan¬
89 273 941 338 tia est: sed quod Pater est, substantia non est: aperte
89 331 936 384 inquiunt ostendi id esse substantiam, quo Deus est.
96 373 933 427 id vero quo Pater est, non esse substantiam. Item cum
100 425 938 482 ait, Pater non illud est quod est, ostendis eum non esse
101 476 935 535 Patrem, eo quod substantia est. Non enim simplici¬
98 531 932 582 ter dixit Pater no est illud quod est: sed ait, cum Pa¬
100 571 938 621 ter est, non est illud quod est, significans quo Pater est
95 614 921 681 non esse illud quo est. i. essentiam. Haec illi ita ex
102 663 939 735 ponentes, sua commenta simplicibus & incautis vera
109 713 934 773 videri faciunt. Nos, autem aliter fore ista intelli¬
109 776 927 831 genda dicimus. Dicens enim, eo quod Deus est, sub.
103 810 936 873 stantia est: sed quod Pater est, substantia non est.
116 865 933 923 Hoc intelligi voluit, quia essentia Deus est, & Dei¬
122 907 934 970 tate substantia est. Eo enim substantia est, quo Deus
117 960 922 1017 est: & e conuerso, cuius ea est Deitas quae est substam
121 1010 937 1068 tia, & substantia quae Deitas: sed quod Pater eo non
113 1054 933 1109 est substantia, id est, non quo Pater est, eo substantia
112 1100 939 1159 est, quia proprietate generationis Pater est, qua sub.
101 1152 939 1211 stantia non est. Ipsam tamen proprietatem substan¬
103 1203 946 1260 tiam esse non negauit. Ita etiam illud intelligendum
101 1254 937 1314 est quod ait, Cum Pater est, non illud est quod est, id
111 1304 931 1366 est, non illo Pater est, quod vel quo ipse est,  essen¬
104 1351 356 1418 tia, sed notione.
356 1427 583 1506 CAP. X.
102 1497 891 1585 Aliis etiam verbis Augustini vtuntur vt asse¬
184 1571 844 1629 rant quod dicut, scilicet proprietates
269 1610 745 1683 Personarum non esse Dei
359 1657 602 1736 substantiam.
154 1730 929 1808 TTEM illis verbis August ini vehemente.
