1242 2032
138 99 936 182 2 Imperspicabile lumen. Hic sensum com¬
84 178 928 231 mutat Lombardus ex dispunctione perperam
90 223 919 281 adhibita. Sic igitur Hilarius, Verborum signisi
92 268 929 333 cantiam rei ipsius natura consumit, sensus contem¬
85 311 921 378 plationem imperspicabile lumen obcaecat: intelli¬
85 376 923 429 gentiae capacitatem, quiquid fine nullo extenditur,
93 414 235 477 excedit.
201 467 931 528 Mibi vero. Addit ista lombardus vsque
94 504 931 570 ad verba, Vt vltra praefinitionem Dei, &c. Sic
93 564 920 626 quam crudeliter mutilatus sit hic locus appa¬
95 610 917 664 ret. Dionvsius libro primo de Diuinis Nomi¬
92 655 926 723 nibus, & capite secundo de Coelesti Hierach.
95 701 928 758 hunc Hilarij locum est imitatus. Fuit enim
93 748 919 804 Dionysius aetate posterior Hilario, & Damasce¬
95 801 930 857 nus quaestione libro primo de Orthodoxa fi¬
104 847 306 915 de capite I.
273 902 724 1003 AD CAP. VIII
209 985 925 1055 Absolute tamen. Totus hic Hilarij locus
97 1048 916 1102 ab isto velut σορὸν tantum φαφμακον, & uρuoquνeδον
98 1095 923 1151 affertur, cum neque in pari argumento verse¬
93 1143 926 1191 tur Hilarius: neque obiectione aduersus suam
92 1191 920 1249 illam sententiam, Proprietates sunt essentia diui¬
87 1236 929 1289 na, iste diluere possit, quoniam ista obiectio ve¬
89 1288 923 1338 ra est, sententia vero Lombardi falsa prorsus.
89 1336 929 1383 Sed & hic locus varie ab eodem isto vulnera¬
84 1382 925 1434 tus est, quibusdam additis, aliis detractis, aliis
87 1430 926 1479 & in verbis, & in serie ipsa transpositis, aut
82 1475 923 1535 commutatis: sed ne calumniari videamur, haec sin¬
77 1528 920 1589 gulatim annotabimus. Primum igitur hoc to¬
86 1585 913 1638 tum est ad Hilarium additum, Absolute autem
80 1624 909 1675 intelligendus est Pater, & Filius, & Spiritus san¬
73 1667 913 1726 ctus. In quo vel falso, vel barbarissime iste lo¬
82 1721 921 1800 quitur, qui dicat Patre absolute intelligendum
