1259 2034
100 102 951 172 aut potius quae in hac Distinctione annotanda
99 161 951 215 sunt vitia: sed nos e multis captim pauca sele¬
98 211 900 265 gimus, ne nimium defatigaremus lectorem:
160 256 955 319 Primum igitur tres continuae Distinctiones
105 300 950 359 istae, nimirum 22. 88. & quae sequitur 94, sunt in¬
101 359 951 417 extricabilitatum, vel inextricabilium quaestio¬
106 404 939 466 num (ut iste & vocat, & fatetur cap. 8. & 8.) tra¬
100 448 944 515 ctatus inutilissimi, ac (velut animorum potius
106 496 948 557 cruces, quam conscientiarum pabulum) omnino
105 544 947 612 praetermittendi. Quid enim de Deo inutiliter
102 605 939 659 dici debet, & quod non ad aedificationem Eccle¬
102 639 937 693 siae pertineate Verum quae iste proponit, nec ex¬
105 695 942 745 plicari, nec intelligi posse ipsemet confitetur.
108 744 941 807 Tῆς δε υλῆς vωσημα εςς, ait Basilius, το κόκως και σει¬
105 781 444 850 ξρνως ζηrετ Nεl Oεν.
157 825 944 906 Cur igitur haec Lombardus affert, quae scit
112 870 940 951 neque a se exponi, neque ab aliis intelligi posse¬
112 926 937 992 Haec igitur est δξαδεατριξς, quam Paulus con¬
115 977 938 1050 dennat t. Timott. 6. ver. 8. Itaque hic merito lo¬
107 1026 937 1081 cum habet illud. Hieronymi quae eum ratio copellebat
102 1080 917 1136 inde inter populos disputare, vnde nemoquaerebat.
152 1117 926 1179 Secundum, quae hic tractat Lombardus, taedio
106 1165 936 1226 sa ac molesta tantum repetitio est corum, quae su¬
103 1225 941 1284 perioribus Distin. 8. 28. 26 & 37, millies fere ia
104 1274 943 1322 dicta sunt, quemadmodum tum ex ipsa collatione
100 1320 937 1381 Distinctionu intelligi potest: tum etiam ex istius
104 1372 933 1418 Dist. cap. I. &. 2. & ex marginalibus annotatio¬
98 1408 905 1484 nibus collig id est κφαμόι δe δiς δξατ δεμονη, δῶνατῶς.
146 1462 947 1528 Tertium, pernitiosum omniuo est ei, qui tradit
99 1508 938 1566 dogmata fidei Christianae, praesertimque κupεας
106 1562 928 1624 δῶξας (quales hic istas suas sententas videri vult
105 1609 944 1669 in hoc argumento Academico more sic agere, &
107 1649 941 1723 in vtraque partem disputare quemadmodum Anto¬
107 1708 940 1780 nis Sadeel in praefatino loci comunis de Verto
