1285 2038
184 102 888 183 AD DISTINCT. III
394 169 633 248 CAP. I.
449 260 575 324 collatio.
151 306 955 368 I Per creaturam. Manifesta primum pul¬
107 360 947 414 cherrimi loci deprauatio, quod κτον του κοσμςυ
111 406 949 468 (qua phrasi ex Hebraeorum idiotismo, Paulus
111 458 939 516 vniuersum hunc mundum complexus est)ad so
102 501 943 565 lum hominem hic restringit. Na quod παοα κπῶς,
103 555 943 608 id est, omnis creatura, apud Marcum cap. IG. V.Is
109 608 938 667 pro hominibus solum sumitur, idcirco fit quo id
103 655 938 697 requirit loci illius argumentum & tractatio. A¬
101 696 938 754 gitur enim de praedicatione Euancelij, quae non
107 733 935 804 nisi hominibus & κοκαῖς κπνεων, id est, ratione
114 795 934 850 vtentibus creaturis fieri potest, ac debet. Hic
107 839 932 888 autem Pauli locus alio spectat, nempe reddi ho¬
103 888 935 945 mines ipsos, qui Deum ignorant, inexcusabiles,
103 944 915 1003 quod ex reb) coditis (veluti e coelo, & pulcher
103 990 935 1044 rimis, quae in eo sunt, svderibus, e terra, & vario
101 1039 925 1096 terrae ornatu) Deus cognosci potuit. Ergo un¬
111 1087 932 1141 οις τό κὸσμον perinde sonat, atque mundus ipse con¬
105 1133 924 1189 ditus: & de toto mundo, ac singulis illius parti¬
102 1173 938 1235 bus intelligitur, quae sunt nobis &ψευςα Ie δεαἰτον
98 1222 937 1271 σεὸν argumenta. Deinde altera est eiusdem loci
101 1265 929 1337 labes, quod κτισμς τῶ κὸσμον apud Paulum passiue
97 1321 932 1385 sumuntur pro rebus ipsis seu condito mundo,
106 1369 933 1421 ex quo intelligitur aliquem esse Deum. Hic vero
101 1409 924 1486 sumit actiue pro homine ipso intelligente. Na il
95 1462 935 1512 lud Per barbare redditu Proamo non rem ipsa, quae
95 1510 932 1572 agit, significat: sed instrumentum potius, per quod
102 1559 929 1615 agimus & percipims, vti praeclare explicatur in
98 1609 932 1670 eodem argumeto lob. 2O. V. 2S. Sap. I2. V. I. & g. Id
110 1667 933 1722 quod etia ex 2. M. Tullij lib. de Nat. deorum appa
106 1704 933 1761 ret, ex mundi nimirum huius cospectu intelligere
