<?xml version="1.0" encoding="UTF-8" standalone="yes"?>
<PcGts xmlns="http://schema.primaresearch.org/PAGE/gts/pagecontent/2013-07-15" xmlns:xsi="http://www.w3.org/2001/XMLSchema-instance" xsi:schemaLocation="http://schema.primaresearch.org/PAGE/gts/pagecontent/2013-07-15 http://schema.primaresearch.org/PAGE/gts/pagecontent/2013-07-15/pagecontent.xsd">
    <Metadata>
        <Creator>prov=University of Rostock/Institute of Mathematics/CITlab|PLANET AI GmbH/Gundram Leifert/gundram.leifert@planet-ai.de:name=Geneva1580-m2(htr_id=30020)::::v=2.6.7
prov=University of Rostock/Institute of Mathematics/CITlab|PLANET AI GmbH/Tobias Gruening/tobias.gruening@planet-ai.de:name=de.uros.citlab.module.baseline2polygon.B2PSeamMultiOriented:v=2.6.7
prov=University of Rostock/Institute of Mathematics/CITlab|PLANET AI GmbH/Tobias Gruening/tobias.gruening@planet-ai.de:name=/net_tf/LA73_249_0mod360.pb:de.uros.citlab.segmentation.CITlab_LA_ML:v=2.6.6
Transkribus</Creator>
        <Created>2021-01-20T13:57:00.652+01:00</Created>
        <LastChange>2021-02-10T16:17:30.881+01:00</LastChange>
        <TranskribusMetadata docId="576385" pageId="23672525" pageNr="652" tsid="52354050" status="IN_PROGRESS" userId="25065" imgUrl="https://files.transkribus.eu/Get?id=UFFKOMQITHJJZWIUFDZWZOVH&amp;fileType=view" xmlUrl="https://files.transkribus.eu/Get?id=PQVMSBKKJZAHFILWMRINCDJE" imageId="18181335"/>
    </Metadata>
    <Page imageFilename="651.jpg" imageWidth="1236" imageHeight="2034">
        <ReadingOrder>
            <OrderedGroup id="ro_1612986058283" caption="Regions reading order">
                <RegionRefIndexed index="0" regionRef="r2"/>
            </OrderedGroup>
        </ReadingOrder>
        <TextRegion orientation="0.0" id="r2" custom="readingOrder {index:0;}">
            <Coords points="303,46 303,1808 1153,1808 1153,46"/>
            <TextLine id="r2l3" custom="readingOrder {index:0;}">
                <Coords points="316,143 1157,152 1157,109 1077,97 529,114 422,89 346,115 316,92"/>
                <Baseline points="321,134 362,135 404,135 445,136 487,136 528,137 570,137 611,138 653,138 694,139 736,139 778,140 819,140 861,141 902,141 944,142 985,143 1027,143 1068,144 1110,145 1152,145"/>
                <TextEquiv>
                    <Unicode>haeretici dogmatia, auerunt non idem esse Personam </Unicode>
                </TextEquiv>
            </TextLine>
            <TextLine id="r2l4" custom="readingOrder {index:1;}">
                <Coords points="323,199 1152,213 1152,172 1073,155 324,154"/>
                <Baseline points="329,183 369,184 410,185 451,185 492,186 533,186 574,187 615,187 656,188 697,188 738,189 778,189 819,190 860,190 901,191 942,191 983,192 1024,192 1065,193 1106,194 1147,194"/>
                <TextEquiv>
                    <Unicode>&amp;naturam Dei, asserentes naturam Dei non esse tres</Unicode>
                </TextEquiv>
            </TextLine>
            <TextLine id="r2l5" custom="readingOrder {index:2;}">
                <Coords points="317,248 948,264 1148,248 1149,210 317,202"/>
                <Baseline points="322,233 363,233 404,234 445,234 486,235 527,235 568,236 609,236 650,237 691,237 732,238 773,238 814,239 855,239 896,240 937,240 978,240 1019,241 1060,241 1101,242 1143,242"/>
                <TextEquiv>
                    <Unicode>Personas, intelligentes in his praemissis verbis Hila¬</Unicode>
                </TextEquiv>
            </TextLine>
            <TextLine id="r2l6" custom="readingOrder {index:3;}">
                <Coords points="319,305 1158,303 1159,262 320,256"/>
                <Baseline points="325,282 366,282 407,282 449,283 490,283 532,284 573,284 614,285 656,286 697,286 739,287 780,288 821,288 863,289 904,289 946,290 987,290 1028,290 1070,290 1111,290 1153,290"/>
                <TextEquiv>
                    <Unicode>rij per rem naturae Personam, &amp; nomine naturae di¬</Unicode>
                </TextEquiv>
            </TextLine>
            <TextLine id="r2l7" custom="readingOrder {index:4;}">
                <Coords points="318,349 1108,355 1147,314 318,304"/>
                <Baseline points="323,330 363,331 404,331 445,331 486,332 527,332 568,333 609,334 650,334 691,335 732,335 772,336 813,336 854,337 895,337 936,337 977,338 1018,338 1059,338 1100,339 1141,339"/>
                <TextEquiv>
                    <Unicode>uinam naturam. Ei ideo dicunt Hilarium interro-</Unicode>
                </TextEquiv>
            </TextLine>
            <TextLine id="r2l8" custom="readingOrder {index:5;}">
                <Coords points="308,402 568,380 678,405 1108,408 1148,387 1149,350 309,353"/>
                <Baseline points="313,381 354,381 396,381 437,381 479,381 520,382 562,382 603,383 645,383 686,384 728,384 769,385 811,385 852,386 894,386 935,387 977,387 1018,387 1060,388 1101,388 1143,388"/>
                <TextEquiv>
                    <Unicode>gasse haereticum, vtrum per Spiritum Dei putaret si¬</Unicode>
                </TextEquiv>
            </TextLine>
            <TextLine id="r2l9" custom="readingOrder {index:6;}">
                <Coords points="305,448 920,439 1090,461 1140,453 1141,413 306,405"/>
                <Baseline points="311,430 352,430 393,430 434,430 475,430 517,430 558,430 599,431 640,431 681,432 723,432 764,433 805,433 846,434 887,435 929,435 970,436 1011,436 1052,437 1093,437 1135,438"/>
                <TextEquiv>
                    <Unicode>gnificatam esse naturam, an rem naturae: vt sic osten¬</Unicode>
                </TextEquiv>
            </TextLine>
            <TextLine id="r2l10" custom="readingOrder {index:7;}">
                <Coords points="302,501 1035,507 1138,495 1139,452 966,468 415,436 303,460"/>
                <Baseline points="308,479 349,478 390,478 431,478 473,478 514,478 555,479 596,480 638,480 679,481 720,482 761,482 803,483 844,484 885,485 926,486 968,486 1009,487 1050,487 1091,487 1133,487"/>
                <TextEquiv>
                    <Unicode>deret distinguendum esse inter naturam, &amp; rem na¬</Unicode>
                </TextEquiv>
            </TextLine>
            <TextLine id="r2l11" custom="readingOrder {index:8;}">
                <Coords points="302,536 383,555 433,539 476,548 491,536 547,559 571,539 660,539 660,504 607,508 551,487 528,502 464,490 446,502 422,488 377,504 337,491 302,501"/>
                <Baseline points="307,529 333,528 360,527 387,527 414,526 440,526 467,526 494,527 521,527 547,527 574,528 601,529 628,529 655,530"/>
                <TextEquiv>
                    <Unicode>turae, id est, Personam.</Unicode>
                </TextEquiv>
            </TextLine>
            <TextLine id="line_1612456466901_26" custom="readingOrder {index:9;}">
                <Coords points="537,609 650,616 696,597 731,613 791,616 792,569 746,545 694,566 670,549 651,561 617,562 599,551 583,566 563,553 539,559"/>
                <Baseline points="543,602 572,601 601,602 630,602 659,604 716,606 751,606 786,604"/>
                <TextEquiv>
                    <Unicode>CAP. II</Unicode>
                </TextEquiv>
            </TextLine>
            <TextLine id="r2l15" custom="readingOrder {index:10;}">
                <Coords points="305,681 1137,680 1137,647 1050,623 305,623"/>
                <Baseline points="310,659 351,659 392,659 433,659 474,660 515,660 556,661 597,661 638,662 679,662 720,663 761,663 802,664 843,664 884,664 925,665 966,665 1007,665 1048,665 1089,665 1131,665"/>
                <TextEquiv>
                    <Unicode>Hic docet quomodo eis obuiat ipsius Scriptu¬</Unicode>
                </TextEquiv>
            </TextLine>
            <TextLine id="r2l16" custom="readingOrder {index:11;}">
                <Coords points="347,718 1062,736 1091,721 1092,681 347,681"/>
                <Baseline points="352,709 388,709 425,709 462,709 498,709 535,710 572,710 608,710 645,711 682,711 719,712 755,712 792,713 829,713 865,713 902,713 939,714 975,713 1012,713 1049,713 1086,712"/>
                <TextEquiv>
                    <Unicode>rae circunstantia, &amp; qualiter praedictaintel¬</Unicode>
                </TextEquiv>
            </TextLine>
            <TextLine id="r2l17" custom="readingOrder {index:12;}">
                <Coords points="411,767 440,783 471,760 681,785 855,765 1038,777 1038,736 999,723 836,738 761,722 715,742 412,719"/>
                <Baseline points="417,755 447,756 478,757 509,757 540,758 570,758 601,759 632,759 663,760 693,760 724,760 755,760 786,760 816,761 847,761 878,761 909,761 939,761 970,761 1001,761 1032,761"/>
                <TextEquiv>
                    <Unicode>ligi debeant: &amp; quod Spiritus sanctus</Unicode>
                </TextEquiv>
            </TextLine>
            <TextLine id="r2l18" custom="readingOrder {index:13;}">
                <Coords points="461,823 546,813 565,829 616,811 993,826 993,783 955,769 911,788 829,771 682,786 461,765"/>
                <Baseline points="466,805 492,805 518,806 544,806 570,807 596,807 622,807 648,808 674,808 700,808 727,808 753,809 779,809 805,809 831,809 857,809 883,809 909,809 935,809 961,809 988,809"/>
                <TextEquiv>
                    <Unicode>est res vnius naturae Patris &amp; </Unicode>
                </TextEquiv>
            </TextLine>
            <TextLine id="r2l19" custom="readingOrder {index:14;}">
                <Coords points="582,870 634,882 703,860 747,878 763,868 805,884 819,871 857,865 857,816 760,815 726,831 699,816 681,828 633,814 582,816"/>
                <Baseline points="587,855 613,855 639,856 666,856 692,857 719,857 745,857 771,857 798,857 824,856 851,855"/>
                <TextEquiv>
                    <Unicode>Filij, &amp; est ipsa</Unicode>
                </TextEquiv>
            </TextLine>
            <TextLine id="r2l20" custom="readingOrder {index:15;}">
                <Coords points="650,925 689,924 705,917 769,924 779,913 786,913 786,872 771,876 759,868 742,880 725,875 710,881 690,876 682,880 669,875 650,881"/>
                <Baseline points="656,906 687,906 718,906 749,906 780,906"/>
                <TextEquiv>
                    <Unicode>natura.</Unicode>
                </TextEquiv>
            </TextLine>
            <TextLine id="r2l21" custom="readingOrder {index:16;}">
                <Coords points="352,972 1045,988 1136,966 1137,924 1078,914 1027,947 914,913 789,942 352,910"/>
                <Baseline points="357,962 395,962 434,962 473,962 511,962 550,963 589,963 627,963 666,964 705,965 744,965 782,966 821,966 860,967 898,967 937,967 976,968 1014,968 1053,968 1092,968 1131,967"/>
                <TextEquiv>
                    <Unicode>HOC quidem dicunt, non intelligentes pia di¬</Unicode>
                </TextEquiv>
            </TextLine>
            <TextLine id="r2l22" custom="readingOrder {index:17;}">
                <Coords points="311,1027 1140,1032 1140,993 1062,975 1012,996 504,990 312,965"/>
                <Baseline points="317,1010 357,1010 398,1011 439,1011 480,1011 521,1012 562,1012 603,1013 644,1013 685,1013 726,1014 766,1014 807,1015 848,1015 889,1015 930,1015 971,1016 1012,1016 1053,1016 1094,1016 1135,1015"/>
                <TextEquiv>
                    <Unicode>ligentia Scripturae circunstantiam: qua considerata</Unicode>
                </TextEquiv>
            </TextLine>
            <TextLine id="r2l23" custom="readingOrder {index:18;}">
                <Coords points="310,1080 1144,1077 1122,1029 310,1027"/>
                <Baseline points="315,1059 356,1059 397,1059 438,1059 479,1060 521,1060 562,1060 603,1061 644,1061 685,1061 727,1062 768,1062 809,1063 850,1063 891,1063 933,1064 974,1064 1015,1065 1056,1065 1097,1065 1139,1066"/>
                <TextEquiv>
                    <Unicode>percipi potest quomodo praemissa dixerit Hilarius.</Unicode>
                </TextEquiv>
            </TextLine>
            <TextLine id="r2l24" custom="readingOrder {index:19;}">
                <Coords points="305,1115 1146,1132 1129,1072 306,1083"/>
                <Baseline points="311,1109 352,1108 394,1108 435,1108 477,1108 518,1109 560,1109 601,1109 643,1110 684,1110 726,1111 767,1111 809,1112 850,1112 892,1113 933,1113 975,1113 1016,1114 1058,1114 1099,1114 1141,1114"/>
                <TextEquiv>
                    <Unicode>Subsequenter enim in eadem serie ostendit in Spiritu</Unicode>
                </TextEquiv>
            </TextLine>
            <TextLine id="r2l25" custom="readingOrder {index:20;}">
                <Coords points="309,1168 1147,1172 1147,1138 1039,1124 310,1120"/>
                <Baseline points="315,1156 356,1156 397,1156 439,1157 480,1157 521,1157 563,1158 604,1158 645,1158 687,1159 728,1159 769,1160 811,1160 852,1161 893,1161 935,1162 976,1162 1017,1162 1059,1163 1100,1163 1142,1163"/>
                <TextEquiv>
                    <Unicode>Dei aliquando sionificari Patrem: vt cum dicitur.</Unicode>
                </TextEquiv>
            </TextLine>
            <TextLine id="r2l26" custom="readingOrder {index:21;}">
                <Coords points="307,1218 1140,1222 1133,1175 308,1170"/>
                <Baseline points="313,1205 354,1205 395,1205 436,1206 477,1206 518,1206 559,1206 600,1207 641,1207 682,1208 724,1208 765,1209 806,1209 847,1210 888,1210 929,1211 970,1211 1011,1211 1052,1212 1093,1212 1135,1213"/>
                <TextEquiv>
                    <Unicode>Spiritus Domini super me. Aliquando significari Fi</Unicode>
                </TextEquiv>
            </TextLine>
            <TextLine id="r2l27" custom="readingOrder {index:22;}">
                <Coords points="302,1258 1141,1278 1141,1231 1104,1224 302,1227"/>
                <Baseline points="307,1253 348,1253 389,1254 431,1254 472,1255 514,1255 555,1255 596,1256 638,1256 679,1257 721,1257 762,1257 803,1258 845,1258 886,1259 928,1259 969,1260 1010,1260 1052,1261 1093,1262 1135,1262"/>
                <TextEquiv>
                    <Unicode>lium: vt cum dicitur, In Spiritum Dei eticio daemonia,</Unicode>
                </TextEquiv>
            </TextLine>
            <TextLine id="r2l28" custom="readingOrder {index:23;}">
                <Coords points="310,1314 1141,1315 1141,1278 1025,1270 310,1277"/>
                <Baseline points="315,1302 356,1302 397,1302 438,1303 479,1303 520,1303 561,1304 602,1304 643,1305 684,1305 725,1306 766,1306 807,1307 848,1308 889,1308 930,1308 971,1309 1012,1309 1053,1310 1094,1310 1135,1310"/>
                <TextEquiv>
                    <Unicode>naturae suae potestate se daemones eiicere demostrans.</Unicode>
                </TextEquiv>
            </TextLine>
            <TextLine id="r2l29" custom="readingOrder {index:24;}">
                <Coords points="313,1362 1116,1378 1140,1373 1141,1314 1068,1336 1041,1316 375,1312 313,1334"/>
                <Baseline points="318,1351 358,1351 399,1351 440,1351 481,1351 522,1351 563,1352 603,1353 644,1353 685,1354 726,1355 767,1355 808,1356 849,1357 889,1357 930,1358 971,1358 1012,1358 1053,1358 1094,1358 1135,1358"/>
                <TextEquiv>
                    <Unicode>Aliquando Spiritum sanctum: vt ibi, Effundam de</Unicode>
                </TextEquiv>
            </TextLine>
            <TextLine id="r2l30" custom="readingOrder {index:25;}">
                <Coords points="310,1412 793,1406 930,1431 1135,1408 1125,1374 1016,1363 858,1385 311,1362"/>
                <Baseline points="315,1400 355,1400 396,1400 437,1400 477,1400 518,1400 559,1401 599,1401 640,1402 681,1402 722,1403 762,1404 803,1404 844,1405 884,1406 925,1406 966,1406 1006,1407 1047,1407 1088,1407 1129,1406"/>
                <TextEquiv>
                    <Unicode>Spiritu meo super omnem camem. Quod dicit con¬</Unicode>
                </TextEquiv>
            </TextLine>
            <TextLine id="r2l31" custom="readingOrder {index:26;}">
                <Coords points="297,1464 1135,1473 1128,1407 1072,1433 298,1412"/>
                <Baseline points="303,1450 344,1449 385,1449 427,1449 468,1449 509,1449 551,1449 592,1450 633,1451 675,1452 716,1452 757,1453 799,1454 840,1454 881,1455 923,1455 964,1455 1005,1455 1047,1455 1088,1454 1130,1453"/>
                <TextEquiv>
                    <Unicode>summatum fuisse, cum Apostoli Spiritu sancto misso</Unicode>
                </TextEquiv>
            </TextLine>
            <TextLine id="r2l32" custom="readingOrder {index:27;}">
                <Coords points="303,1501 578,1527 780,1501 1074,1528 1126,1505 1098,1470 971,1458 304,1473"/>
                <Baseline points="309,1496 349,1496 390,1497 430,1497 471,1497 512,1498 552,1498 593,1499 633,1499 674,1500 715,1501 755,1501 796,1502 836,1502 877,1503 918,1503 958,1503 999,1503 1039,1503 1080,1502 1121,1502"/>
                <TextEquiv>
                    <Unicode>omnibus linguis locuti sunt. Deinde quare hanc Di¬</Unicode>
                </TextEquiv>
            </TextLine>
            <TextLine id="r2l33" custom="readingOrder {index:28;}">
                <Coords points="298,1562 1052,1568 1136,1559 1136,1517 298,1519"/>
                <Baseline points="303,1546 344,1546 385,1546 427,1546 468,1546 509,1546 551,1547 592,1547 633,1548 675,1549 716,1549 757,1550 799,1551 840,1551 881,1552 923,1552 964,1552 1005,1552 1047,1552 1088,1551 1130,1550"/>
                <TextEquiv>
                    <Unicode>stinctione fecerit, &amp; quod in superioribus per verba</Unicode>
                </TextEquiv>
            </TextLine>
            <TextLine id="r2l34" custom="readingOrder {index:29;}">
                <Coords points="312,1600 1143,1610 1126,1557 920,1580 790,1557 312,1565"/>
                <Baseline points="317,1594 358,1594 399,1594 440,1594 481,1594 522,1594 563,1595 604,1596 645,1596 686,1597 727,1598 768,1599 809,1599 850,1600 891,1601 932,1601 973,1601 1014,1601 1055,1601 1096,1600 1137,1600"/>
                <TextEquiv>
                    <Unicode>Apostoli ide Spiritus sanctus significatus sit, &amp; quod</Unicode>
                </TextEquiv>
            </TextLine>
            <TextLine id="r2l35" custom="readingOrder {index:30;}">
                <Coords points="305,1655 1050,1670 1134,1648 1134,1609 958,1629 306,1608"/>
                <Baseline points="311,1642 351,1642 392,1642 433,1642 474,1642 515,1643 556,1643 597,1644 638,1644 679,1645 720,1646 760,1646 801,1647 842,1647 883,1648 924,1648 965,1649 1006,1649 1047,1649 1088,1649 1129,1649"/>
                <TextEquiv>
                    <Unicode>ipse sit res vnius naturae Patris &amp; Filij, aperte oste¬</Unicode>
                </TextEquiv>
            </TextLine>
            <TextLine id="r2l36" custom="readingOrder {index:31;}">
                <Coords points="303,1701 1144,1706 1144,1672 1065,1662 303,1656"/>
                <Baseline points="308,1687 349,1688 391,1689 432,1690 474,1691 515,1692 557,1692 598,1693 640,1694 681,1694 723,1695 765,1695 806,1695 848,1696 889,1696 931,1696 972,1697 1014,1697 1055,1697 1097,1698 1139,1698"/>
                <TextEquiv>
                    <Unicode>dit inquiens ita, Haectidcirco sunt demostrata, vt qua</Unicode>
                </TextEquiv>
            </TextLine>
            <TextLine id="r2l37" custom="readingOrder {index:32;}">
                <Coords points="297,1753 433,1778 514,1746 753,1780 840,1750 952,1781 1145,1757 1145,1716 1043,1701 861,1723 298,1700"/>
                <Baseline points="303,1738 344,1738 386,1739 428,1739 470,1740 512,1741 554,1742 595,1742 637,1743 679,1743 721,1744 763,1745 805,1745 847,1746 888,1746 930,1746 972,1746 1014,1746 1056,1746 1098,1746 1140,1745"/>
                <TextEquiv>
                    <Unicode>cunque parte haeretica falsitas se contulisset, finibus</Unicode>
                </TextEquiv>
            </TextLine>
            <TextEquiv>
                <Unicode>haeretici dogmatia, auerunt non idem esse Personam 
&amp;naturam Dei, asserentes naturam Dei non esse tres
Personas, intelligentes in his praemissis verbis Hila¬
rij per rem naturae Personam, &amp; nomine naturae di¬
uinam naturam. Ei ideo dicunt Hilarium interro-
gasse haereticum, vtrum per Spiritum Dei putaret si¬
gnificatam esse naturam, an rem naturae: vt sic osten¬
deret distinguendum esse inter naturam, &amp; rem na¬
turae, id est, Personam.
CAP. II
Hic docet quomodo eis obuiat ipsius Scriptu¬
rae circunstantia, &amp; qualiter praedictaintel¬
ligi debeant: &amp; quod Spiritus sanctus
est res vnius naturae Patris &amp; 
Filij, &amp; est ipsa
natura.
HOC quidem dicunt, non intelligentes pia di¬
ligentia Scripturae circunstantiam: qua considerata
percipi potest quomodo praemissa dixerit Hilarius.
Subsequenter enim in eadem serie ostendit in Spiritu
Dei aliquando sionificari Patrem: vt cum dicitur.
Spiritus Domini super me. Aliquando significari Fi
lium: vt cum dicitur, In Spiritum Dei eticio daemonia,
naturae suae potestate se daemones eiicere demostrans.
Aliquando Spiritum sanctum: vt ibi, Effundam de
Spiritu meo super omnem camem. Quod dicit con¬
summatum fuisse, cum Apostoli Spiritu sancto misso
omnibus linguis locuti sunt. Deinde quare hanc Di¬
stinctione fecerit, &amp; quod in superioribus per verba
Apostoli ide Spiritus sanctus significatus sit, &amp; quod
ipse sit res vnius naturae Patris &amp; Filij, aperte oste¬
dit inquiens ita, Haectidcirco sunt demostrata, vt qua
cunque parte haeretica falsitas se contulisset, finibus</Unicode>
            </TextEquiv>
        </TextRegion>
    </Page>
</PcGts>
