1246 2035
91 96 913 165 veritatis cocluderetur. Habitat enim in nobis Chri
78 150 921 211 stus, quo habitante habitat Deus : & cum habitat
85 202 925 259 in nobis Spiritus Christi, non aliud habitat quam
90 246 919 315 Spiritus Dei. Quod si per Spiritum sanctum Chri¬
115 313 922 360 is in nobis intelligitur esse, hunc tamen ita Spiritum
119 361 929 411 lei, ut Spiritum Christi, esse noscendum est: & cum
133 397 923 447 enaturam Dei natura ipsa habitat in nobis, in¬
135 443 932 507 erens natura Filij creditur esse a Patre, cum Spi¬
80 495 926 548 ritus sanctus, qui est Spiritus Christi & Spiritus Dei,
84 555 911 597 res naturae demonstretur vnius. Quaero nunc ergo
83 589 911 660 quomodo non ex natura vnum sunt: A Patre pro¬
87 645 922 692 cedit Spiritus veritatis, a Filio mittitur, & a Filio
92 703 923 748 accipit. Sed omnia quae habet Pater, Filij sunt. Id¬
97 734 923 794 circo qui ab eo accipit, Dei Spiritus est, & idem Sp.
97 794 916 851 Christi est. Res naturae Filij est, sed & eadem res &
89 846 907 897 naturae Patris est, & Dei excitatis Christum a mor
100 880 921 937 tuis Spiritus est: & ide Spiritus, Christi est a mortuis
100 937 917 983 excitati. In aliquo differt Christi & Dei natura, ne
96 989 928 1038 eade sit, si praestari potest vt Spiritus qui Dei est, non
92 1035 925 1093 sit etiam Christi. Est ergo in nobis Spiritus Dei, &
88 1083 929 1137 est in nobis Spiritus Christi: & cum Spiritus Christi
87 1125 926 1186 inest, inest Spiritus Dei. Ita cum quod Dei est, &
88 1172 926 1244 Christi est, &, quod Christi est, Dei est: non potest quid
84 1236 936 1284 aliud diuersum Christus esse, quam Deus est. Deus
87 1272 927 1333 igitur Christus est vnus cum Deo Spiritus, secundum
84 1330 919 1379 illud, Ego & Pater vnum sumus. In quo docet ve¬
88 1383 923 1439 ritas vnitatem esse nature, non solitudinem vnionis.
84 1422 931 1479 Ecce si haec verba diligenter attendas, inuenis Spiri¬
91 1473 927 1543 tum sanctum rem naturae dici Patris & Filij: & eun¬
92 1518 928 1573 dem dici esse naturam Dei, vbi dicitur per naturam
97 1562 935 1621 Dei natura ipsa habitat in nobis, si per Spiritum san¬
90 1624 939 1672 ctum Christus est in nobis. Itaque in Trinitate non
91 1670 928 1729 ita distinguendum est inter naturam, & rem naturae.
91 1720 927 1787 sicut in rebus creatis: quia, vt:ait Hilar. comparatio
