1253 2040
125 120 930 182 vtique dicitur propter principium creationis, vel gra¬
134 168 945 230 tiae priuilegium, & creaturae subiectionem vel serui¬
124 220 941 267 tutem. Cum ergo in Trinitate nihil sit creatum vel
128 259 945 316 seruiens vel subiectum, non admisit fides in Trinita¬
124 313 949 365 te talem locutionis modum. Iia etiam e conuerso non
130 365 934 426 dicitur de Dei essentia, quod ipsa sit essentia Abra¬
132 405 933 473 ham, Isaac, & lacob, vel alicuius creaturae: necrea
131 462 897 518 toris & creaturae naturam confundere videamur,
369 541 623 615 CAP. VI
135 606 942 673 Quod licet potentia, sapientia, bonitas de Deo
179 665 882 733 secundum substantiam dicantur in Scri¬
252 719 835 784 ptura: tamen solent haec nomina
310 766 757 831 distincte ad Personas in¬
402 817 677 881 terdum referri.
179 884 958 949 EX praedictis constat quod sicut essentia, ita
126 930 924 1000 potentia, sapientia, bonitas de Deo dicuntur secun
130 970 935 1038 dum substantiam. Quae autem secundum substantia
130 1021 934 1094 de Deo dicuntur, tribus Personis pariter conueniunt.
130 1072 932 1141 Vna est ergo potentia, sapientia, bonitas Patris &
134 1124 944 1190 Filij, & Spiritus sancti: & hi tres eadem potentia,
130 1187 952 1240 eadem sapientia, eadem bonitas. Vnde aperitur in
139 1220 953 1291 Trinitate summa esse perfectio. Si enim ibi deesset
126 1272 956 1338 potentia, vel sapientia, vel bonitas, non esset summum
136 1325 944 1393 bonum. Sed quia ibi est perfecta potentia, in finita sa¬
126 1373 951 1431 pientia, incomprehensibilis bonitas, recte dicitur &
134 1416 955 1487 creditur summum bonum. Cumque unum & idem
131 1462 948 1529 penitus sit in Deo potentia, sapientia, bonitas: in sa¬
138 1513 958 1580 cra tamen Scriptura frequenter solent haec nomina
138 1571 949 1631 distincte ad Personas referri, vt Patri potentia, Filic
139 1624 961 1687 sapientia, Spiritui sancto bonitas attribuatur, quod
141 1659 720 1727 quare fiat, non est otiosum inquirere.
