1235 2034
543 103 823 193 CAP. VII
351 170 1067 256 Quare id fiat scilicet, quod Patri poten¬
488 237 929 304 tia, Filio sapientia attri¬
619 288 757 360 buatur.
345 346 1128 423 ID ergo sacri eloquij prudentia sucere curauit
303 416 1133 468 ne Dei immensitatem similitudinem creaturae meti¬
301 455 1144 513 remur. Dixerat enim Scriptura sacra, quia Deus
310 505 1136 555 Pater est, & quod Deus Filius est: & audiuit hoc
304 558 1140 608 homo qui hominem Patrem viderat, Deum Patrem
295 615 1138 659 non viderat: cogitare coepit ita esse in creatore vt
297 652 1132 712 viderat esse in creaturis, a quibus haec nomina trans¬
299 698 1126 757 lata sunt ad creatorem: in quibus Pater est prior Fi¬
301 754 1117 799 lio, Filius est posterior Patre: & ex antiquitate in
297 800 1115 859 Patre defectu, ex posteritate in Filio imperfectiosen¬
301 849 1115 908 sus solet notari. Ideo occurrit Scriptura dicens Pa¬
294 902 1123 948 trem potentem, ne videatur prior Filio, & ideo mi¬
291 943 1126 1016 nus potens: & Filium sapientem, ne videatur poste¬
288 994 841 1063 rior Patre, & ideo minus sapiens.
521 1067 843 1153 CAP. VIII
425 1155 970 1239 Quare Spiritui sancto bonitas
582 1209 808 1280 attribuatur.
338 1270 1141 1350 DICTVS est etiam Spiritus sanctus Deus,
300 1331 1132 1393 & dictus est habere Spiritum Deus : & videbatur hoc
299 1388 1136 1442 quasi nomen infiationis & tumoris, Vnde humana
297 1433 1126 1500 conscientia ad Deum pro rigore & crudelitate ac¬
301 1477 1121 1541 cedere metuit. Ideoque Scriptura temperauitser¬
303 1525 1127 1594 monem suum, Spiritum bonum nominans, ne crude¬
299 1576 1131 1637 lis putaretur qui mitis erat: non quod Pater solus sit
304 1627 1145 1690 potens vel magis potens, & Filius solus saptens vel
303 1680 1141 1736 magis sapiens, & Spiritus sanctus solus bonus vel ma¬
292 1724 1143 1801 gis bonus. Vna est ergo potentia, sapientia, bonitas
