1390 2023
427 75 1259 154 omnes homines, quantumuis verbi diuini ignaros,
424 139 1254 196 aliquem esse Deum. Ergo hic duplex error in
424 200 1250 253 citando Pauli loco admissus est: quem nos (quo¬
417 240 1253 298 niam obscurus est, & in eundem locum iste ip¬
422 288 1250 349 se hoc eodem capite bis impingit) recitamus.
420 330 1257 388 Sic igitur habet: τα ταοξατα αυτούατῳ κτινεως κo¬
418 376 1256 438 σμον Cτυiς πτονημασι νοξμλυα νάπoξατυι, vτe αiδoς αVreῳ
416 424 1252 483 δῶνωάμῆς, και πειOτυς ῶς το ἐενωι ωυroς δωτολνῆroiς. Id
424 475 1249 524 est, Ipsius enim inuisibilia, dum ex rebusconditis in¬
416 535 1256 588 telliguntur, ex creatione mundi perspiciuntur, aeter¬
415 569 1251 635 na videlicet eius tum potentia, tum diuinitas: ad hoc
427 622 820 685 vt ipsi sint inexcusabiles.
464 666 1261 732 2 Visibiles & inuisibiles. Inepte profecto si¬
422 723 1258 769 ue mente, siue verba Pauli spectes addita est vox
416 769 1257 824 lnuisibiles a Lombardo. Paulus habet duntauat,
422 813 1251 868 ἐκ τυς κνισεως κνόμου, & ποιημασι, id est, ἐκ τῶν SMeno¬
415 869 1253 920 μλῶν, vt interpretatur Apostolus ad Hebraeos,
420 921 1256 969 cap. II. Versi, tertio: nec addidit Paulus ἐκ τῶν do¬
428 955 1256 1009 φἀτυν, aut ἐκ μι φαινσμενων, id est, ex inuisibilibus
416 1003 1258 1058 Dei operib: inuisibilia Dei cognosci. Sed & ab
421 1054 1262 1111 Ambrosio ipso satis refutatur Lombardus, quem
416 1108 1254 1155 tamen sequenti capite laudat. Habet enim Am
425 1149 1256 1205 brosius: Deus, qui natura est inuisibilis, vt etiam
416 1195 1242 1266 a visibilibus posset sciri, opus fecit quod opificem vi¬
424 1242 842 1300 sibilitate sua manifestauit.
466 1279 1258 1345 Ad sensum autem Apostoli quod attinet, o¬
414 1343 1254 1406 mnino praeter institutum & sensum Pauli pu¬
420 1389 1259 1447 tat Lombardus homines intellexisse opera Dei
417 1436 1253 1485 inuisibilia per alia inuisibilia. Praeterea fallitur
412 1491 1249 1549 iste, qui per illa visibilia Dei opera putat agni¬
420 1531 1251 1585 tam fuisse ab hominibus non renatis S. Trini¬
420 1587 1249 1640 tatem, aut illius vestigium. Nec enim eo colli¬
421 1630 1255 1681 mat mens Pauli Rom. I. V. 3I, sed id tantum do¬
409 1668 1250 1746 cet, quod est Ps. Ip. ex Sole, Luna, aliisque visibi¬
