1232 2028
293 70 1132 177 quum habitat in nobis ipse Spiritus sanctus, id
293 132 1133 217 quod addidit Hilarius. Sic igitur totum hunc
287 176 1141 277 pulcherrimum Hilarij locum iste corrupit. Vti
292 230 1137 308 intra mutat tempora, & pro habitat, Hilarius
294 276 1127 360 ait, habitet: pro demonstretur, Hilarius, demonstra¬
288 330 1135 405 tur. pro & quod Christi est, Dei est, Hilarius, &
290 384 1135 467 cum quod Christi est, Dei sit, &c. quae sigillatim
300 435 738 520 persequi esset infinitum.
409 460 1135 541 Comparatio terrenorum. Locus Hilarij pul
292 524 1140 599 cherrimus sic habet, Comparatio enim terrenorum
294 570 1136 652 ad Deum nulla est: sed infirmitas nostrae intelligen¬
293 620 1135 695 tiae coegit species quasdam ex inferioribus, tanquam
290 680 1130 754 superiorum indices, quaerere vt rerum familiarium
300 717 1125 797 consuetudine admonente, ex sensus nostri conscientia
300 764 1127 843 ad insoliti sensus opinionem edoceremur. Omnis igi¬
300 826 1130 895 tarcomparatio homini vtilis potius habeatur, quam
303 862 1138 947 Deo apta: quia intelligentia magis significet, quam
307 935 532 1016 expleat, &c.
462 997 891 1093 AD CAP. IIII
418 1102 1153 1182 Homo aut simile. Multa quoque sunt hic
300 1159 1151 1240 a Lombardo commutata, sed exigui momenti.
305 1225 694 1296 itaque condonentur.
430 1231 1155 1332 Non autem corporali modo. Falsa dispun¬
304 1304 1150 1376 Cio reddit totum hunc locum obscurum, quae
312 1352 1147 1430 tamen in omnibus Lombardi codicibus con¬
317 1400 1150 1474 stanter retenta est, & abHilariana tamen diuer¬
319 1451 1148 1525 sa. Ergo pro puncto virgulam substitue sic, vt
319 1496 1154 1570 vbi sua insint, ipse esse intelligatur: non autem Cd
316 1548 1162 1622 est, non tamen) corporali modo, ne cum alicubi sit,
312 1602 786 1684 non & vbique esse credatur.
428 1628 1170 1720 Ad Filium Deus Pater dicitur. Augusti¬
322 1690 1174 1783 nus, vnde iste sumpsit, habet Psal. 68. Nursusque
