1301 2034
366 103 1210 193 speciale effiagitant tractatum: de quibus modo tra¬
367 174 1209 237 ctandum est, id est, de scientia, praescientia, prouide¬
365 221 1211 288 tia, dispositione, praedestinatione, voluntate, & poten¬
366 267 1212 343 tia.S Sciendum est ergo quod Sapientia vel Scien¬
371 310 1207 378 tia Dei, cum sit vna & simplex, tamen propter va¬
375 364 1206 428 rios rerum status & diuersos effectus, plura ac diuer¬
366 423 1205 485 sa sortitur nomina. Dicitur enim non tantum scien¬
370 467 1210 529 tia, sed etiam praescientia vel prouidentia. Et est
376 510 1206 575 scientia siue prouidentia non de futuris tantum, sed
372 575 1201 619 de omnibus: de bonis, scilicet & de malis. DISP o¬
373 609 1200 679 SITIO vero de saciendis. PRAEDESTINA¬
379 672 1198 716 TIO, de omnibus saluandis, & de omnibus bonis:
365 722 1180 783 qui & hic liberantur, & in futuro coronabuntur Prae¬
365 753 1178 808 destinauit enim Deus ab aeterno homines, ad bona e¬
367 799 1185 865 ligendo: & praedestinauit, eis bona praeparando. Quod
374 861 1192 914 homines praedestinauit Apostolus ostendit dices Prae¬
377 904 1191 963 destinauit quos praesciuit fieri conformes imaginis Fi¬
367 947 1197 1013 lij sui: & alibi: Elegit nos ante mundi canstitutione,
373 1010 1203 1061 ut essemus sancti & immaculati. Quod autem bona
374 1051 1195 1103 eis praeparauerit, propheta Esaias ostendit dicens,
381 1096 1196 1166 Oculus non vidit Deus abs te, quae praeparasti dili¬
368 1163 1198 1219 gentibus vel expectantibus te. Ergo ab aeterno prae¬
378 1188 1205 1257 destinauit quosdam futuros bonos & beatos, id est,
374 1248 1207 1312 elegit, vt essent boni & beati: & bona eis praedesti¬
376 1307 1196 1351 nauit, id est, praeparauit. PROVIDENTIA au¬
376 1340 1189 1406 tem est gubernandorum, quae vtique eodem modo vi
375 1384 1199 1454 detur accipi, quo dispositio. Interdum tamen proni¬
375 1431 1194 1514 dentia accipitur pro praescientia. SAPIENXIM
377 1497 1195 1552 uero vel SCIENTIA de omnibus est, scilices ho¬
379 1542 1203 1603 nis & malis, & de praesentibus, praeteritis & futuris:
377 1597 1203 1648 & non tantum de temporalibus, sed etiam de ater¬
370 1630 1205 1697 nis. Non enim ita scit Deus ista temporalia, vt se¬
364 1695 1213 1764 ipsum nesciat: sed ipse solus seipsum perfecte nouit.
