<?xml version="1.0" encoding="UTF-8" standalone="yes"?>
<PcGts xmlns="http://schema.primaresearch.org/PAGE/gts/pagecontent/2013-07-15" xmlns:xsi="http://www.w3.org/2001/XMLSchema-instance" xsi:schemaLocation="http://schema.primaresearch.org/PAGE/gts/pagecontent/2013-07-15 http://schema.primaresearch.org/PAGE/gts/pagecontent/2013-07-15/pagecontent.xsd">
    <Metadata>
        <Creator>prov=University of Rostock/Institute of Mathematics/CITlab|PLANET AI GmbH/Gundram Leifert/gundram.leifert@planet-ai.de:name=Geneva1580-m2(htr_id=30020)::::v=2.6.7
prov=University of Rostock/Institute of Mathematics/CITlab|PLANET AI GmbH/Tobias Gruening/tobias.gruening@planet-ai.de:name=de.uros.citlab.module.baseline2polygon.B2PSeamMultiOriented:v=2.6.7
prov=University of Rostock/Institute of Mathematics/CITlab|PLANET AI GmbH/Tobias Gruening/tobias.gruening@planet-ai.de:name=/net_tf/LA73_249_0mod360.pb:de.uros.citlab.segmentation.CITlab_LA_ML:v=2.6.6
Transkribus</Creator>
        <Created>2021-01-20T13:57:05.943+01:00</Created>
        <LastChange>2021-02-10T16:20:25.737+01:00</LastChange>
        <TranskribusMetadata docId="576385" pageId="23672555" pageNr="667" tsid="52355168" status="IN_PROGRESS" userId="25065" imgUrl="https://files.transkribus.eu/Get?id=IZWRHRVYEZPRKFLPRQJABONT&amp;fileType=view" xmlUrl="https://files.transkribus.eu/Get?id=NIPKEJETWGCUVAEFOIYVRSBT" imageId="18181365"/>
    </Metadata>
    <Page imageFilename="666.jpg" imageWidth="1264" imageHeight="2036">
        <ReadingOrder>
            <OrderedGroup id="ro_1612986061341" caption="Regions reading order">
                <RegionRefIndexed index="0" regionRef="TextRegion_1612456859378_380"/>
            </OrderedGroup>
        </ReadingOrder>
        <TextRegion orientation="0.0" id="TextRegion_1612456859378_380" custom="readingOrder {index:0;}">
            <Coords points="106,71 951,71 951,1812 106,1812"/>
            <TextLine id="line_1612456859423_383" custom="readingOrder {index:0;}">
                <Coords points="102,176 956,172 956,126 839,112 685,135 102,117"/>
                <Baseline points="107,161 149,160 191,160 233,159 276,159 318,158 360,158 403,158 445,158 487,158 530,157 572,157 614,158 656,158 699,158 741,158 783,158 826,158 868,158 910,158 951,158"/>
                <TextEquiv>
                    <Unicode>cuius scientiae comparatione omnis creaturae scientia</Unicode>
                </TextEquiv>
            </TextLine>
            <TextLine id="r1l4" custom="readingOrder {index:1;}">
                <Coords points="104,224 133,233 184,226 206,238 234,221 250,230 264,216 303,231 338,217 337,170 313,167 297,180 282,180 260,168 215,167 181,184 168,174 144,183 104,173"/>
                <Baseline points="109,209 136,209 164,209 192,209 220,208 248,207 276,207 304,207 332,207"/>
                <TextEquiv>
                    <Unicode>imperfecta est.</Unicode>
                </TextEquiv>
            </TextLine>
            <TextLine id="r1l6" custom="readingOrder {index:2;}">
                <Coords points="395,295 417,297 436,313 451,303 476,312 495,304 513,316 570,295 602,318 660,296 660,221 631,226 561,266 484,249 460,264 409,254 395,261"/>
                <Baseline points="400,292 425,291 451,291 476,290 502,290 527,290 553,290 578,290 604,290 629,290 655,289"/>
                <TextEquiv>
                    <Unicode>CAP. II</Unicode>
                </TextEquiv>
            </TextLine>
            <TextLine id="line_1612456887827_404" custom="readingOrder {index:3;}">
                <Coords points="115,388 349,363 952,385 952,335 922,319 839,328 788,302 680,340 544,308 115,314"/>
                <Baseline points="121,365 946,367"/>
                <TextEquiv>
                    <Unicode>Vtrum scientia, vel praescientia, vel dispositio, </Unicode>
                </TextEquiv>
            </TextLine>
            <TextLine id="r1l8" custom="readingOrder {index:4;}">
                <Coords points="229,425 485,412 549,431 581,409 827,427 827,380 775,384 753,364 711,382 229,376"/>
                <Baseline points="234,408 263,408 292,408 322,407 351,407 381,407 410,407 439,407 469,407 498,407 528,407 557,407 586,407 616,407 645,407 675,407 704,407 733,406 763,406 792,406 822,406"/>
                <TextEquiv>
                    <Unicode>vel praedestinatio, potuerit esse in</Unicode>
                </TextEquiv>
            </TextLine>
            <TextLine id="r1l9" custom="readingOrder {index:5;}">
                <Coords points="322,470 353,460 414,472 451,457 550,470 571,462 606,477 628,462 693,472 693,427 647,413 585,427 569,417 546,432 519,415 472,431 445,413 394,432 337,414 322,421"/>
                <Baseline points="328,455 353,455 379,455 405,455 430,455 456,455 482,455 508,455 533,455 559,455 585,455 610,455 636,455 662,455 688,454"/>
                <TextEquiv>
                    <Unicode>Deo, si nulla fuissent</Unicode>
                </TextEquiv>
            </TextLine>
            <TextLine id="r1l10" custom="readingOrder {index:6;}">
                <Coords points="439,529 450,528 462,517 492,526 504,519 517,520 526,528 537,522 563,524 572,520 574,481 562,484 547,477 517,478 507,468 500,474 479,463 441,468"/>
                <Baseline points="445,502 475,503 506,504 536,505 567,506"/>
                <TextEquiv>
                    <Unicode>futura.</Unicode>
                </TextEquiv>
            </TextLine>
            <TextLine id="r1l12" custom="readingOrder {index:7;}">
                <Coords points="154,608 271,588 489,607 602,574 808,615 937,596 937,543 872,561 844,536 705,530 672,556 576,558 382,529 295,558 187,530 154,549"/>
                <Baseline points="160,590 198,589 237,588 275,587 314,586 353,586 391,586 430,585 468,585 507,586 546,586 584,586 623,586 661,586 700,586 739,586 777,586 816,586 854,585 893,585 932,584"/>
                <TextEquiv>
                    <Unicode>HIC considerari oportet Vtrum scientia, vel</Unicode>
                </TextEquiv>
            </TextLine>
            <TextLine id="r1l14" custom="readingOrder {index:8;}">
                <Coords points="109,652 532,638 597,660 731,638 800,659 937,643 937,610 108,599"/>
                <Baseline points="114,641 154,639 195,637 236,636 277,635 318,635 359,634 399,634 440,634 481,634 522,634 563,634 604,634 645,635 685,635 726,635 767,635 808,634 849,634 890,633 931,633"/>
                <TextEquiv>
                    <Unicode>praescientia, vel dispositio, vel praedestinatio potuerit</Unicode>
                </TextEquiv>
            </TextLine>
            <TextLine id="r1l17" custom="readingOrder {index:9;}">
                <Coords points="112,706 211,683 425,706 921,695 920,659 721,644 674,666 487,642 111,652"/>
                <Baseline points="117,689 156,688 196,686 236,685 276,684 316,684 356,683 396,683 436,683 476,683 516,683 555,683 595,683 635,683 675,683 715,684 755,684 795,684 835,683 875,683 915,683"/>
                <TextEquiv>
                    <Unicode>esse in Deo, si nulla fuissent futura. Cum enim prae</Unicode>
                </TextEquiv>
            </TextLine>
            <TextLine id="r1l20" custom="readingOrder {index:10;}">
                <Coords points="106,751 895,753 928,746 928,698 106,708"/>
                <Baseline points="111,736 151,735 192,734 232,734 273,733 314,733 354,733 395,732 435,732 476,732 517,732 557,732 598,732 638,732 679,732 720,732 760,732 801,732 841,732 882,732 923,732"/>
                <TextEquiv>
                    <Unicode>scientia sit futurorum, &amp; dispositio faciendorum, &amp;</Unicode>
                </TextEquiv>
            </TextLine>
            <TextLine id="line_1612456872048_397" custom="readingOrder {index:11;}">
                <Coords points="112,803 693,781 915,806 939,736 859,758 736,737 567,760 112,751"/>
                <Baseline points="117,783 156,782 195,781 234,781 273,780 312,780 351,780 390,780 429,780 468,780 507,780 546,780 585,781 624,781 663,781 702,781 741,781 780,781 819,781 858,781 898,781 924,779 934,779"/>
                <TextEquiv>
                    <Unicode>praedestinatio saluandorum: si nulla essent futura, si</Unicode>
                </TextEquiv>
            </TextLine>
            <TextLine id="r1l24" custom="readingOrder {index:12;}">
                <Coords points="112,839 950,835 939,801 744,786 112,806"/>
                <Baseline points="117,831 158,830 199,830 241,829 282,829 323,829 365,829 406,829 447,829 489,829 530,829 571,829 613,829 654,829 695,830 737,829 778,829 819,829 861,829 902,828 944,828"/>
                <TextEquiv>
                    <Unicode>nihil esset facturus Deus, vel aliquos saluaturus, non</Unicode>
                </TextEquiv>
            </TextLine>
            <TextLine id="r1l25" custom="readingOrder {index:13;}">
                <Coords points="119,899 784,882 862,902 943,881 943,836 729,857 119,841"/>
                <Baseline points="124,880 164,879 205,878 246,878 286,878 327,878 368,877 408,877 449,878 490,878 531,878 571,878 612,878 653,878 693,878 734,878 775,878 815,877 856,877 897,876 938,875"/>
                <TextEquiv>
                    <Unicode>uidetur potuisse in Deo esse praescientia, vel disposi¬</Unicode>
                </TextEquiv>
            </TextLine>
            <TextLine id="r1l26" custom="readingOrder {index:14;}">
                <Coords points="115,944 755,929 797,952 935,930 935,898 115,899"/>
                <Baseline points="121,928 161,927 201,927 242,926 282,926 323,926 363,926 404,926 444,926 485,926 525,927 565,927 606,927 646,927 687,927 727,927 768,927 808,927 849,926 889,926 930,925"/>
                <TextEquiv>
                    <Unicode>tio, vel praedestinatio: potuit autem Deus nulla prae¬</Unicode>
                </TextEquiv>
            </TextLine>
            <TextLine id="r1l27" custom="readingOrder {index:15;}">
                <Coords points="109,995 946,987 946,947 890,936 109,943"/>
                <Baseline points="114,976 155,976 196,975 237,975 279,975 320,975 361,975 403,975 444,975 485,976 527,976 568,976 609,976 650,976 692,976 733,976 774,976 816,975 857,974 898,973 940,971"/>
                <TextEquiv>
                    <Unicode>scire futura: potuit non creare aliquid, vt non salua¬</Unicode>
                </TextEquiv>
            </TextLine>
            <TextLine id="r1l28" custom="readingOrder {index:16;}">
                <Coords points="111,1035 925,1044 946,987 111,1002"/>
                <Baseline points="117,1025 158,1024 199,1024 240,1024 281,1024 322,1024 363,1024 405,1024 446,1025 487,1025 528,1025 569,1025 610,1025 651,1025 693,1025 734,1025 775,1024 816,1024 857,1024 898,1023 940,1022"/>
                <TextEquiv>
                    <Unicode>ret aliquos: potuit ergo in Deo non esse praescientia,</Unicode>
                </TextEquiv>
            </TextLine>
            <TextLine id="line_1612456859428_389" custom="readingOrder {index:17;}">
                <Coords points="119,1085 871,1088 956,1071 956,1044 118,1042"/>
                <Baseline points="124,1072 171,1073 218,1073 266,1073 313,1073 360,1074 408,1074 455,1074 502,1074 550,1074 597,1074 644,1074 692,1074 739,1073 786,1073 834,1072 881,1071 928,1070 951,1069"/>
                <TextEquiv>
                    <Unicode>vel dispositio, vel praedestinatio. Ad hoc autem ita</Unicode>
                </TextEquiv>
            </TextLine>
            <TextLine id="r1l31" custom="readingOrder {index:18;}">
                <Coords points="105,1129 326,1123 397,1148 765,1125 810,1146 843,1123 870,1144 938,1120 938,1078 553,1102 105,1083"/>
                <Baseline points="110,1124 151,1123 192,1123 233,1122 274,1122 315,1122 356,1122 398,1122 439,1122 480,1122 521,1122 562,1122 603,1122 644,1122 686,1122 727,1122 768,1121 809,1121 850,1120 891,1119 933,1117"/>
                <TextEquiv>
                    <Unicode>a quibusdam opponitur, Si, inquiunt, potuit praescie¬</Unicode>
                </TextEquiv>
            </TextLine>
            <TextLine id="r1l32" custom="readingOrder {index:19;}">
                <Coords points="106,1181 944,1192 943,1130 918,1126 106,1144"/>
                <Baseline points="111,1173 152,1173 193,1172 235,1172 276,1172 317,1171 359,1171 400,1171 441,1171 483,1171 524,1171 565,1171 607,1171 648,1171 689,1170 731,1170 772,1170 813,1170 855,1169 896,1168 938,1168"/>
                <TextEquiv>
                    <Unicode>tia Dei non esse in Deo ab aeterno, &amp; potuit non esse¬</Unicode>
                </TextEquiv>
            </TextLine>
            <TextLine id="r1l33" custom="readingOrder {index:20;}">
                <Coords points="107,1240 942,1222 942,1190 856,1174 755,1195 107,1187"/>
                <Baseline points="113,1222 154,1221 195,1221 236,1220 277,1220 318,1220 359,1220 401,1220 442,1220 483,1220 524,1219 565,1219 606,1219 647,1219 689,1219 730,1219 771,1219 812,1218 853,1217 894,1217 936,1216"/>
                <TextEquiv>
                    <Unicode>si vero potuit non esse, cum praescientia Dei sit eius</Unicode>
                </TextEquiv>
            </TextLine>
            <TextLine id="r1l34" custom="readingOrder {index:21;}">
                <Coords points="110,1283 947,1276 947,1239 656,1224 413,1251 110,1238"/>
                <Baseline points="115,1271 156,1271 197,1270 239,1270 280,1270 321,1269 363,1269 404,1269 445,1269 487,1269 528,1268 569,1268 611,1268 652,1268 693,1267 735,1267 776,1266 817,1266 859,1265 900,1265 942,1264"/>
                <TextEquiv>
                    <Unicode>scientia, &amp; scientia sit eius essentia: potuit ergo non</Unicode>
                </TextEquiv>
            </TextLine>
            <TextLine id="r1l35" custom="readingOrder {index:22;}">
                <Coords points="109,1346 168,1319 375,1342 604,1317 715,1340 904,1328 945,1319 945,1275 863,1298 638,1271 614,1291 109,1294"/>
                <Baseline points="114,1320 155,1319 196,1318 237,1318 279,1318 320,1317 361,1317 403,1317 444,1317 485,1317 527,1317 568,1317 609,1316 650,1316 692,1316 733,1316 774,1315 816,1315 857,1314 898,1313 940,1312"/>
                <TextEquiv>
                    <Unicode>esse ab aeterno, id quod est eius diuina essentia. Ita</Unicode>
                </TextEquiv>
            </TextLine>
            <TextLine id="r1l36" custom="readingOrder {index:23;}">
                <Coords points="109,1389 942,1368 941,1332 848,1323 717,1345 242,1323 109,1346"/>
                <Baseline points="115,1370 156,1368 197,1367 238,1366 279,1365 320,1365 361,1365 402,1365 443,1365 484,1365 525,1365 566,1365 607,1365 648,1365 689,1365 730,1365 771,1364 812,1364 853,1363 894,1362 936,1360"/>
                <TextEquiv>
                    <Unicode>&amp; de dispositione &amp; praedestinatione, quae est diuina</Unicode>
                </TextEquiv>
            </TextLine>
            <TextLine id="r1l37" custom="readingOrder {index:24;}">
                <Coords points="109,1435 904,1424 939,1383 109,1389"/>
                <Baseline points="115,1416 158,1416 201,1415 244,1415 287,1415 330,1415 373,1415 416,1415 459,1415 502,1415 546,1414 589,1414 632,1414 675,1414 718,1413 761,1413 804,1412 847,1411 890,1409 934,1408"/>
                <TextEquiv>
                    <Unicode>essentia, obijciunt. Addunt quoque &amp; alia, ita lo¬</Unicode>
                </TextEquiv>
            </TextLine>
            <TextLine id="r1l38" custom="readingOrder {index:25;}">
                <Coords points="114,1483 910,1476 942,1468 942,1418 844,1440 635,1421 449,1440 394,1418 114,1439"/>
                <Baseline points="119,1464 159,1464 200,1463 241,1463 282,1463 323,1462 364,1462 405,1462 446,1462 487,1462 528,1462 568,1462 609,1462 650,1462 691,1462 732,1461 773,1461 814,1460 855,1459 896,1458 937,1457"/>
                <TextEquiv>
                    <Unicode>quentes, Si potuit Deus non praescire aliqua, cum idem</Unicode>
                </TextEquiv>
            </TextLine>
            <TextLine id="r1l39" custom="readingOrder {index:26;}">
                <Coords points="110,1528 853,1531 949,1511 949,1476 110,1488"/>
                <Baseline points="116,1514 157,1513 198,1512 240,1512 281,1511 323,1511 364,1511 405,1511 447,1511 488,1511 530,1511 571,1511 612,1511 654,1511 695,1511 737,1511 778,1510 819,1509 861,1507 902,1506 944,1504"/>
                <TextEquiv>
                    <Unicode>sit Deo praescire quod scire, &amp; scire quod esse: potuit</Unicode>
                </TextEquiv>
            </TextLine>
            <TextLine id="r1l40" custom="readingOrder {index:27;}">
                <Coords points="113,1580 841,1577 940,1563 940,1525 113,1530"/>
                <Baseline points="119,1561 159,1561 200,1560 241,1560 282,1560 323,1560 363,1560 404,1560 445,1560 486,1560 527,1560 567,1559 608,1559 649,1559 690,1559 731,1558 771,1558 812,1557 853,1556 894,1554 935,1553"/>
                <TextEquiv>
                    <Unicode>ergo non esse. Item, Cum idem sit Deum praescium </Unicode>
                </TextEquiv>
            </TextLine>
            <TextLine id="r1l41" custom="readingOrder {index:28;}">
                <Coords points="117,1630 223,1607 845,1629 945,1612 945,1573 117,1579"/>
                <Baseline points="122,1612 162,1611 203,1611 244,1610 285,1610 326,1609 367,1609 408,1609 449,1609 490,1608 531,1608 571,1608 612,1608 653,1607 694,1607 735,1606 776,1606 817,1605 858,1604 899,1603 940,1602"/>
                <TextEquiv>
                    <Unicode>esse, &amp; Deum esse, si potuit non esse praescius, potuit</Unicode>
                </TextEquiv>
            </TextLine>
            <TextLine id="r1l42" custom="readingOrder {index:29;}">
                <Coords points="109,1671 884,1678 940,1652 940,1609 109,1626"/>
                <Baseline points="114,1657 155,1657 196,1657 237,1657 278,1657 319,1657 360,1657 401,1657 442,1657 483,1657 524,1656 565,1656 606,1656 647,1656 688,1655 729,1655 770,1654 811,1653 852,1653 893,1652 935,1651"/>
                <TextEquiv>
                    <Unicode>non esse Deus. Potuit autem non esse praescius, si po¬</Unicode>
                </TextEquiv>
            </TextLine>
            <TextLine id="r1l43" custom="readingOrder {index:30;}">
                <Coords points="112,1724 422,1704 519,1736 659,1711 774,1742 951,1711 950,1668 914,1664 864,1687 816,1661 713,1683 496,1663 456,1687 362,1661 316,1684 112,1671"/>
                <Baseline points="117,1705 158,1706 199,1706 241,1706 282,1706 324,1706 365,1707 406,1707 448,1707 489,1707 531,1707 572,1707 613,1706 655,1706 696,1706 738,1705 779,1704 820,1703 862,1702 903,1701 945,1699"/>
                <TextEquiv>
                    <Unicode>tuitnulla praescire. At potuis nulla praescire, qui</Unicode>
                </TextEquiv>
            </TextLine>
            <TextLine id="r1l44" custom="readingOrder {index:31;}">
                <Coords points="101,1776 181,1760 210,1783 264,1768 327,1788 363,1791 393,1776 430,1792 429,1733 414,1728 359,1730 314,1716 271,1727 216,1729 204,1719 191,1730 100,1730"/>
                <Baseline points="106,1761 132,1760 159,1758 185,1758 212,1757 238,1756 265,1756 291,1756 318,1755 344,1755 371,1755 397,1755 424,1755"/>
                <TextEquiv>
                    <Unicode>potuit nulla sacere.</Unicode>
                </TextEquiv>
            </TextLine>
            <TextEquiv>
                <Unicode>cuius scientiae comparatione omnis creaturae scientia
imperfecta est.
CAP. II
Vtrum scientia, vel praescientia, vel dispositio, 
vel praedestinatio, potuerit esse in
Deo, si nulla fuissent
futura.
HIC considerari oportet Vtrum scientia, vel
praescientia, vel dispositio, vel praedestinatio potuerit
esse in Deo, si nulla fuissent futura. Cum enim prae
scientia sit futurorum, &amp; dispositio faciendorum, &amp;
praedestinatio saluandorum: si nulla essent futura, si
nihil esset facturus Deus, vel aliquos saluaturus, non
uidetur potuisse in Deo esse praescientia, vel disposi¬
tio, vel praedestinatio: potuit autem Deus nulla prae¬
scire futura: potuit non creare aliquid, vt non salua¬
ret aliquos: potuit ergo in Deo non esse praescientia,
vel dispositio, vel praedestinatio. Ad hoc autem ita
a quibusdam opponitur, Si, inquiunt, potuit praescie¬
tia Dei non esse in Deo ab aeterno, &amp; potuit non esse¬
si vero potuit non esse, cum praescientia Dei sit eius
scientia, &amp; scientia sit eius essentia: potuit ergo non
esse ab aeterno, id quod est eius diuina essentia. Ita
&amp; de dispositione &amp; praedestinatione, quae est diuina
essentia, obijciunt. Addunt quoque &amp; alia, ita lo¬
quentes, Si potuit Deus non praescire aliqua, cum idem
sit Deo praescire quod scire, &amp; scire quod esse: potuit
ergo non esse. Item, Cum idem sit Deum praescium 
esse, &amp; Deum esse, si potuit non esse praescius, potuit
non esse Deus. Potuit autem non esse praescius, si po¬
tuitnulla praescire. At potuis nulla praescire, qui
potuit nulla sacere.</Unicode>
            </TextEquiv>
        </TextRegion>
    </Page>
</PcGts>
