1250 2035
91 112 935 172 dici praescius, vel praescire, vel praescientia, si eius scie¬
92 163 938 235 tiae futura nulla forent subiecta. Similiter de disposi¬
93 215 935 276 tione & praedestinatione, vel prouidentia. Haec e¬
87 264 937 331 nim, vt dictum est, ad temporale referuntur, & de
97 315 532 391 temporalibus tantum sunt.
334 399 641 462 CAP. IIII
182 467 850 568 Quod scientia Dei non tantum est de
276 534 709 606 temporalibus, sed etiam
408 586 614 641 de aeternis.
158 638 917 738 SCIENTIA vero vel sapientia, non tan
92 710 916 776 tum de temporalibus, sed etiam de aeternis est. Ideo
101 763 925 830 que etsi nulla fuissent futura, esset tamen in Deo scien
101 814 929 876 tia eadem quae modo est: nec minor esset quam mo¬
110 858 946 917 do, nec maior est quam esset. Sicut ergo Deus ab
108 907 938 962 aeterno aeternum, & omne quod futurum erat, & sci¬
113 957 950 1022 uit immutabiliter. Scit quoque non minus praeterita
111 1012 946 1066 & futura quam praesentia, & sua aeterna sapientia, &
101 1063 937 1113 immutabili scit ipse omnia quae sciuntur, Omnis e¬
105 1096 958 1170 nim ratio supernae & aeternae sapientiae, vt ait Am¬
104 1148 958 1223 brosius, in eo est, quia omnem sapientiam & essen¬
101 1201 632 1268 tiam capit sua immensa scientia.
384 1289 615 1373 CAP. V.
184 1361 858 1446 Quare omnia dicantur esse in Deo, &
272 1422 739 1498 quod factum est habet vi
417 1472 600 1539 tam in eo.
164 1537 940 1615 Propterea omnia dicuntur esse in Deo & fuissi
112 1610 949 1680 ab aeterno. Vnde Aug. super Gene.Haec visibilia,
115 1650 950 1728 inquit, antequam fierent, non erant: quomodo ergo no¬
113 1706 957 1785 ta Deo erant, quae non erats Et rursus, Quomodo ea
