1296 2040
145 110 981 179 libus Dei creaturis ipsius potentiam & aeterni¬
141 173 993 226 tatem fuisse, etiam ab illis non renatis homini¬
142 218 988 275 bus agnitam. Dei vero oα, ait Basilius, sine ipsius
150 266 577 329 verbo cognosci non potest.
245 316 986 376 Deus reuel auit illis. Hoc Reuelauit, inepte
144 357 974 418 est conuersum. Habet Paulus Rom. I. V. I9. Ipa¬
140 412 982 467 ripure, & supra dixeratτ τνορὸν Oει φανερὸν δοιν ἐν ωu¬
140 458 982 512 Aois, fd quod de Deo cognosci potest, manifestum illis
148 510 976 571 fecit Deus. (Est autem aliud reuelatio: aliud ma¬
146 554 980 612 nifesta, & cuiuis homini exposita cognitio, ac
142 607 974 654 notitia. Reuelantur quae obscura & tecta erant.
144 651 971 719 Manifestantur autem quae ad intuendum om¬
142 709 973 768 nibus proponuntur) Etsi vero vetus interpres
142 746 973 808 iφανiρωνe conuertit barbare Reuelauit, tamen a
138 797 977 853 mente Pauli noluit esse discessum: quemadmo¬
142 848 831 911 dum aperte facit hoc loco Lombardus.
317 890 722 948 AD CAP. III
255 942 978 993 Viderunt etiam. Illud Etiam additum est
142 988 971 1042 August, non sine incommodo sententiae. Sc e¬
139 1037 985 1087 nim August. Diderunt quicquid mutabile est, non
143 1090 977 1134 esse summum Deum: & ideo omnem animam, muta¬
143 1134 977 1184 bilesque Spiritus transcenderunt, quaerentes summum
147 1184 984 1240 Deum. Hunc eundem locum sicut habemus in
138 1229 967 1287 nostris exempl. citat Beda in suis Collectaneis,
138 1279 973 1342 ne quis vitio codicis deceptum Lombardum
137 1325 319 1388 existimet.
254 1371 979 1441 Omniumquo principium. Hoc quoque additum
130 1408 965 1476 est ad Aug. sed nullo sensus dispendio. Voluit e¬
135 1478 976 1550 nim Lombardus explicare quid summum Deum
134 1515 394 1584 esse significet.
246 1568 967 1625 Deinde viderunt. Est & hic quoque locus
126 1612 963 1667 ex Aug. sumptus, sed misere truncatus, que eun¬
134 1662 964 1722 dem tamen verius ex autoris sententia citat Be¬
124 1712 984 1795 da in suis ad Rum. cap. I. Collectaneis, Sic habet
