1245 2030
291 103 1141 184 cum est, inquit. Quomodo cum illo: Vtrum & an¬
294 184 1168 240 tequam fierent. Cum illo enim erant, oc. adeo.
297 217 1139 289 vt tota haec sententia sit ad hunc locum & sco¬
294 266 551 341 pum tralatitia.
417 317 1137 394 Futura, &ei. Magna tum detractio, tum
297 377 1131 435 huius loci labes a Lombardo facta est. Acqui¬
298 428 1136 498 dem detractio, quod quaedam omnino necessa¬
297 478 1143 547 ria ex Augustino praetermisit. Labes autem,
297 526 1145 587 quia mutauit vocem Vt in Et, magna sensus
297 586 1144 632 iniuria. Sic igitur habet Augustinus ipse, Cum
299 624 1144 688 illo (Deo) enim erant omnia futura, & cum illo
303 681 1139 733 sunt omnia praeterita: futura ita, vt nonei detra¬
301 718 1131 776 hantur omnia praeterita. Ergo & praeterita &
301 776 1131 837 futura in Deo esse docet Augustinus, acqui¬
301 816 1125 884 dem ita, vt licet in eo futura sint, praeterita ta¬
298 879 1135 926 men esse, in eodem non desinant: & ita praete¬
305 923 1136 978 rita sunt in eo, vt etiam sint in eo, quod absur¬
297 961 1128 1019 dum esse videbatur, in eodem pectore esse o
305 1009 1138 1069 mnia, id est, & praeterita & futura, id est, futu¬
301 1070 1149 1123 rae res quoque in eo sint, vt & praeteritae. Non
308 1106 1144 1169 tamen propterea praeterita & futura illic con¬
300 1157 1147 1218 fundit Augustinus, quemadmodum putat Lom¬
306 1207 457 1265 bardus.
434 1251 1144 1348 lneffabili. Augustinus, Ineffabilis sa¬
304 1317 524 1395 pientiae Dei.
499 1382 949 1490 Censura ad Distinctionem
637 1478 801 1540 XXXV
354 1547 1165 1627 Expectat fortasse lector, vt in toto sequenti
314 1634 1155 1689 tractatu (qui superioris velut appendix quae¬
312 1666 1167 1730 dam tantum est) maiori, quam antea, diligetia,
315 1721 1164 1794 & fide versetur Lombardus. Frustrabitur, seque
