1234 2035
105 109 944 193 uehit, quam Academico more vexat, ac tan¬
108 176 940 232 dem pessime soluit & obscurissime, vnius vocis
113 219 945 284 Nunc omissione facta ca. 2. Sic enim scribendum
104 267 930 327 fuit, vt perspicue obiectionem solueret, Sin au¬
108 323 938 377 tem ea ratione id dicis, quod non sit in eo scientia,
104 368 941 429 qua nunc praescit futura: vel quod ipse non sit Deus,
100 423 934 489 qui nunc est futurorum praescius, falsa est intelligen¬
100 467 943 541 tia: Vox Nunc vtrobique omissa inexplicatam
100 518 935 582 relinquit quaestionem a Lombardo proposi¬
101 560 939 632 ta: sed iste perinde securus est, quasi pecudibus
108 609 758 665 & truncis scriberet, non hominibus.
160 661 941 718 Quintum vitiumlest, quod falsa multa conti¬
96 707 930 782 net haec Distinctio. Primum confundit Disposi
105 766 927 819 tione (quae est ordinis & collocationis decretum
108 820 939 868 cum prouidentia, quae est ipsius rei & finis eius¬
107 859 939 920 dem constitutio & decretum. 2 Confundit
108 908 932 964 cap. I. praescientiam, & prouidentiam.s Pro¬
108 951 918 1012 uidentiam non constituit in rebus omnibus
96 1004 937 1064 sed tantum in iis, quae Deus ipse regit. Itaque in
100 1063 926 1116 eo diuersam a scientia Dei facit, quod scientia
92 1112 926 1171 sit de omnibus. 4 Prouidentiam tantum in
99 1155 930 1210 temporalibus constituit: scientiam etiam in
98 1199 262 1258 aeternis.
144 1243 929 1307 lnfinita pene alia praetermitto ne molestus
85 1286 925 1353 sim. Hoc tamen vnum dissimulare non possum,
86 1349 920 1409 perperam ab isto locum Ioannis Omne quod sa¬
90 1393 926 1450 ctum est, in eo vita erat cap. I. Ioan. explicari cap.
92 1437 928 1500 g. huius Distinctionis. Primum quoniam iste
89 1485 930 1544 refert generaliter ad diuinam essentiam, quod
92 1539 926 1594 Ioannes de vna κος & Filij Dei Persona dixit.
88 1590 924 1651 Secundo, quod iste tribuit eandem vitam Deo
93 1637 926 1693 ibsi, quam Ioannnes rebus, id est, hominibus a
87 1679 924 1740 Deo creatis inesse, &a Filio Dei fiuere ait. Ter¬
80 1732 920 1796 tio quod iste metitur rationem & fundamentum
