1227 2026
302 90 1156 166 semper omnia, ta bona quam mala, etiam antequam
311 163 1152 214 fierent, & praesciuit ab aeterno ea futura. Ideoquo
312 199 1153 268 cum omnia bona dixim esse in Deo propter praesen¬
314 250 1149 304 tiam cognitionis, eadem ratione videtur dicendum
314 301 1147 356 omnia mala esse in eo, cum ea semper nouerit, & per
310 353 1148 414 cognitionem ei praesentia fuerint. Praecognouit enim
317 402 1131 449 Deus ab aeterno quosdam futuros malus, & eorum ma¬
308 451 1139 496 litiam, vt ait August. praesciuit, sed non praeparauit.
312 494 1137 548 Cum ergo peccata omnium sciat, nunquid intelligen¬
304 546 1145 603 dum est ea includi in illa generalitate locutionus,
304 588 1131 657 qua dixit Apostolus, omnia esse in Deo: Ex ipso in
300 638 1141 711 quit, & per ipsum, & in ipso sunt omnia. Sed quis,
308 696 1135 751 nisi insanus, dixerit mala esse in Deot Illa enim esse
308 748 1132 810 in Deo intelliguuntur, quae ex ipso, & per ipsum sunt.
305 793 1126 850 ea vero per ipsum sunt &ex ipso, quorum author est.
305 841 1123 907 sed non est author nisi bonoru. Non ergo ex ipso, &
303 887 1137 950 per ipsum sunt, nisi bona: ita ergo non in ipso sunt nili
309 939 1132 986 bona. Nons ergo mala in Deo sunt, quia licet ea no¬
290 984 1144 1042 scat, non tamen ita omnino noscit, vt bona. Mala
302 1038 1135 1104 ergo quasi de longe cognoscit, vt ait propheta, Et al¬
300 1077 1145 1150 ta a longe cognoscit, id est, superbiam. Et alibi ad
293 1133 1140 1190 Deum loquens de malis ait, De absconditis tuis ad¬
294 1185 1129 1244 impletus est ventereorum. Quod exponens Aug
307 1227 1139 1297 Abscondita, inquit, peccata sunt, quae a lumine tua
301 1279 1127 1336 veritatis absconduntur. Sed quomodo peccata a lu¬
305 1326 1131 1382 mine veritatis diuine absconduntur, cum a Deo
307 1376 1127 1435 sciantur: Si enim non sciret, quomodo de illis iudica¬
302 1420 1121 1489 ret, & pro illis malos damnaret: Alibi propheru,
300 1480 1126 1544 quia, neque ab oriente neque ab occidente deest.
314 1522 1129 1580 Quod exponens Cassiodorus, inquit, neque a bonus,
300 1572 1138 1629 neque a malis deest Deus: sed omnibus praesens &
300 1616 1140 1690 cognitor est. (ognoscit  ergo Deus & bona, & mala
302 1674 1139 1734 per scientiam: sed bona cognoscit etiam per approba¬
303 1724 1146 1781 tionem, & per beneplacitum: mala vero non. Vnde
