1390 2023
390 80 1241 148 Augustinus. Deinde viderunt (iidem philosophi
392 132 1233 201 nimirum) omnem speciem in re quacunque muta¬
395 192 1233 241 bili, qua est, quicquid illud est, quoquo modo, & qua¬
396 237 1229 288 liscumque natura est, non esse posse, nisi ab illo, qui ve¬
395 296 1228 338 re est, quia incommutabiliter est. Lombardus con¬
398 332 1230 396 fundit argumentum Augustini, & μξσον ταouλo¬
392 393 1231 447 Mqμoν tollit. Probat enim August. id quod mu¬
399 424 1228 489 tabile est, ab eo esse, qui vere est, quia quod vere
400 479 1234 532 est, incommutabiliter est. Illud enim quod mu¬
400 531 1232 587 tatur, vere non est: sed ab eo, quod est natura in¬
396 579 1226 630 commutabile, habet esse, tanquam a fonte. Lom¬
399 622 1235 680 bardus igitur pro illis Augustinianis substituit
395 668 1232 725 haec sua. Deinde viderunt omne quod mutabile est,
397 726 1228 784 non posse esse nisi ab illo, qui incomutabiliter & sim.
401 773 1230 827 pliciter est. Dixit Augustinus, Nisi ab illo qui ve¬
401 820 1235 875 re est, quia incommutabiliter est. Illud etiam Sim¬
398 863 1238 928 pliciter, etsi ex eodem Augustini loco transcri¬
398 911 1227 978 ptum est, tamen vim optimi argumenti, quo ter¬
397 966 1240 1024 tio loco iidem illi philosophi vtebantur, elidit.
570 1011 933 1060 AD CAP. V
435 1056 1232 1116 I Corporis speciem. Obiter annotare libuit,
398 1104 1235 1159 vocabulum Speciem & hoc loco, & in disputatio¬
396 1152 1233 1209 ne de Sacramentis apud August. & illius seculi
395 1208 1234 1258 eruditos Patres pro ipsa rei substantia, & &niudes
388 1250 1237 1308 forma sumi: non autem pro externis rei acci¬
390 1299 1235 1353 dentibus seu qualitatibus, qualis est, color, figu¬
388 1356 1232 1407 ra, &c. Nam Spiritibus tribuitur hoc loco spe¬
388 1395 1223 1448 cies, qui colore, figura, & huiusmodi acciden¬
383 1448 1237 1499 tibus prorsus carent. Eodem significato & Cy¬
387 1487 1243 1557 prianus in lib. de Coena Domini: & Ambrosius
383 1535 1233 1599 in libris de Sacramentis, vocabuloSpecies vtuntur.
532 1584 1000 1646 AD CAP. VII
426 1632 1234 1685 Haec ergo tria. Ex August. libr. I4. de Trinit.
377 1691 1236 1745 cap. 8. sumptus locus, qui in alium sensum ab isto
