1244 2034
105 124 950 195 quod dicant non in Spiritu Deum, sed cum Spi¬
102 177 947 234 ritu praedicandum: & ex vna sullaba, vel vsu quo¬
102 239 937 279 dam diuinitatis aestimandum putent esse momen¬
93 272 946 334 rum. Aduersus hos: igitur postquam copiose &
100 316 947 376 accurate disputasset Ambrosius, sic tandem
106 367 947 425 concludit. Nam istae svllabae, sicut illae, de quibus su¬
104 428 946 485 perius diximus seinuicem sionant. Ergo apparet
109 455 949 526 Ambrosij verba esse ab isto commutata. Men¬
92 513 939 567 tem autem & scopum praestantissimi illius scri¬
107 563 947 627 ptoris, iste quoque peruertit. Eo enim spectat
104 626 938 671 Ambtosij de his vocibus, Ex ipso, per ipsum, & in
99 655 947 723 ipso disserentis oratio, vt ex his ipsis doceat esse
105 702 936 769 aequalem Patris, Filij, & Spiritus sancti potesta¬
113 751 938 823 tem ac maiestatem, cum peraeque singulis a Scri
115 798 496 870 ptura ista tribuantur.
169 846 939 901 Ex illis enim τυεμμαλομακὸς haeretici & sepa¬
117 900 945 958 rabilem, & inaequalem esse Patris, Filij, & Spiritus
112 950 938 1008 sancti essentiam colligebant. Id quod & ex
106 993 941 1045 iosomet Ambrosio, & apertius ex Basilio lib.
107 1035 944 1097 de Spiritu Sancto ad Amphilochium capite y.
114 1093 937 1152 & capite 28, & 26 (nde procul dubio sua pe¬
107 1140 937 1199 ne etiam ad verbum sumpsit Ambrosius)colli¬
107 1178 935 1250 gi potest. i Quod autem de scopo Ambrosij dici¬
104 1231 948 1303 mus, id ex ipsius verbis, quae huc trascripsimus,
114 1284 943 1344 clarissime apparebit. Sunt autem haec, Non e¬
113 1329 937 1391 nim ita dixit Apostolus ex Deo omnia, & per Fi¬
113 1373 940 1429 lium omnia, vt separabilem substantiam Patris, Fi¬
114 1415 946 1488 liique signaret: sed vt inconfusibili distinctione, quod
114 1477 949 1540 alius sit Pater, alius Filius, edoceret. Non igitur
106 1516 954 1594 tanquam compugnantes sullabae iste, sed tan¬
109 1563 965 1636 quam sociae, atque concordes sunt, vt etiam uni
111 1615 962 1690 saepe conueniant, sicut scriptum est, QV I A
110 1675 950 1734 RXIPSO. ET PER IPSVM ET
115 1726 959 1793 INIPSO OMNIA. Quod si vere con¬
