1244 2030
289 117 1141 201 sideres, vnde tractatum sit, de Filio dictum esse
289 187 1135 250 non ambiges. Quid autem ista ad quaestio¬
290 220 1137 292 nem, & solutionem Lombardi, ex Ambrosio
299 274 1120 330 confirmare conantis idem significarem has phra¬
291 324 1135 396 ses: Ex ipso, per ipsum, in ipso: & tamen sola bena
303 376 1126 432 esse ex ipso: Non magis certe suam sententiam
299 419 1125 489 ex hoc Ambrosij dicto probauerit iste, quam
302 470 1137 522 ex cacabo ligonem effecerit. Imo vero etiam,
301 530 1127 582 apertissima Ambrosij ibidem sententia refu¬
303 569 1133 635 tatur Lombardus, quia haec distinguit significa¬
302 617 1132 668 tu Ambrosius, Ex ipso, per ipsum, in ipso. Sic enim
303 659 1136 721 ille postea subiicit. Quid est ex ipso: Quod
301 708 1127 774 ex ipsius voluntate natura sit omnium: & ipse sit
297 764 1130 824 author omnium, quae esse coeperunt. Per ipsum quid
311 813 1123 874 est: Quia per ipsum constitutio, & perseuerantia
307 851 1133 926 omnibus impertita videatur. In ipso quid este Quia
305 898 1132 955 omnia admirabili quodam desiderio, & inenarra¬
303 950 1135 1007 bili amore autorem uitae & ministratorem gratiae
292 997 1135 1061 suae, ac muneris intuentur, secundum quod scri¬
302 1051 1135 1110 ptum est, OCVLI omnium in te sperant. Hacte¬
303 1097 1138 1166 nus Ambrosius, qui quam crudeliter ab isto vul
298 1147 1136 1200 neratus fuerit, iam apparet. Sed nos, vt spera¬
295 1191 1133 1269 mus, tantis vulneribus pharmacum salutare
299 1237 494 1318 attulimus.
535 1321 878 1411 AD CAP. V.
351 1420 1128 1497 I Augustinus in primo libro de Trinitate. Ica
292 1477 1128 1547 constanter omnes codices habent Libro primo
290 1521 1127 1592 de Trinitate, cum tameu cuiuis, (qui ad ipsum
294 1571 1135 1641 Augustini codicem recurret) facile constare
290 1628 1133 1681 possint ista, quae citat Lombardus, ex libro sexto
293 1682 1135 1743 capite to, in h. libri transcribi. Ex libro primo
287 1715 1132 1801 de Trinitate capite sexto, explicatio duntaxat,
