1231 2029
317 111 1136 175 stri, & in primis Gulielmus Occan docent) quae¬
313 174 1138 231 stionem hanc esse tantum de Verbis, non de
313 221 1139 270 Re: iste manifestissima deprauatione huius sen¬
315 272 1144 325 tentiae, Omnia sunt in Deo, diuidit conexum hu¬
317 321 1135 373 ius orationis, quasi haec illius mens esset, Omnia
316 370 1137 417 existunt seu sunt: & sunt seu subsistunt in ipso Deo,
313 414 1130 470 seu in diuina essentia. Itaque paralogismum con¬
321 464 1128 522 mittit a composito sensu ad diuisum, quemad¬
319 509 1138 562 modum in scholis loquuntur. Ergo ita, & re¬
317 556 1145 605 cte quidem, Occan. In praedicta quaestione non est
310 604 1141 672 difficultas, nisi propter modum loquendi. Nam San¬
309 651 1132 707 cti dicunt omnia esse in Deo, & accipiunt ab Apo¬
316 702 1130 766 stolo. Esse autem sn videtur importare aliud esse in
317 740 1124 805 alio, tanquam ibi realiter existens: & ita quod crea¬
319 799 1124 847 turae & perfectiones creaturarum fuerunt in Deo, tan¬
316 852 1122 906 quam aliqua ibi vere existentia. Sed isto modo essen¬
319 896 1131 959 di ln non vtuntur Sancti, qui dicunt omnia esse in
317 939 1132 1008 Deo. Sed Esse n apud eos in tali propositione signi¬
317 984 1134 1049 ficat idem quod cognosci: vel idem quod produci, &
310 1035 1131 1103 posse produci. Haec discipulus iste, qui longe me¬
318 1081 1136 1142 lius suo praeceptore hanc totam quaestionem
321 1129 1134 1201 vidit: & breuiter, non autem exaggeratis quae¬
319 1173 1134 1227 stionibus, vt iste, soluit. Nimirum a Thoma di¬
321 1222 1136 1288 dicerat, qui in prima parte quaestio ra. sic scri¬
316 1271 1131 1340 bit, Omnia sunt in Deo per modum intelligibilem:
324 1319 1124 1389 Omne enim quod est in altero, in eo est secundum mo¬
317 1364 1125 1432 dum eius, in quo est. Res autem creatae in Dei es¬
312 1410 1127 1477 sentia subsistere non possunt. Ergo omnia esse in
318 1462 1123 1519 Deo, non est res ipsas subsistere aut substitisse
316 1515 1127 1578 formaliter in Deo, ne confusionem Anaxago¬
315 1557 1131 1622 ricam inducamus. Vnde Durandus ait, Per esse
317 1608 1135 1674 virtuale sunt res creatae, & creandae in Deo, quem¬
316 1650 1142 1720 admodum effecta sunt in suis caussis: non au¬
308 1699 1138 1779 tem per esse sormale. Ex quo fit, vt illae res non
