1233 2029
296 108 1124 179 terrimum errorem (quem tamen ex hoc Loni¬
294 164 1133 226 bardi loco tueri volunt) & quem ex Anselmo
294 213 1127 277 sic referunt, Creatura in Deo non est, nisi creatrix
301 270 1122 313 essentia. Ergo quot & quanti ex vno isto Lom¬
298 310 1121 375 bardi tetro fonte riui foetidi prossuxerint, ap¬
307 364 411 421 paret.
336 405 1123 458 Secundum Lombardi vitium, in hac Distinct.
298 456 1121 519 est alia intricatio inuolutioque suae sententiae,
299 503 1128 558 cum negat, Mala esse in Deo. Distinguendum
291 555 1129 611 enim fuit vocabulu vtrunque, Esse in. Nam Esse
291 601 1139 658 in si, p praesciri accipiatur, sut in Deo mala, quia
299 644 1141 704 a Deo Mala praesciuntur. Si pro effici, & open¬
299 693 1135 751 rari, & emanare sumuntur, non sunt Aalae &
299 744 1123 801 Deo, quoniam a mala hominum aut Diabolorum
299 790 1119 842 agentium voluntate est malum, non autem a
296 832 1119 901 Deo: quanquam actum ipsum etiam Deus (sed
301 892 1122 947 non sub ratione mali) vult. Nos enim de malo
301 939 1019 1003 culpae, non de malo poenae nunc agimus.
357 979 1133 1050 Tertium Lombardi vitium, & nic quoque, est
294 1025 1129 1084 inepta locorum S. Scripturae ad suum scopum
300 1082 1134 1137 accommodatio, aut potius eorum deprauatio,
303 1137 1132 1184 quod certe in Magistro Theologiae peccatum
305 1180 1133 1240 est minime ferendum. Quod dicimus, apparet
301 1217 1137 1272 esse verum ex Psal. I8. 94. & I99. ab isto citatis
304 1266 1126 1345 cap. 2. sed mirum in modum detortis, & a suo
300 1313 558 1376 sensu eluxatis.
355 1366 1129 1434 Quarta animaduersio nostra in eo est, qupul¬
303 1404 1122 1469 cherrimam & planissimam Aug, sententia, iste
298 1460 1122 1529 falsa sua glossa cap. I. corrumpit, dum haec illius
300 1501 787 1574 verba, Natura sua, torquet.
343 1550 1130 1619 Quinta denique, ac vltima est, quod iste sei¬
303 1588 1135 1659 psum imprudens cap. 2. euertit. Nam vt probet
303 1649 1136 1705 peceata non esse in Deo, affert illud ex Actis A¬
305 1699 1142 1775 postolicis cap. Iy. In ipso viuimus. Hoc uero do¬
