1215 2027
300 114 1138 170 tamen familiariori modo pergratiam dicitur esse in
301 159 1129 213 illis, qui mirificentiam operum Dei acutius & fide¬
304 212 1128 267 lius considerant. De hoc enim eodem Augustinus ad
299 257 1126 317 Dardanum in libro de Praesentia Dei ait, Cum
303 303 1118 359 Deus sitnatura incorporea & incommutabiliter vi¬
297 350 1118 409 ua, aeternastabilitate in seipso manens, totus adest re¬
299 404 1118 458 bus omnibus, & singulis totus: sed in quibus habitat,
300 448 1119 508 habent eum pro suae capacitatis diuersitate, alij am¬
306 502 1128 560 olius, alij minus, quos ipse sibi dilectissimum templum
298 554 1130 608 gratia suae bonitatis aedificat. Hilarius quoque in
299 596 1131 649 libro octauo de Trinitate, apertissime docet Deum
294 655 1128 704 vbique esse. Deus, inquit, immensae virtutis viuens
294 696 1127 754 potestas, quae nusquam non adsit, non desit vsquam,
284 738 1115 811 se omnem per sua edocet, ut, ubi sua sint, ipse esse in¬
292 804 1111 848 telligatur. Non autem corporali modo cum alicu¬
294 843 1126 892 bi sit, non etiam vbique esse credatur, cum & in om¬
295 887 1118 940 nibus esse non desinat. Ambrosius in primo libro de
293 935 1127 1001 Spiritu sancto, Spiritum sanctum probat non esse crea¬
297 973 1119 1040 turam, quia vbique est, quod est proprium dininita¬
293 1030 1130 1099 tis: ita dicens, a Cum omnis creatura certis naturae
291 1084 1127 1144 suae sit circumscripta limitibus, quomodo quis audeat
291 1133 1123 1185 creaturam appellare Spiritum sanctum, qui non ha¬
290 1176 1126 1230 bet circumscriptam determinatamque virtutem, quae
295 1228 1123 1293 & in omnibus, & vbique semper est: quod vtique di¬
288 1275 1123 1328 uinitatis & dominationis est proprium: Idem in eo¬
294 1325 1127 1381 dem, Domini est omnia complere, qui dicit, Coelum
296 1378 1115 1433 & terram ego compleo. Si ergo Dominus est qui co¬
291 1415 1120 1479 lum complet & terram, quis ergo potest Spiritum san¬
286 1468 1117 1518 ctum iudicare dominationis & diuinae potestatis e¬
289 1527 1127 1581 xortem, qui repleuit orbem: S&, quod plus est, repl¬
286 1567 1130 1615 uit & lesam, rotius mundi redemptorem: Ex his
295 1623 1131 1672 aliisque pluribus autoritatibus aperte monstratur,
294 1673 1136 1726 quod Deus vbique in omni creatura essentialiter,
291 1709 847 1789 praesentialiter, & potentialiter est.
