1234 2035
319 123 578 211 CAP. II
119 175 857 264 Quod in Sanctis non modo est, sed etiam
241 248 732 312 habitat, qui non vbicunque
385 296 591 367 est, habitat.
111 359 922 420 TN Sanctis vero etiam habitat, in quibus est
65 415 897 474 per gratiam. Non enim ubicunque est, ibi habitat
67 452 921 514 ubi vero habitat, ibi est. In solis bonis habitat, qui
71 499 897 568 sunt templum eius, & sedes eius. Vnde per Esaiam
72 552 904 607 Dominus ait, Caelum mihi sedes est, terra autem sca¬
82 604 897 665 bellum pedum meorum: quia in electis, qui sunt ca¬
81 653 897 700 lum, habitat Deus & regnat, qui eius voluntati de¬
78 700 901 764 uoti obtemperant: malos vero qui sunt terra, iudicij
79 748 889 796 districtione calcat. Vnde in lib. Sap. dicitur Thro
86 801 895 856 nus sapientiae anima iusti, quia in iustis specialius es
81 856 903 919 quam in alijs rebus: in quibus tamen omnibus totus
92 896 897 965 est. Quaemadmodum anima, ait Augustinus, in epi¬
79 943 897 1001 stola aa Hieronymum de Origine animae, per omnes
79 991 896 1051 particulas corporis tota adest simul, nec minor in mi
75 1042 905 1099 noribus, nec maior in maioribus: sed tamen in alijs
72 1095 905 1147 intentius, & in alijs remissius operatur, cum in sin¬
80 1142 905 1197 gulis particulis corporis essentialiter tota sit. Ita &
82 1180 910 1236 Deus cum sit in omnibus essentialiter ac totus, in il¬
78 1231 907 1284 lis tamen plenius esse dicitur quos inhabitat, id est,
76 1285 915 1339 in quibus ita est, vt faciat eos templum suum: & hi
77 1326 911 1388 tales cum eo sunt iam ex parte, sed in beatitudine per¬
84 1373 909 1439 fecte. Mali vero, etsi ibisint, vbi ipse est( qui nusquam
72 1424 899 1486 deest) non tamen sunt cum eo. Vnde August,. super
80 1483 893 1534 Ioan. ENo satis fuit dicere, Vbi ego sum, & illi sint.
81 1525 895 1588 sed addidit, mecum: quia & ibi miseri possunt esse
85 1575 904 1634 ubi & ille est, qui nusquam deest. Sed beati sunt cum
72 1622 903 1676 illo, quia non sunt beati, nisi ex eo quod cum illo sunt.
85 1661 909 1732 qui fruuntur eo, & vident illum sicut est Mali ve¬
73 1720 910 1784 ro non sunt cum illo, vt caeci in luce non sunt cum luce:
