1283 2034
141 101 980 170 detorquetur. Agit enim illic August. non in v¬
149 155 982 212 niuersum de trib. illis animae humanae faculta¬
144 202 981 258 tibus, quae memoria, intelligentia, & amor, seu
142 252 974 318 affectus, seu voluntas dicuntur, & quarum me¬
148 301 980 350 moria, & amor sunt communes homini cum
143 347 987 406 brutis animantib. facultates: sed in ea duntaxat
144 398 985 457 animae humanae parte seu facultate vestigia Tri
148 448 976 508 nitatis quaerit August. quae ιεμονικὸν & Aoνικὸ
145 503 986 559 μερoς vocatur, Verba Augustini sic habent, Nunc
141 542 986 610 uero ad eam iam peruenimus disputationem, vbi
140 599 971 655 principale mentis humanae (quo nouit Deum uel po
144 644 981 691 test nosse)considerandum suscepimus, vt in eo repe¬
147 697 990 751 riamus imaginem Dei, id est, Trinitatis. In qua ex
143 740 989 797 variis ipsius actionibus inter se indissolubili
144 785 990 840 nexu coniunctis, & tamen proprias, distinctas¬
141 843 978 892 que actionum & effectorum notas & definitio
144 896 987 945 nes retinentibus, aliqua Trinitatis imago ap¬
144 938 992 991 paret, nempe quod mens illa nμονικν meminit
155 977 985 1036 sui, intelligit se, dilligit se. Hic quoque cap. II
150 1024 988 1087 huius Distinctionis in verbis, Proprie vero mens
145 1080 985 1132 dicitur tacite agnoscit mentem humanam a re¬
151 1124 981 1189 liquis animarum generibus apud Augustinum,
151 1168 987 1222 in primisque in hoc ipso argumento, de Trini¬
149 1219 985 1268 tate, & libris 14, & ig. cap. 9. distinguendam, ne
137 1267 983 1340 subtilius argumentari hoc loco fortasse cui¬
147 1317 391 1386 quam videar¬
395 1366 773 1463 CAP. XIIII
184 1463 983 1525 IVNDE potest. Leuis immutatio verbo¬
133 1513 989 1575 rum Augustini, no leuem huius autoris culpam
133 1568 987 1611 arguit. Hic legendum est, snde. Alias enim pror-
134 1608 983 1663 sus est hiulca huius loci oratio. Ergo iste di¬
130 1654 980 1709 stiaxit sententia Augustini, & quod ille per
135 1718 990 1775 parenthesin intelligenter inseruerat, hic
