1237 2026
326 88 1169 161 nec boni ita nunc sunt cum eo vt videant per specie,
332 145 1169 219 etsi unt aliquo modo cum eoper fidem. Quomodo
334 189 1165 252 autem Deus habitet in bonis, ex illis aliquatenus
326 248 1165 307 intelligere valebis, quae supra dicta sunt, cum de Sri¬
327 296 1162 354 ritus sancti processione temporali ageretur: vbi, licet
334 343 1160 407 ex parte, exporitur ( ex parte enim cognoscimus, &
331 389 1163 448 ex parte prophetamus) quomodo Spiritus sanctus ha
333 431 1165 514 bitet in nobis, qui non sine Patre & Filio inhabitat.
566 522 838 602 CAP. III
392 586 1096 680 Vbi erat vel habitabat Deus, antequam
613 652 856 716 esset creatura.
378 693 1160 775 SI autem quaeris, vbi habitabat Deus, antequam
339 758 1152 816 Sancti essent. Dicimus quia in se habitabat. Vnde
345 802 1157 862 August. in libro iij. contra Maximinum: In templo,
333 852 1161 913 inquit, suo habitat Deus, scilicet in Sanctis, q usunt
333 897 1153 967 templum Dei, modo secundum fidem ambulantes:
340 953 1165 1013 & templum Dei erunt aliquando secundum specie,
339 998 1164 1070 qualiter etiam nunc templum Dei sunt Angeli. Sed
334 1049 1160 1114 dicet  aliquis, Antequam faceret Deus caelum &
336 1095 1161 1157 terram, antequam faceret Sanctos, vbi habitabari
337 1137 1165 1199 lne se habitabat Deus: apud te habitat, & apud se
335 1194 1160 1260 est. Non ergo Sancti sic sunt domus Dei, vt ea sub¬
334 1255 1157 1314 tracta cadat Deus. Imo sic habitat Deus in San¬
336 1290 834 1369 ctis, vt si ipse discesserit, cadant.
560 1376 867 1457 CAP. IIII
399 1432 1072 1506 Multa hic breuiter docet, quae confir¬
616 1490 892 1565 mant praedicta.
387 1576 1172 1648 Sciendum est etiam, quia vt ait Augustinus in
336 1625 1175 1693 lib. ad Dardanum, dici nisi stultissime nequit, Spiri¬
342 1676 1181 1757 tum sanctum non habere locum innostro corpore, quod
