1233 2033
95 104 916 172 totum anima nostra impleuerit. Stultius dicitur e¬
96 172 915 222 tiam angustijs alicubi impediri Trinitatem, vt Pa¬
90 208 929 282 ter, & Filius, & Spiritus sanctus, alicubi simul esse
94 259 931 320 non possint. Verum illud est multo mirabilius, quod
95 301 924 374 cum Deus vbique sit totus, non tamen in omnibus
93 358 920 421 habitat. Quis porro audeat opinari, nisi inseparabi¬
96 408 927 469 litate Trinitatis penitus ignoret, quod in aliquo pos¬
88 453 929 508 sit habitare Pater & Filius, in quo non habitet Spi¬
91 493 925 553 ritus sanctus: aut in aliquo Spiritus sanctus, in quo
92 560 918 618 non habitet Pater, & Filius: Fatendum est ergo v¬
99 592 922 650 bique esse Deum per diuinitatis praesentiam: sed non
99 656 918 712 ubique per inhabitationis gratiam. Propter hanc e¬
98 684 912 750 nim inhabitationem gratiae non dicimus, Pater noster
106 741 913 805 quies vbique, cum & hoc verum sit: sed qui es in
115 797 908 866 calis, id est, in Sanctis: in quibus est quodam excel¬
110 833 334 893 lentiori modo.
363 900 621 968 CAP. V.
149 963 869 1033 Quod Deus inhabitator est quorundam
202 1005 797 1067 nondum cognoscentium Deum,
311 1057 674 1122 & non quorundam
376 1106 594 1168 cognoscen¬
427 1153 534 1213 tium.
163 1199 916 1287 ILLVD quoque mirabile est, quia, vt ait
92 1263 915 1326 Augustinus in eodem, Deus est inhabitator quo¬
92 1312 905 1376 rundam nondum cognoscentium Deum, & non quo
96 1365 915 1428 rundam cognoscentium Deum. Illi enim ad tem¬
96 1419 917 1474 plum Dei non pertinent, qui cognoscentes Deum non
98 1458 906 1526 sicut Deum glorificant. Ad templum Dei perti¬
97 1517 907 1576 tinen paruuli sanctificati sacramento Christi, & regi
91 1560 916 1616 nerati Spiritu sancto, qui nondum valent cognoscere
99 1602 908 1666 Deum. Ergo quem potuerunt illi nosse nec habere,
98 1647 924 1711 isti potuerunt habere antequam nosse. Beatissimi autem
86 1706 922 1785 sunt illi, quibus est Deum habere, quod nosse. Hic
