1225 2018
317 77 1165 143 radij impolluti & incontaminati ea contingentes e¬
327 138 1171 197 xistunt. Non est ergo mirandum si essentia diuina o¬
323 191 1163 243 mnino simplex & incommutabilis omnia replet loca,
330 245 1173 294 & omnibus creaturis essentialiter inest, nec tamen
325 288 1157 350 cuiusquam rei sordibus contaminatur vel contingi¬
328 344 1168 388 tur. Vnde  August. in libro de Natura boni, Cum
328 385 1157 448 in Deo, inquit, sint omnia quae condidit, non tamen
328 436 1161 489 inquinant eum illi qui peccant. De cuius etiam sa¬
326 486 1157 555 pientia, quae attingit a fine vsque ad finem fortiter,
327 535 1157 593 dicitur, Attingit omnia, propter suam munditiam,
328 587 1160 634 & nihil inquinatum in eam incurrit. Timent qui¬
324 628 1159 691 dam, quod fieri non potest, scilicet ne humana carme
323 695 1144 743 veritas & substantia Dei inquinetur, & tamen prae¬
323 729 1143 793 dicant istum visibilem Solem radios suos peromnes
318 781 1133 840 feces & sordes spargere, & eos mundos & sinceros
318 833 1132 895 seruari. Si ergo visibilia munda a visibilibus un¬
318 877 1137 935 mundis contingi possunt, & non inquinari: quanto
321 927 1149 975 magis inuisibilis & incommutabilis veritase Postre¬
316 979 1144 1036 mo respondeant quid potius de Deo respondendum
310 1030 1143 1088 existiment: vel quod nusquam per essentiam sit, vel
314 1075 1149 1135 quod vbique, vel quod alicubi, ita quod non vbique
312 1125 1141 1176 Sed quis audeat dicere quod nusquam diuina essen¬
308 1170 1146 1223 tia sit, vel quod alicubi, & non vbique sit2 Si enim
309 1214 1150 1276 est ita alicubi, quod non vbique, ergo localis est. Est
305 1268 1140 1322 ergo vbique tota quae continet totum : & penetrat to¬
319 1323 1146 1380 tum, quae nec pro sui simplicitate diuidi, nec pro sui
310 1373 1139 1424 puritate maculari, nec pro sui immensitate vllo modo
310 1414 1136 1474 comprehendi potest. Vnde Augustinus, Deus vbi¬
306 1458 1125 1538 que est, cui non locis, sed actionibus propinquamus,
570 1546 839 1624 CAP. IX
355 1637 1109 1732 Quod Deus vbique sit, & in omni tempo¬
