1233 2035
114 112 876 175 re, non tamen localis est, non circumscri¬
233 163 752 232 ptibilis, nec loco nec tempo¬
356 216 589 289 re mouetur.
123 297 923 370 CVM QVE diuina natura veraciter & es¬
74 365 925 430 sentialiter sit in omni loco & in omni tempore, non
72 421 923 467 tamen mouetur per loca vel per tempora, nec localis
70 468 918 529 nec temporalis est. Localis non est, quia penitus non
73 510 923 571 circumscribitur loco: quia nec ita est in vno loco, quod
73 560 895 616 non sit in alio. Neque dimensionem habet, sicut cor
78 608 900 668 pus, cui secundum locum assignatur principium, me¬
78 663 908 717 dium, & finis, & ante & retro, dextrum & sinistrum,
85 701 896 759 sursum & deorsum: quod sui interpositione facit di
75 762 917 820 stantiam circunstantium. Duobus nanque his modis
90 806 913 858 dicitur in Scriptura aliquid locale, siue circumscri¬
81 859 915 907 ptibile, & econuerso: scilicet, vel quia dimensionem
89 907 907 961 capiens logitudinis, altitudinis, & latitudinis, distam¬
99 958 909 1014 tiam sacit in loco, vt corpus: vel quia loco definitur
93 1006 922 1068 ac determinatur, quoniam cum sit alicubi, non vtide
84 1046 910 1098 inuenitur: quod non solum corpori, sed etiam omni crea¬
77 1099 919 1151 to Spiritui congruit. Omne ergo corpus omni modo
81 1145 915 1195 locale est. Spiritus vero creatus quodam modo est lo¬
81 1189 910 1249 calis, & quodammodo non est localis. Localis quide
83 1246 920 1302 dicitur, quia definitione loci terminatur: quoniam
78 1295 915 1352 cum alicubi praesens sit totus, alibi non inuenitur.
79 1343 910 1390 Non autem ita localis est, vt dimensionem capiens
84 1388 911 1442 distantiam in loco faciat. Diuina ergo sola essen¬
76 1435 913 1485 tia omnino illocalis & incircumscriptibilis est: quae
82 1483 912 1534 nec locis mouetur aliquo modo, scilicet vel determi¬
79 1531 908 1599 natione finita vel diensione suscepta: nec tem: o¬
76 1571 916 1639 ribus, sed affectu & cognitione mouetur. His enim
85 1630 908 1678 duobus modis, scilicet loco vel tempore, fit muta: i
82 1687 909 1745 creaturae, quae longe est a creatore, Vnde Augustinu
