1298 2036
311 110 1159 173 t possimus: Res veros quae fruuntur, & vtuntur, nos
332 167 1158 222 sumus, quasi inter vtrasque constituti, & Angeli
332 210 1162 272 & Sancti. Frui autem est amore alicui rei inhaerere
337 259 1165 316 propter: seipsam: vti vero, idiquod in usum venerit,
336 308 1166 360 referre ad obtinendum illud, quo fruendum est: alias
332 362 1163 417 abuti est, non vti: nam vsus illicitus abusus vel abu¬
323 404 1168 465 sio nominati debet. Res igitur quibus fruendum est.
326 448 1160 509 sunt Pater, & Filius, & Spiritus sanctus. Eadem ta¬
337 498 1159 549 men Trinitas quaedam summa res est, communisque
332 544 1168 610 omnibus fruentibus eassi tamen res dici debet, & non
331 592 1161 665 rerum omnium causa, si tamen & causa. Non enim
332 644 1155 701 facile potest inueniri nomen, quod tantae excellentia
328 694 1160 739 coueniat, nisi quod melius dicitur, Trinitas haecs v¬
329 740 1163 793 nus Deus. Res autem, quibus vtendum est, mundus
329 788 1161 845 est, & in eo creata. Vnde Aug, in eodem: Vtendum
332 836 1160 903 est hoc mundo, nonfruendum, vt inuisibilia De: per
327 896 1163 944 ea quae facta sunt intellecta conspiciantur, id est, vt
329 933 1152 1005 de temporalibus aeterna capiantur. Item in eodem:
327 984 1152 1041 Tn omnibus rebus illae tantum sunt, quibus fruendum
326 1043 1157 1096 est, quae aeternae & incommutabiles sunt: caeteris au¬
328 1081 1155 1147 tem vtendum est, vt ad illarum perfruitionem per¬
331 1127 1151 1175 ueniatur. Idem Aug, in lo. lib. de Tri. A Fruimur
320 1174 1157 1230 cognitis, in quibus ipsis propter se voluntas delecta¬
326 1223 1154 1292 ta conquiescit: vtonur vero eis, qua ad aliud referi¬
330 1269 690 1340 nus, quo fruendum est.
581 1311 858 1377 CAP. III
405 1368 1062 1441 Item quid intersit, inter, Frui, & Vti,
556 1415 890 1480 aliter qua supra.
369 1458 1152 1520 NOTANDVM vero quod idem August. in
322 1511 1146 1574 libro lo. de Tri, aliter quam supra accipiens, Vti &
312 1564 1128 1630 Frui, sic dicit: Vti est assumere aliquid in i faculta
311 1603 1151 1671 tem voluntatis: Frui autem est vti cum gaudio: non
312 1663 1134 1722 adhuc spei, sed iam rei: ideo que omnis qui fruitur, v¬
311 1699 1138 1788 titur: assumit enim aliquid in facultatem voluntatis
