1260 2056
342 145 606 223 CAP. VI
156 214 856 285 Epilogus, vbi exponitur quare in prae¬
274 265 718 332 dictam venerit discepta¬
423 318 584 379 tionem:
136 372 923 450 IAM sufficienter demonstratum esse videtur
89 442 927 501 quomodo omnia dicantur esse in Deo, & Deus in o¬
94 484 924 543 mnibus, quam disceptationem quasi incidenter susce¬
88 540 938 605 pimus: quia id videbatur postulare res, circa quam
97 583 930 639 noster versabatur sermo. Disserebamus enim de
98 632 944 694 scientia siue sapientia Dei: & cum diceremus Deum
88 689 939 749 scire omnia, quaesitum est vtrum propter cognitionem
101 735 941 795 quam de omnibus habet, dicerentur omnia esse in
102 792 941 845 Deo, an alia ratione hoc diceret Scriptura. Huius
105 823 937 898 ergo quaestionis occasio in praemissam nos deduxit di¬
111 886 323 957 sputationem.
166 960 873 1056 AD DISTINCTIONEM
377 1039 645 1108 XXXVII
307 1096 667 1177 AD CAP. I.
213 1175 946 1248 Beatus Gregorius. Recte annotatum est in
108 1228 943 1305 margine, nusquam inueniri istum Gregorij lo¬
103 1292 943 1337 cum. Itaque est ἀμάρτημα μνημονικὸν, vti quod su¬
104 1337 948 1395 pra Distinct. 2g. hoc ipso libro capite sexto, ex
106 1387 942 1433 Ambrosio citabatur: & alibi ex incerto autore,
102 1419 944 1485 Dist. I9. cap. 8, cum sit Cassiodori. Quo faedior
108 1472 952 1529 est Thomae in I. parte Quaest. 8. Art. 2. & Durandi
105 1519 946 1576 hoc loco, negligentia, & certe supina, qui hunc
106 1576 950 1624 velut ex Gregorio locum citant, Lombardo fi¬
99 1622 929 1676 dentes: ipsum autem Gregorij Codicem mini
98 1661 942 1721 me interim consulentes. Et quod est annotatu
94 1715 946 1772 in Homis. 69. ad Verba cap. 8. Verse i). Quo abiit
107 1774 947 1834 dilectus meus, &c. istam Gregorij sententiam re¬
