1228 2026
267 104 1110 183 periri, est falsissimum, & ab iis dictum, qui ne i¬
270 164 1109 245 psum quidem Gregorij nomen fortasse vnquam
272 218 487 281 audiuerant.
317 276 1111 330 2 Cum Deus sit. Multa hic sunt commuta¬
275 322 1097 389 ta, ne dicam contaminata: quaedam etiam prae¬
275 366 1096 426 termissa pro dictatoria istius scriptoris autori¬
271 421 1093 482 tate. Itaque in suos articulos hunc locum re¬
265 472 1090 526 stituere volumus. Sic igitur Augustinus, post¬
269 508 1095 584 eaquam docuit sonum, qui aeque omnibus, & non
282 564 1099 628 varie per se, id est, non magis minusve per sese
276 613 1100 682 insonat, tamen non aequaliter ab omnibus eum
274 659 1106 713 audientibus capi, subiicit, Quanto excellentius
281 705 1104 764 Deus natura incorporea, & immutabiliter viua,.
274 762 1113 818 (qui non sicut sonus per moras temporum tendi &
276 808 1115 867 diuidi potest: nec spatio aereo tanquam loco suo in¬
279 851 1118 916 diget, vbi praesentibus praesto sit) totus adesse rebus
277 909 1118 963 omnibus potest, & singulis totus, &c. Ergo tota pa¬
278 952 1105 1012 renthesis omissa est: & adesse potest in adest, com.
280 1004 1123 1062 mutatum, atque ita tota vis argumenti Augu¬
280 1051 592 1123 stiniani exuffsata.
322 1139 341 1160 A
390 1095 1124 1185 Vt vbi sua sint. Obscurus locus propter
323 1152 353 1188 S
275 1176 1119 1232 detruncationem a Lombardo factam. Quomo¬
276 1210 1107 1271 do enim intelligi potest, Deum esse, vbi sua sunt.
283 1270 1113 1321 Huius rationem addidit Hilarius, quam iste prae¬
278 1319 1120 1380 termisit truncata serie orationis, nempe, quia
287 1359 1109 1423 Deus sua non aliud, quam se esse significat. Ex quo
273 1414 1118 1463 iam perspicua fit tota haec oratio. Postea vero
283 1456 1113 1519 eandem lucem idem iste abstulit Hilario dicenti
281 1504 1121 1567 Deum in omnibus per sua esse non desinere, quonia
282 1557 1118 1616 subiicit statim ibidem Hilarius, Non aliud sint,
282 1607 1124 1669 quam quod est ipse, quae sua sunt. Atque sic Lom¬
278 1653 836 1731 bardus hic Hilarium tractauit.
361 1704 1124 1794 A Cum omnis creatura. Sic Ambrosius,
