1272 2056
326 140 597 219 CAP. II
74 198 921 294 lnconuenientia ostendit quae sequerentur, si
186 272 810 340 diceretur scientia vel praescientia
266 323 721 388 causa omniu rerum, quae
389 369 593 449 ei subsunt.
134 440 927 526 QVOD siita est, est ergo causa omnium malo¬
76 507 922 561 rum, cum omnia mala sciantur & praesciantur a Deo¬
86 550 927 622 quod longe est a veritate. Si enim Dei scientia vel
81 614 923 673 praescientia causa esset malorum, esset vtique Deus
85 660 918 719 autor malorum, quod penitus falsum est. Non ergo
80 711 920 773 scientia vel praescientia Dei causa est omnium que
85 751 268 828 ei subsunt.
331 834 610 912 CAP. III
171 912 858 997 Quod res futurae non sunt causa scien¬
299 964 668 1035 tiae vel praescientiae
449 1019 531 1075 Dei¬
122 1091 931 1175 NE&VE etiam res futurae causa sunt Dei prae¬
79 1163 921 1223 scientiae, licet enim non essent futurae, nisi praescirentur
91 1211 926 1266 a Deo: non tamen ideo praesciuntur, quia futurae sunt.
85 1247 931 1312 Si enim hoc esset, tunc eius quod aeternum est, aliquid
91 1300 932 1364 existeret causa, ab eo alienum, ab eo diuersum : & ex
90 1353 942 1417 creaturis dependeret scientia creatoris, & creatum
87 1394 937 1470 causa esset increati. Origenes: tamen super episto¬
85 1445 937 1508 lam ad Rom. ait, Non propterea aliquid erit, quia
91 1491 929 1564 id scit Deus futurum: sed quia futurum est, ideo sci¬
99 1540 932 1615 tur a Deo antequam fiat. Hoc videtur praemissis
103 1588 933 1664 verbis August. obuiare. Hic enim significari vi¬
94 1633 939 1700 detur, quod res futurae causa sint praescientiae: ibi vero
96 1689 816 1776 quod praescientia causa sit rerum futurarum.
