1264 2056
91 136 948 196 tio, & ratio svntaxeos legi postulat. Nec tamen
89 192 938 255 istius discipuli, vel animaduertunt, vel corri¬
95 245 221 310 gunt.
274 280 739 353 AD CAPVT
447 358 578 442 IIII
140 429 940 512 I Quota pulicum. Locus est ex Hieronymi
102 496 939 558 commentarus in librum Habachuc Prophetae,
99 543 939 607 cap. I. ad verba, mundi sunt oculi tui, sub finem
93 588 941 661 annotamenti. Hic autem quaedam immutauit
100 639 933 710 Lombardus, vti pulicum pro cimicum: prouiden¬
103 706 936 753 tiam pro potentiam, illa quidem imperite: haec
103 747 938 812 autem quae sequuntur, malitiose, his, similia, pro
106 787 940 852 & quide minoribus maiorum praedae cedere debeant:
108 830 940 899 retrudimus pro detrahimus. Vnde quam varie
99 889 825 967 Hieronymus vulneratus fuerit, apparet.
289 994 730 1071 Censura ad Distinctionem
403 1057 597 1128 XXXIX
143 1151 927 1216 Cum sit hic locus de comparatione praescie¬
101 1200 933 1264 tiae Dei cum rebus ipsis, & earum euentum diffi-
99 1253 934 1312 cillimus, multosque tum Philosophos, tum e¬
101 1305 937 1357 tiam Patres vel fefellerit male intellectus, vel
101 1352 924 1404 inuoluerit non distincte traditus (quemadmo¬
102 1398 936 1455 dum statim doceb imus ) nemo me seueriorem
97 1453 940 1507 Lombardi censorem, vt opinor, iudicabit, quod
95 1496 929 1566 haec tria in huius argumenti tractatione ab eo
103 1550 296 1613 requiram.
174 1579 933 1646 Primum, quod obscurum per obscurius
105 1646 937 1706 probat, in primis capite secundo, in fine, his
103 1690 927 1745 verbis, Non potest Deus ergo nouiter, vel ex tem¬
