1260 2080
75 152 932 218 bus gratiam non praebendam esse aequitate occultissi¬
80 207 937 262 ma, & ab humanis sensibus remotissima iudicat.
72 252 937 315 quam non aperit, sed miratur Apostolus dicens, O al¬
64 294 819 369 ctitudo diuitiarum sapientiae & scientiae Dei¬
204 417 836 507 AD DISTINCT XI
334 491 685 571 AD CAP. I.
210 575 935 651 Praedestinatio est. Quaedam sunt hoc loco
83 638 924 688 praetermissa, vt ista simul coniungerentur, quae
80 682 919 735 de praedestinatione, & praescientia habet illic Au¬
86 727 922 783 gustinus. Sed illa praetermissio nullum scopo
83 772 925 830 Augustini detrimentum affert. Illa rantum
89 824 928 880 nollem esse neglecta, quae de gratia ibidem
90 873 921 943 habentur, quoniam & totum hunc locum illu¬
96 914 922 980 strant, & mentem Augustini explicant. Con¬
95 967 918 1028 fert enim illic Augustinus haec tria inter se, prae¬
91 1013 921 1081 scientiam, praedestinationem, & gratiam. Prae¬
96 1061 924 1116 scientia est omnium: praedestinatio tantum est
90 1118 916 1170 electorum ad salutem, ait Augustinus. Gratia
89 1152 921 1217 vero est ipsa donatio, & praedestinationis effe¬
92 1208 922 1281 ctum. Haec ille quae ad huius loci explicationem
87 1249 433 1329 plurimum faciunt.
360 1323 726 1409 AD CAP. II
211 1393 919 1458 SIalius non est. Locus hic ab Augustini
87 1446 925 1504 menteplane detortus est per Lombardum, vt
94 1499 921 1547 ex istis facile colligi potest. Duplex est apud Au
87 1547 919 1608 gustinum de eo, Vtrum sit certus praedestinatorum
93 1593 923 1657 numerus quaestio, & vtraque dissimilis. Prima est,
96 1640 922 1691 Vtrum ratione numeri tantum certus sit, quo¬
89 1683 915 1753 niam si qui ex iam praedestinatis excidant, alij
78 1739 921 1810 un eorum numerum a Deo subrogentur, veluti
