1244 2056
79 132 907 203 Quod ipsum vitiat, variatque sententiam au¬
71 187 189 266 toris.
202 222 919 293 Vt ait Fulgentius. Sed neque verba haec
76 288 917 344 apud Fulgentium reperi. Huius argumenti tra¬
81 339 906 391 ctatio extat apud eum libro primo, ad Moni¬
75 383 913 436 mum, ex cuius libri cap. 22. haec excerpta sunt,
71 428 914 493 An his autem qui putantur praedestinati no ad luen¬
69 487 914 541 da supplicia, sed ad perpetranda peccata, cum caus¬
68 526 912 604 sa Praedestinationis quaeritur, non inuenio quid re¬
74 575 909 633 spondere posset, quisquis hanc asserere medita tur.
74 624 911 683 Deinde paulo post subiicit, Absit hoc a nobis, at¬
78 681 915 738 que ab omnibus Christianis, vt caussam cuiustibet
75 721 910 787 peccati quisquam deputare diuinae audeat aequita¬
80 767 913 837 ti. Et capite 27, Non ergo iniqui praedestinati
101 828 913 879 unt ad mortem animae primam: (id est, peccatum)
111 879 915 931 d praedestinati sunt ad secundam, id est, ad stagnum
102 923 921 983 gnis & sulphuris: & eodem capite posteam, Pecca¬
102 964 907 1028 aitaque hominum cuncta quidem Deus in pecca¬
102 1013 906 1083 toribus praesciuit futura. Et quia ipse non ea praede¬
101 1062 919 1128 ctinauit facienda, iiste praedestinauit iudicio punien¬
100 1106 918 1176 da. Hactenus ille. Ex quibus quam bona fide
107 1154 923 1228 gat in citando Fulgentio Lombardus apparet.
136 1206 917 1278 4 Sicut ergo. Haec iam sunt extrita ex libr.
79 1260 912 1318 August. de Bono perseuerantiae, capite I4. vs¬
85 1303 916 1355 que ad verba, ita reprobatio, &c. Addidit igitur
90 1354 914 1424 Lombardus vocem comparationis Sicut, quae
86 1399 915 1459 non est apud Augustinum, vt redditio, id est,
81 1460 912 1511 alterum membrum huius sententiae (quod con¬
81 1504 912 1561 tinetur his verbis, Ita reprobatio Dei est praescien¬
81 1546 907 1606 tia &c eiusdem quoque Augustini esse crede¬
80 1590 917 1646 retur. Atque ita ementito testimonio vera esse
92 1638 910 1704 videretur ipsius Lombardi sententia. longe ta¬
83 1684 921 1753 men ab Augustini mente in hoc argumento dis¬
80 1738 914 1820 similis ac diuersa. Atque hic locus perspicue
