1279 2037
124 107 958 170 Augustinus in Quaest, Veter. & Noui testam:ti,
130 158 956 220 Quaestione 8y. scribat inter ipsa primordia Ec¬
117 204 956 263 clesiae perspicue Trinitatis arcanum traditum
117 255 960 315 non fuisse. Thomas in prima secundae Quaest.
116 296 956 367 SX. D ipliciter fidei derogat, ait, qui Trinitatem
123 354 960 406 Personaram naturali ratione probare nititur i. quia
110 387 960 457 fides est de inuisibilibus, quae rationem humanam
119 448 959 508 saperant. 2. quia hac ratione exponit ludibrio ipsam
118 497 949 561 fidem Christianam: Idem Quaest. 29. artic. y. ne¬
127 545 956 607 gat proprietates diuinas ex creaturis cognosci
125 604 954 651 posse. Ergo etiam, teste ipso Thoma, nedum
124 649 949 697 Augustino, ex rebus conditis Deus trinus in¬
120 693 949 750 telligi, id est, hoc Dei inuisibile & arcanum co¬
115 739 959 806 gnosci nequaquam potest, quicquid Lombar¬
124 786 946 847 dus ex Augustino se protulisse existimet. Nam
124 833 954 899 illa etia ἀφατα Oεo, quae cerni dicit Paulus, non
122 883 952 941 Dei essentia sunt, sed tantum ἀρετας vt Petrus
120 927 956 982 loquitur t. Epistola 2. versu 9. Neque obstat
127 987 957 1037 quod Plato Epistola 2. ad Dionem, & Trisme¬
126 1033 953 1088 gistus in Pimandro, Sectione prima, quaedam
133 1072 955 1134 de tanto mysterio cogitasse creduntur. Nam
132 1130 951 1180 eorum cogitationes de primo, secundo, & ter¬
129 1170 962 1234 tio principio seu Deo (ut Plato loquitur:)Vel
124 1218 951 1269 de mente, verbo, & Spiriru (quemadmodum
137 1264 945 1316 Trismegistus appellauit) sunt plane a Theolo¬
121 1312 954 1377 gicis istis dissimiles: quoniam isti tres deos se¬
129 1365 947 1420 paratos constituunt, qualia sunt tria eiusdem
121 1404 952 1468 speciei indiuidua: non autem vt vnam numero
126 1458 952 1517 & eandem Trium essentiam agnoscant, quod
117 1507 946 1561 fides Christiana docet. Itaque quemadmodum
121 1558 943 1617 praeclare tradit Cyrillus libro I. contra sulia¬
124 1598 950 1659 num, καύύαοιν & ὑφαῶιν in personis diuinis illi fin
128 1644 958 1704 xerunt: vnde & Manichaeorum, & Ariano¬
127 1694 956 1773 rum haereses postea emanarunt. Deinde ista
