1288 2056
93 136 967 208 DAulo post dixi, Nostrum enim est credere & velle,
95 189 955 262 adis autem dare credentibus & volentibus faculta¬
106 246 973 311 eaum bene operandi per Spiritum sanctum, per quem
102 292 980 360 eharitas Dei diffunditur in cordibus nostris, verum.
105 337 972 411 est quidem, sed eadem regula est. Et vtrunque ipsius
108 389 961 461 est, quia ipse praeparat voluntatem : & vtrunque no¬
108 436 955 506 Erum, quia non fit nisi volentibus nobis: ergo & me¬
111 489 962 556 vaitum fidei de misericordia Dei venit. Non ergo
115 540 969 594 propter fidem vel aliqua merita elegit Deus aliquos
115 591 955 651 ab aeterno, vel apposuit gratiam iustificationis in ten¬
107 636 963 705 pore, sed gratuita bonitate sua elegit, vt boni essent.
119 684 943 746 Vnde Augustinus in lib. de praedestinatione Sancto
114 728 948 791 rum, Non quia futuros nos tales esse praesciuit, id
111 773 961 847 eo elegit: sed vt essemus tales per ipsam electionem gra¬
116 828 876 891 eiae sua, qua gratificauit nos in dilecto Filio suo.
412 912 688 995 CAP. III
212 984 893 1060 His videtur contrarium quod alibi ait
411 1039 651 1113 Augustinus.
174 1079 940 1165 IS tamen aduersari videtur quod dicit Au
116 1159 939 1221 gustinus libro Ss. Quaestionum, Cui vult, inquit, mi
114 1208 947 1266 eretur Deus, & quem vult indurat: sed haec volun¬
120 1260 943 1323 tas Dei iniusta esse non potest. Venit enim de occul
120 1306 955 1360 tissimis meritis: quia & ipsi peccatores quumpro¬
130 1354 947 1424 pter generale peccatum vnam massam fecerunt, ta¬
120 1401 940 1470 men nonnulla inter eos est diuersitas. Praecedit er
128 1449 958 1517 go aliquid in peccatoribus, quo quanuis nondum
119 1500 942 1562 sint iustificati, digni efficiantur iustificatione. Et i
126 1555 934 1614 tem praecedit in alijs peccatoribus, quo digni sunt ob
130 1598 936 1656 tultone. Ecce hic videtur Augustinus dicere, quos
133 1645 942 1715 & ipsa Dei voluntas, qua alios eligit, alios repro¬
124 1689 946 1758 bat, ex meritis proueniat, sed occultissimis, id est,
119 1745 946 1824 quod pro meritisalios voluerit eligere, alios reproba¬
