1256 2039
311 99 1148 159 ista sic Plato & Trismegistus de tribus illis
320 154 1150 205 suis deis meditabantur, vt ad hominum ra¬
318 195 1149 250 tionem & cogitationem referrent, existima¬
314 246 1149 310 rentque reueram meditatione quadam κουῶν seu
318 297 1145 356 verbum a mente fuisse productum, vti ex no¬
316 345 1143 398 strae ipsorum mentis cogitatione vox progre¬
313 394 1149 455 ditur: sicque Filium Dei Nῶυον τρoροεικὸν, non
313 441 1144 490 autem ξδiαλιτὸν esse intelligebant & doce¬
311 487 1139 548 bant, qui fuit Arianorum & postea Serueta¬
318 537 1137 593 norum furor. Denique haec tota istorum ora¬
321 575 1133 637 tio fuit idealis tantum, & ex superstitiosa terna¬
309 627 1143 689 rij numeri commendatione nata. Etsi quidam
313 676 1133 728 censent hanc eorum sententiam ex veteri He¬
309 723 1141 785 braeorum traditione, & purae religionis reli¬
317 771 556 838 quiis extitisse.
360 817 1140 873 Secundum autem quod in hac Distinctione
310 871 1133 930 reprehendendum puto, est in eo, quod Au¬
313 917 1133 977 gustini Sanctissimi Patris, & de tanto myste¬
311 976 1126 1028 rio verecunde ac reuerenter vbique loquen¬
305 1015 1132 1068 tis mentem iste nequaquam perspexit, aut ob¬
305 1063 1134 1121 seruauit. Nam varias quidem Trinitatis ima¬
306 1116 1140 1171 gines piis proponit Augustinus totis libris
303 1163 1138 1219 XV. de Trinitate, imprimisque a libro &. ad
313 1204 1138 1270 vltimu vsque: sed tamen eas tantum pingit iis,
305 1263 1122 1313 qui iam ex Dei verbo istam doctrinam didi¬
306 1303 1127 1353 cerunt, vt a nobis adhuc in istis terris versan¬
306 1354 1133 1413 tibus, & ab animo nondum plane iusto, sed
301 1396 1129 1450 tamen iam ista intelligente per charitatem, (sic
303 1449 1123 1515 euim Augustinus loquitur libro 18. capite 2.)
305 1492 1124 1550 natura non tantum incorporalis, sed etiam in¬
299 1546 1119 1604 commutabilis & iusta (quae est Deus) quan¬
298 1586 1127 1652 tum fieri potest, intelligeretur. Istas igitur
295 1637 1127 1696 velut rudiores picturas piis proposuit: quas
297 1681 1127 1763 tamen esse ab ipsa Trinitatis (cuius exprimen¬
