1214 2027
269 104 1114 190 re: & quod pro meritis alijs apponitur gratia iustifi¬
277 176 1118 245 cationis, alijs no, vnde obtunduntur. Sed quid intelli¬
278 221 1124 305 gere voluerit, ignoratur: nisi forte hoc dicatur intel¬
281 270 1111 337 lexisse, quod supra diximus eum retractasse. Nam
282 314 1106 391 ibidem quaedam alia continue subdit, quae in libro
288 364 1101 434 primo Retract. aperte tractat: quod vtrumque legen¬
287 411 1105 490 ti patebit. Vnde verisimile est in praemissis etia hac
284 460 1101 533 retractasse. Quidam tamen ex eo sensus acciptunt
282 510 1102 589 fore dictum, non quia aliquis praedestinetur pro mo¬
284 549 1102 637 ritis, vel iustificationis gratiam mereatur: sed aua
279 608 1098 690 aliqui non adeo mali sunt, vt mereantur sibi granum
280 667 1105 729 non impartiri. Nullus enim Dei gratiam mereri ao¬
284 702 1111 781 test, per quam iustificatur: potest tamen mereri &t
279 763 1107 820 non apponatur, vt penitus abiiciatur. Et quidem a¬
276 810 1114 869 liqui in tantum profundum iniquitatis deuenerunt,
282 860 1117 917 ut hoc mereantur, vt hoc digni sint: alij vero ita vi¬
275 899 1120 978 uunt, vt etsi non mereantur gratiam iustificationis,
281 956 1118 1022 non tamen merentur omnino repelli, & gratiam sibi
284 1020 1119 1077 subtrahi. Ideoque dixit in quibusdam peccatoribus
289 1055 1120 1123 praecedere quo digni sint iustificatione, & in alijs quo
286 1108 931 1188 digni sint obtusione: sed hoc friuolum est.
511 1182 822 1280 CAP. IIII
376 1260 1051 1345 Opinio quorundam falsa, de occultis
466 1320 879 1387 Dei disserentium car¬
599 1372 750 1433 naliter.
347 1417 1099 1498 MVLTI vero de isto profundo quaerentes
286 1482 1093 1547 reddere rationem, atque secundum coniecturas cor¬
288 1529 1103 1603 dis sui inscrutabilem altitudinem iudiciorum Dei
289 1573 1099 1648 cogitare conantes, in fabulas vanitatis abierumt. di¬
289 1635 1109 1703 centes, quod animae sursum in calo peccant, & secun¬
280 1685 1113 1742 dum peceata sua ad corpora pro meritis diriguntur,
274 1740 1113 1812 & dignis sibi quasi carceribus includuntur. Terunt
