<?xml version="1.0" encoding="UTF-8" standalone="yes"?>
<PcGts xmlns="http://schema.primaresearch.org/PAGE/gts/pagecontent/2013-07-15" xmlns:xsi="http://www.w3.org/2001/XMLSchema-instance" xsi:schemaLocation="http://schema.primaresearch.org/PAGE/gts/pagecontent/2013-07-15 http://schema.primaresearch.org/PAGE/gts/pagecontent/2013-07-15/pagecontent.xsd">
    <Metadata>
        <Creator>prov=University of Rostock/Institute of Mathematics/CITlab|PLANET AI GmbH/Gundram Leifert/gundram.leifert@planet-ai.de:name=Geneva1580-m2(htr_id=30020)::::v=2.6.7
prov=University of Rostock/Institute of Mathematics/CITlab|PLANET AI GmbH/Tobias Gruening/tobias.gruening@planet-ai.de:name=de.uros.citlab.module.baseline2polygon.B2PSeamMultiOriented:v=2.6.7
prov=University of Rostock/Institute of Mathematics/CITlab|PLANET AI GmbH/Tobias Gruening/tobias.gruening@planet-ai.de:name=/net_tf/LA73_249_0mod360.pb:de.uros.citlab.segmentation.CITlab_LA_ML:v=2.6.6
Transkribus</Creator>
        <Created>2021-01-20T13:57:42.551+01:00</Created>
        <LastChange>2021-02-10T16:40:42.595+01:00</LastChange>
        <TranskribusMetadata docId="576385" pageId="23672761" pageNr="770" tsid="52356063" status="IN_PROGRESS" userId="25065" imgUrl="https://files.transkribus.eu/Get?id=AONXIVMZAYPKQZSIEKRIYUVE&amp;fileType=view" xmlUrl="https://files.transkribus.eu/Get?id=TXQBLWYTWEWFSLRCBUWWUAVI" imageId="18181567"/>
    </Metadata>
    <Page imageFilename="769.jpg" imageWidth="1225" imageHeight="2021">
        <ReadingOrder>
            <OrderedGroup id="ro_1612986082366" caption="Regions reading order">
                <RegionRefIndexed index="0" regionRef="r1"/>
            </OrderedGroup>
        </ReadingOrder>
        <TextRegion orientation="0.0" id="r1" custom="readingOrder {index:0;}">
            <Coords points="304,60 304,1805 1146,1805 1146,60"/>
            <TextLine id="r1l3" custom="readingOrder {index:0;}">
                <Coords points="305,168 629,153 686,177 802,148 1152,167 1134,99 305,119"/>
                <Baseline points="310,151 351,151 393,152 435,152 477,151 519,151 560,151 602,150 644,149 686,149 728,148 769,147 811,147 853,146 895,146 937,146 978,146 1020,146 1062,146 1104,147 1146,148"/>
                <TextEquiv>
                    <Unicode>nunmquam expugnata (quia Dei verbo fundatur)</Unicode>
                </TextEquiv>
            </TextLine>
            <TextLine id="r1l4" custom="readingOrder {index:1;}">
                <Coords points="314,209 1147,217 1146,170 1072,156 314,175"/>
                <Baseline points="319,199 360,200 401,200 442,200 483,200 524,200 565,199 606,199 647,198 688,198 730,197 771,196 812,196 853,195 894,195 935,194 976,194 1017,195 1058,195 1099,196 1141,197"/>
                <TextEquiv>
                    <Unicode>veritate tuenda, IDei verbum erat afferendum,</Unicode>
                </TextEquiv>
            </TextLine>
            <TextLine id="r1l5" custom="readingOrder {index:2;}">
                <Coords points="307,256 1093,262 1150,256 1150,219 1082,202 988,228 892,201 306,223"/>
                <Baseline points="312,248 353,248 395,248 436,248 478,248 520,248 561,247 603,247 644,246 686,246 728,245 769,244 811,244 852,244 894,243 936,243 977,243 1019,243 1060,244 1102,245 1144,246"/>
                <TextEquiv>
                    <Unicode>quale est Rom. 9. Versi Io. H. Ix. Tit. 8. Versas, a¬</Unicode>
                </TextEquiv>
            </TextLine>
            <TextLine id="r1l6" custom="readingOrder {index:3;}">
                <Coords points="318,307 1140,300 1122,254 318,261"/>
                <Baseline points="323,295 363,296 404,296 444,296 485,296 526,296 566,296 607,295 647,295 688,294 729,294 769,293 810,293 850,292 891,292 932,291 972,291 1013,291 1053,290 1094,290 1135,291"/>
                <TextEquiv>
                    <Unicode>Thimoth. I. Versi 9. Exod. 88. Vers. I9 &amp; simili¬</Unicode>
                </TextEquiv>
            </TextLine>
            <TextLine id="r1l7" custom="readingOrder {index:4;}">
                <Coords points="314,355 1141,361 1140,316 1075,301 811,303 785,326 752,305 314,305"/>
                <Baseline points="319,345 359,345 400,346 441,346 482,345 523,345 563,345 604,344 645,343 686,343 727,342 767,341 808,340 849,340 890,339 931,339 971,338 1012,338 1053,338 1094,339 1135,339"/>
                <TextEquiv>
                    <Unicode>bus aliis S. Scripturae locis. Iste tamen nimium</Unicode>
                </TextEquiv>
            </TextLine>
            <TextLine id="r1l8" custom="readingOrder {index:5;}">
                <Coords points="310,415 1132,402 1132,358 1098,352 310,358"/>
                <Baseline points="315,393 355,393 396,394 436,393 477,393 518,393 558,393 599,392 639,391 680,391 721,390 761,389 802,389 842,388 883,388 924,387 964,387 1005,387 1045,387 1086,387 1127,387"/>
                <TextEquiv>
                    <Unicode>securus, &amp; quasi de re leuis momenti ageretur,</Unicode>
                </TextEquiv>
            </TextLine>
            <TextLine id="r1l9" custom="readingOrder {index:6;}">
                <Coords points="317,449 1132,451 1131,403 996,394 953,419 852,396 317,413"/>
                <Baseline points="322,442 362,442 402,441 442,441 483,441 523,441 563,440 603,440 644,439 684,438 724,438 764,437 805,437 845,436 885,436 925,435 966,435 1006,435 1046,435 1086,435 1127,435"/>
                <TextEquiv>
                    <Unicode>omne probationis genus neglexit, adeo vt ne</Unicode>
                </TextEquiv>
            </TextLine>
            <TextLine id="r1l10" custom="readingOrder {index:7;}">
                <Coords points="305,504 1124,507 1138,451 305,463"/>
                <Baseline points="310,490 351,490 392,490 433,490 474,489 515,489 556,489 598,488 639,488 680,487 721,487 762,486 803,486 844,485 886,485 927,485 968,484 1009,484 1050,484 1091,484 1133,483"/>
                <TextEquiv>
                    <Unicode>Augustinum quidem citet, nisi commemorandae</Unicode>
                </TextEquiv>
            </TextLine>
            <TextLine id="r1l11" custom="readingOrder {index:8;}">
                <Coords points="313,547 1142,546 1141,507 1092,497 313,512"/>
                <Baseline points="318,537 358,537 399,537 440,537 481,537 522,537 563,537 604,537 645,536 686,536 727,535 767,535 808,534 849,534 890,533 931,533 972,532 1013,532 1054,531 1095,531 1136,531"/>
                <TextEquiv>
                    <Unicode>veteris illius opinionis gratia. Ex Dei igitur</Unicode>
                </TextEquiv>
            </TextLine>
            <TextLine id="r1l12" custom="readingOrder {index:9;}">
                <Coords points="316,608 391,588 1141,599 1141,559 1116,551 921,539 866,559 316,550"/>
                <Baseline points="321,583 361,584 402,584 443,584 484,584 524,584 565,584 606,584 647,584 687,584 728,584 769,583 810,583 850,583 891,582 932,582 973,582 1013,581 1054,581 1095,581 1136,580"/>
                <TextEquiv>
                    <Unicode>Verbo hic nihil omnino profert, vbi tamen ma¬</Unicode>
                </TextEquiv>
            </TextLine>
            <TextLine id="r1l13" custom="readingOrder {index:10;}">
                <Coords points="311,646 385,645 429,658 460,645 523,653 553,641 565,647 583,641 583,603 543,597 528,606 497,597 478,609 465,602 428,612 376,590 353,601 343,594 310,601"/>
                <Baseline points="316,633 342,634 368,634 394,634 420,633 447,633 473,633 499,633 525,633 551,633 578,633"/>
                <TextEquiv>
                    <Unicode>xime oportuit.</Unicode>
                </TextEquiv>
            </TextLine>
            <TextLine id="r1l14" custom="readingOrder {index:11;}">
                <Coords points="358,690 1105,699 1145,689 1144,601 984,606 885,658 802,637 744,658 358,649"/>
                <Baseline points="364,682 402,682 441,681 480,681 519,681 558,681 596,680 635,680 674,680 713,680 752,680 790,680 829,680 868,679 907,679 946,679 984,678 1023,677 1062,676 1101,675 1140,674"/>
                <TextEquiv>
                    <Unicode>Atque in Lombardo quidem obseruar ista</Unicode>
                </TextEquiv>
            </TextLine>
            <TextLine id="r1l15" custom="readingOrder {index:12;}">
                <Coords points="315,753 1138,740 1123,688 315,699"/>
                <Baseline points="320,729 360,729 401,729 441,729 482,729 523,729 563,729 604,728 644,728 685,728 726,728 766,728 807,728 847,728 888,727 929,727 969,727 1010,727 1050,726 1091,726 1132,725"/>
                <TextEquiv>
                    <Unicode>possunt: in ipsius autem interpretibus &amp; com¬</Unicode>
                </TextEquiv>
            </TextLine>
            <TextLine id="r1l16" custom="readingOrder {index:13;}">
                <Coords points="311,783 1129,799 1129,744 1074,735 311,750"/>
                <Baseline points="316,778 356,778 396,777 437,777 477,777 518,777 558,777 598,777 639,776 679,776 720,776 760,776 800,776 841,776 881,775 922,775 962,775 1002,775 1043,775 1083,775 1124,774"/>
                <TextEquiv>
                    <Unicode>mentatoribus, longe faediora omnia deprehen¬</Unicode>
                </TextEquiv>
            </TextLine>
            <TextLine id="r1l17" custom="readingOrder {index:14;}">
                <Coords points="311,835 1134,837 1133,791 311,788"/>
                <Baseline points="316,826 356,826 397,825 437,825 478,825 519,825 559,825 600,825 640,824 681,824 722,824 762,824 803,824 843,823 884,823 925,823 965,823 1006,822 1046,822 1087,822 1128,821"/>
                <TextEquiv>
                    <Unicode>duntur. Primum enim ex annotatione margi¬</Unicode>
                </TextEquiv>
            </TextLine>
            <TextLine id="r1l18" custom="readingOrder {index:15;}">
                <Coords points="307,889 1141,889 1141,846 1037,831 919,853 868,832 307,837"/>
                <Baseline points="313,873 354,874 395,874 436,873 477,873 518,873 559,873 601,873 642,873 683,873 724,873 765,873 806,872 847,872 889,872 930,872 971,871 1012,871 1053,871 1094,870 1136,870"/>
                <TextEquiv>
                    <Unicode>nali cap I. apparet, eos confundere quaestionem</Unicode>
                </TextEquiv>
            </TextLine>
            <TextLine id="r1l19" custom="readingOrder {index:16;}">
                <Coords points="302,937 1108,934 1149,926 1149,883 1013,904 916,883 301,891"/>
                <Baseline points="307,922 348,922 390,922 432,922 474,922 516,922 558,922 599,921 641,921 683,921 725,921 767,921 809,921 851,921 892,920 934,920 976,920 1018,919 1060,919 1102,919 1144,918"/>
                <TextEquiv>
                    <Unicode>Vtrum aliquod sit meritum Oodurationis, cum hac</Unicode>
                </TextEquiv>
            </TextLine>
            <TextLine id="r1l20" custom="readingOrder {index:17;}">
                <Coords points="307,981 1147,977 1147,940 1118,929 1040,955 879,927 840,947 307,938"/>
                <Baseline points="312,970 353,970 394,970 436,970 477,970 519,970 560,970 602,970 643,970 685,970 726,970 767,970 809,970 850,969 892,969 933,969 975,969 1016,968 1058,968 1099,968 1141,967"/>
                <TextEquiv>
                    <Unicode>vtrum sit aliquod meritum Reprobationis.. Esse</Unicode>
                </TextEquiv>
            </TextLine>
            <TextLine id="r1l21" custom="readingOrder {index:18;}">
                <Coords points="304,1026 1141,1035 1141,985 1090,974 832,997 304,984"/>
                <Baseline points="309,1018 350,1019 391,1019 433,1019 474,1019 515,1019 557,1019 598,1019 639,1019 681,1019 722,1019 763,1019 805,1018 846,1018 887,1018 929,1018 970,1017 1011,1017 1053,1017 1094,1016 1136,1016"/>
                <TextEquiv>
                    <Unicode>enim aliquod obdurationis meritum potest &amp;</Unicode>
                </TextEquiv>
            </TextLine>
            <TextLine id="r1l22" custom="readingOrder {index:19;}">
                <Coords points="305,1082 1137,1074 1137,1034 1075,1026 989,1045 305,1026"/>
                <Baseline points="310,1068 351,1068 392,1067 433,1067 474,1067 515,1067 556,1067 597,1067 638,1067 679,1067 720,1067 761,1067 802,1066 843,1066 884,1066 925,1066 966,1065 1007,1065 1048,1064 1089,1063 1131,1062"/>
                <TextEquiv>
                    <Unicode>reprobationis non potest. Has igitur quaestio¬</Unicode>
                </TextEquiv>
            </TextLine>
            <TextLine id="r1l23" custom="readingOrder {index:20;}">
                <Coords points="308,1128 1105,1145 1149,1125 1149,1079 307,1088"/>
                <Baseline points="313,1114 354,1115 396,1115 437,1115 479,1115 520,1116 562,1116 603,1116 645,1116 686,1116 728,1116 769,1116 811,1115 852,1115 894,1115 935,1115 977,1114 1018,1113 1060,1113 1101,1112 1143,1111"/>
                <TextEquiv>
                    <Unicode>nes tam diuersas recte distinxit Lombardus: isti</Unicode>
                </TextEquiv>
            </TextLine>
            <TextLine id="r1l24" custom="readingOrder {index:21;}">
                <Coords points="306,1175 329,1182 372,1172 398,1185 434,1173 443,1180 467,1172 497,1183 544,1180 544,1128 505,1137 486,1130 480,1137 456,1126 421,1141 396,1125 371,1137 336,1139 318,1126 306,1128"/>
                <Baseline points="311,1166 336,1165 361,1164 386,1164 411,1164 437,1165 462,1165 487,1165 512,1165 538,1164"/>
                <TextEquiv>
                    <Unicode>confundunt.</Unicode>
                </TextEquiv>
            </TextLine>
            <TextLine id="r1l25" custom="readingOrder {index:22;}">
                <Coords points="353,1223 557,1239 830,1217 880,1237 1149,1215 1149,1181 1075,1137 909,1189 353,1177"/>
                <Baseline points="359,1211 398,1212 437,1212 476,1212 516,1213 555,1213 594,1213 633,1213 673,1213 712,1213 751,1213 790,1212 830,1212 869,1212 908,1212 947,1212 987,1211 1026,1211 1065,1211 1104,1211 1144,1211"/>
                <TextEquiv>
                    <Unicode>Deinde quum Lombardus generaliter ex</Unicode>
                </TextEquiv>
            </TextLine>
            <TextLine id="r1l26" custom="readingOrder {index:23;}">
                <Coords points="310,1274 674,1266 706,1291 754,1266 1141,1266 1140,1217 310,1228"/>
                <Baseline points="315,1261 356,1261 397,1261 438,1262 479,1262 520,1262 561,1262 602,1262 643,1262 684,1261 725,1261 766,1261 807,1261 848,1261 889,1260 930,1260 971,1259 1012,1259 1053,1258 1094,1258 1135,1257"/>
                <TextEquiv>
                    <Unicode>Augustino neget, &amp; quidem verissime, vllum</Unicode>
                </TextEquiv>
            </TextLine>
            <TextLine id="r1l27" custom="readingOrder {index:24;}">
                <Coords points="310,1321 1011,1315 1052,1335 1077,1313 1134,1334 1134,1268 310,1284"/>
                <Baseline points="315,1308 355,1308 396,1308 437,1308 477,1309 518,1309 559,1309 599,1309 640,1309 681,1309 722,1309 762,1309 803,1309 844,1309 884,1309 925,1309 966,1308 1006,1308 1047,1307 1088,1307 1129,1306"/>
                <TextEquiv>
                    <Unicode>esse nostrum meritum vel electionis, vel gratiae</Unicode>
                </TextEquiv>
            </TextLine>
            <TextLine id="r1l28" custom="readingOrder {index:25;}">
                <Coords points="310,1371 953,1360 1127,1382 1127,1322 1077,1313 994,1336 310,1321"/>
                <Baseline points="316,1356 356,1356 396,1356 436,1356 477,1357 517,1357 557,1358 598,1358 638,1358 678,1359 719,1359 759,1359 799,1359 839,1359 880,1359 920,1358 960,1357 1001,1356 1041,1355 1081,1353 1122,1351"/>
                <TextEquiv>
                    <Unicode>Dei, post clectionem in nos collatae, vt tota salu¬</Unicode>
                </TextEquiv>
            </TextLine>
            <TextLine id="r1l29" custom="readingOrder {index:26;}">
                <Coords points="305,1425 1126,1427 1126,1381 1065,1366 305,1372"/>
                <Baseline points="311,1404 351,1405 391,1405 432,1405 472,1406 513,1406 553,1406 594,1407 634,1407 675,1407 715,1407 755,1407 796,1407 836,1407 877,1406 917,1406 958,1405 998,1404 1039,1403 1079,1402 1120,1401"/>
                <TextEquiv>
                    <Unicode>tis nostrae gloria in solidum vni Deo vindice¬</Unicode>
                </TextEquiv>
            </TextLine>
            <TextLine id="r1l30" custom="readingOrder {index:27;}">
                <Coords points="308,1470 951,1459 994,1482 1083,1455 1129,1475 1129,1427 1072,1412 308,1425"/>
                <Baseline points="313,1453 353,1453 394,1454 434,1454 475,1454 515,1454 556,1454 596,1455 637,1455 677,1455 718,1455 759,1455 799,1455 840,1455 880,1455 921,1454 961,1453 1002,1452 1042,1451 1083,1450 1124,1448"/>
                <TextEquiv>
                    <Unicode>tur, quemadmodum par est, atque accepta fera¬</Unicode>
                </TextEquiv>
            </TextLine>
            <TextLine id="r1l31" custom="readingOrder {index:28;}">
                <Coords points="316,1516 1122,1517 1103,1466 316,1470"/>
                <Baseline points="321,1502 360,1502 400,1502 440,1502 480,1502 519,1502 559,1502 599,1503 639,1503 678,1503 718,1503 758,1503 798,1503 837,1503 877,1503 917,1502 957,1501 996,1500 1036,1499 1076,1498 1116,1496"/>
                <TextEquiv>
                    <Unicode>tur: isti tamen nouas fraudes machinati sunt, at¬</Unicode>
                </TextEquiv>
            </TextLine>
            <TextLine id="r1l32" custom="readingOrder {index:29;}">
                <Coords points="309,1567 1124,1568 1106,1514 309,1512"/>
                <Baseline points="315,1551 355,1551 395,1551 435,1551 475,1551 516,1551 556,1551 596,1551 636,1551 676,1551 717,1551 757,1551 797,1551 837,1551 877,1551 918,1550 958,1549 998,1548 1038,1547 1078,1546 1119,1544"/>
                <TextEquiv>
                    <Unicode>que hanc Distinctionem addiderunt, nempe</Unicode>
                </TextEquiv>
            </TextLine>
            <TextLine id="r1l33" custom="readingOrder {index:30;}">
                <Coords points="316,1608 1085,1623 1124,1569 316,1573"/>
                <Baseline points="321,1598 360,1598 400,1598 440,1599 480,1599 520,1599 560,1599 600,1599 640,1599 680,1600 720,1600 759,1599 799,1599 839,1599 879,1598 919,1597 959,1596 999,1595 1039,1593 1079,1591 1119,1589"/>
                <TextEquiv>
                    <Unicode>nullam esse causam nostrae praedestinationis</Unicode>
                </TextEquiv>
            </TextLine>
            <TextLine id="r1l34" custom="readingOrder {index:31;}">
                <Coords points="321,1671 884,1652 958,1672 1030,1651 1089,1671 1126,1659 1126,1599 1084,1623 320,1623"/>
                <Baseline points="326,1647 365,1647 405,1647 445,1647 485,1647 524,1647 564,1647 604,1648 644,1648 683,1648 723,1648 763,1648 803,1648 842,1647 882,1647 922,1646 962,1645 1001,1644 1041,1643 1081,1642 1121,1640"/>
                <TextEquiv>
                    <Unicode>quoad aeternam Dei electione, vel quoad tem¬</Unicode>
                </TextEquiv>
            </TextLine>
            <TextLine id="r1l35" custom="readingOrder {index:32;}">
                <Coords points="321,1712 846,1697 1059,1721 1137,1709 1137,1646 1072,1669 321,1671"/>
                <Baseline points="326,1694 366,1695 406,1695 446,1695 487,1695 527,1695 567,1696 608,1696 648,1696 688,1696 729,1696 769,1696 809,1695 849,1695 890,1695 930,1694 970,1693 1011,1693 1051,1692 1091,1691 1132,1690"/>
                <TextEquiv>
                    <Unicode>poralem ipsius gratiae collationem, Ex parte</Unicode>
                </TextEquiv>
            </TextLine>
            <TextLine id="r1l36" custom="readingOrder {index:33;}">
                <Coords points="312,1777 530,1750 1147,1768 1147,1714 312,1717"/>
                <Baseline points="317,1741 358,1742 399,1743 440,1743 482,1744 523,1745 564,1745 605,1745 647,1745 688,1745 729,1745 770,1745 812,1744 853,1744 894,1744 935,1743 977,1742 1018,1742 1059,1741 1100,1740 1142,1739"/>
                <TextEquiv>
                    <Unicode>quiden actus volentis, i. praedestinantis Deis ex</Unicode>
                </TextEquiv>
            </TextLine>
            <TextEquiv>
                <Unicode>nunmquam expugnata (quia Dei verbo fundatur)
veritate tuenda, IDei verbum erat afferendum,
quale est Rom. 9. Versi Io. H. Ix. Tit. 8. Versas, a¬
Thimoth. I. Versi 9. Exod. 88. Vers. I9 &amp; simili¬
bus aliis S. Scripturae locis. Iste tamen nimium
securus, &amp; quasi de re leuis momenti ageretur,
omne probationis genus neglexit, adeo vt ne
Augustinum quidem citet, nisi commemorandae
veteris illius opinionis gratia. Ex Dei igitur
Verbo hic nihil omnino profert, vbi tamen ma¬
xime oportuit.
Atque in Lombardo quidem obseruar ista
possunt: in ipsius autem interpretibus &amp; com¬
mentatoribus, longe faediora omnia deprehen¬
duntur. Primum enim ex annotatione margi¬
nali cap I. apparet, eos confundere quaestionem
Vtrum aliquod sit meritum Oodurationis, cum hac
vtrum sit aliquod meritum Reprobationis.. Esse
enim aliquod obdurationis meritum potest &amp;
reprobationis non potest. Has igitur quaestio¬
nes tam diuersas recte distinxit Lombardus: isti
confundunt.
Deinde quum Lombardus generaliter ex
Augustino neget, &amp; quidem verissime, vllum
esse nostrum meritum vel electionis, vel gratiae
Dei, post clectionem in nos collatae, vt tota salu¬
tis nostrae gloria in solidum vni Deo vindice¬
tur, quemadmodum par est, atque accepta fera¬
tur: isti tamen nouas fraudes machinati sunt, at¬
que hanc Distinctionem addiderunt, nempe
nullam esse causam nostrae praedestinationis
quoad aeternam Dei electione, vel quoad tem¬
poralem ipsius gratiae collationem, Ex parte
quiden actus volentis, i. praedestinantis Deis ex</Unicode>
            </TextEquiv>
        </TextRegion>
    </Page>
</PcGts>
