1241 2040
83 102 884 177 omnia possit, an tantum quia ea possit quae vult.
97 162 875 215 Quod enim Deus omnia possit plurib authorita
79 213 878 271 tibus comprobatur. Ait enim Aug. in lib. quaest. ve
81 258 885 325 teris ac noue legis. Omnia quidem potest Deus, sed
78 307 887 360 non facit nisi quod conuenit veritati eius & iustitiae¬
80 360 891 426 ldem in eodem. Potuit Deus cuncta facere simul, sed
83 413 895 474 ratio prohibuit, id est, voluntas. Bationem nempe ibi
87 458 893 507 voluntatem Dei appellauit, quia Dei voluntas ra.
77 503 897 577 tionabilis est & aequissima. Fatendum est ergo Deum
76 553 283 622 omnia posse.
365 598 612 686 CAP. II
138 696 846 764 Quomodo dicatur Deus omnia posse,
220 739 752 806 cum nos multa possimus quae
343 790 641 853 ipse non potest.
132 845 896 915 SED quaeritur, quomodo omnia posse dicatur,
87 902 905 955 cum nos quaedam possimus quae ipse non potest. Non
89 942 906 1009 potest enim ambulare, loqui, & huiusmodi, quae a na
80 1002 896 1055 tura diuinitatis sunt penitus aliena, cum horum in¬
81 1048 892 1110 strumenta nullatenus habere queat incorporea &
86 1089 886 1156 simplex substantia. Quibus id respondendum arbi
74 1140 896 1209 tror, quod huiusmodi actiones, ambulatio scilicet &
77 1193 895 1260 locutio & huiusmodi, a Dei potentia aliena non sunt.
88 1244 902 1288 sed ad ipsam pertinent. Licet enim huiusmodi actio¬
81 1292 895 1353 nes in se Deus habere non possit(non enim potest am¬
78 1335 901 1402 bulare, vel loqui, & huiusmodi)eas tamen in creatu¬
83 1397 907 1452 ris potest operari, facit enim ut homo ambulet, & lo¬
84 1438 906 1494 quatur, & huiusmodi. Non ergo per istas actiones
81 1482 909 1548 diuinae potentiae detrahitur aliquid, quia & hoc po¬
87 1524 445 1600 test facore omnipotens.
398 1586 669 1660 CAP. III
312 1648 646 1722 De aliis obiicitur.
114 1705 929 1790 SeD sunt alia quaedam quae Deus nullatenus,
