<?xml version="1.0" encoding="UTF-8" standalone="yes"?>
<PcGts xmlns="http://schema.primaresearch.org/PAGE/gts/pagecontent/2013-07-15" xmlns:xsi="http://www.w3.org/2001/XMLSchema-instance" xsi:schemaLocation="http://schema.primaresearch.org/PAGE/gts/pagecontent/2013-07-15 http://schema.primaresearch.org/PAGE/gts/pagecontent/2013-07-15/pagecontent.xsd">
    <Metadata>
        <Creator>prov=University of Rostock/Institute of Mathematics/CITlab|PLANET AI GmbH/Gundram Leifert/gundram.leifert@planet-ai.de:name=Geneva1580-m2(htr_id=30020)::::v=2.6.7
prov=University of Rostock/Institute of Mathematics/CITlab|PLANET AI GmbH/Tobias Gruening/tobias.gruening@planet-ai.de:name=de.uros.citlab.module.baseline2polygon.B2PSeamMultiOriented:v=2.6.7
prov=University of Rostock/Institute of Mathematics/CITlab|PLANET AI GmbH/Tobias Gruening/tobias.gruening@planet-ai.de:name=/net_tf/LA73_249_0mod360.pb:de.uros.citlab.segmentation.CITlab_LA_ML:v=2.6.6
Transkribus</Creator>
        <Created>2021-01-20T13:57:44.633+01:00</Created>
        <LastChange>2021-02-10T16:41:52.318+01:00</LastChange>
        <TranskribusMetadata docId="576385" pageId="23672773" pageNr="776" tsid="52356113" status="IN_PROGRESS" userId="25065" imgUrl="https://files.transkribus.eu/Get?id=LQPLNSETJDSJSAYKRUHOYPPI&amp;fileType=view" xmlUrl="https://files.transkribus.eu/Get?id=LJULUEYXHHNGFKBUCPQLCVBA" imageId="18181579"/>
    </Metadata>
    <Page imageFilename="775.jpg" imageWidth="1223" imageHeight="2027">
        <ReadingOrder>
            <OrderedGroup id="ro_1612986083579" caption="Regions reading order">
                <RegionRefIndexed index="0" regionRef="r2"/>
            </OrderedGroup>
        </ReadingOrder>
        <TextRegion orientation="0.0" id="r2" custom="readingOrder {index:0;}">
            <Coords points="309,58 309,1812 1154,1812 1154,58"/>
            <TextLine id="r2l3" custom="readingOrder {index:0;}">
                <Coords points="309,177 1151,157 1150,112 1048,92 894,118 538,93 308,117"/>
                <Baseline points="314,155 355,155 397,154 438,154 480,153 522,152 563,152 605,151 646,151 688,150 730,149 771,149 813,148 854,148 896,147 938,147 979,147 1021,147 1062,147 1104,147 1146,147"/>
                <TextEquiv>
                    <Unicode>sistit. His authoritatibus videtur ostendi, quod Deus </Unicode>
                </TextEquiv>
            </TextLine>
            <TextLine id="r2l4" custom="readingOrder {index:1;}">
                <Coords points="303,224 687,201 860,231 1152,204 1151,157 303,179"/>
                <Baseline points="309,204 350,204 392,203 434,202 476,202 518,201 560,201 601,200 643,200 685,199 727,199 769,199 811,198 853,198 894,198 936,198 978,198 1020,198 1062,198 1104,198 1146,198"/>
                <TextEquiv>
                    <Unicode>ex eo tantum dicatur omnipotens, quod omnia potest</Unicode>
                </TextEquiv>
            </TextLine>
            <TextLine id="r2l5" custom="readingOrder {index:2;}">
                <Coords points="303,263 344,282 399,258 551,285 577,263 662,253 724,281 750,263 817,262 816,208 701,228 586,211 556,229 455,212 419,229 303,225"/>
                <Baseline points="309,253 334,253 359,253 384,253 409,253 434,253 459,252 484,252 509,251 534,251 560,250 585,249 610,249 635,248 660,248 685,248 710,247 735,247 760,248 785,248 811,248"/>
                <TextEquiv>
                    <Unicode>quae vult, non quia omnia possit</Unicode>
                </TextEquiv>
            </TextLine>
            <TextLine id="r2l6" custom="readingOrder {index:3;}">
                <Coords points="538,340 565,325 606,324 643,341 688,320 749,337 848,331 847,277 839,275 752,285 714,275 676,286 641,264 596,264 559,286 537,283"/>
                <Baseline points="543,319 568,319 593,319 618,319 643,319 668,319 693,319 718,318 743,318 768,317 793,317 818,316 843,316"/>
                <TextEquiv>
                    <Unicode>CAP. VII</Unicode>
                </TextEquiv>
            </TextLine>
            <TextLine id="r2l7" custom="readingOrder {index:4;}">
                <Coords points="446,406 649,387 727,408 802,387 925,401 966,385 1038,403 1037,341 992,332 845,330 779,360 694,337 637,358 587,338 445,343"/>
                <Baseline points="451,385 480,385 509,384 538,384 567,383 596,383 625,383 654,382 683,382 712,382 741,381 770,381 799,381 828,380 857,380 886,380 915,379 944,379 973,378 1002,378 1032,377"/>
                <TextEquiv>
                    <Unicode>Determinatio praemissarum au¬</Unicode>
                </TextEquiv>
            </TextLine>
            <TextLine id="r2l8" custom="readingOrder {index:5;}">
                <Coords points="613,439 645,447 658,459 694,448 733,452 749,439 780,457 807,443 827,452 841,447 841,413 779,400 694,409 683,402 674,409 652,393 612,406"/>
                <Baseline points="618,431 645,431 672,431 699,430 727,430 754,429 781,429 808,430 836,431"/>
                <TextEquiv>
                    <Unicode>thoritatum:</Unicode>
                </TextEquiv>
            </TextLine>
            <TextLine id="r2l9" custom="readingOrder {index:6;}">
                <Coords points="368,501 969,512 1140,494 1140,433 911,456 861,438 811,466 769,446 368,455"/>
                <Baseline points="373,493 411,492 449,491 487,491 525,490 563,489 601,489 639,488 677,488 715,488 754,488 792,488 830,487 868,487 906,487 944,487 982,487 1020,487 1058,487 1096,487 1135,487"/>
                <TextEquiv>
                    <Unicode>SED ad hoc potest dici, quod Aug. vbi dict,</Unicode>
                </TextEquiv>
            </TextLine>
            <TextLine id="r2l10" custom="readingOrder {index:7;}">
                <Coords points="323,557 1150,542 1149,507 1058,497 323,503"/>
                <Baseline points="328,542 368,541 409,541 450,540 491,540 532,539 572,539 613,538 654,538 695,538 736,537 776,537 817,537 858,536 899,536 940,536 980,536 1021,535 1062,535 1103,535 1144,535"/>
                <TextEquiv>
                    <Unicode>omnipotems non dicitur quod omnia possit, &amp;caam </Unicode>
                </TextEquiv>
            </TextLine>
            <TextLine id="r2l11" custom="readingOrder {index:8;}">
                <Coords points="327,599 1160,599 1142,544 326,564"/>
                <Baseline points="332,590 373,590 414,590 455,589 496,589 537,588 578,588 619,588 660,587 701,587 743,586 784,586 825,586 866,585 907,585 948,584 989,584 1030,583 1071,583 1112,582 1154,581"/>
                <TextEquiv>
                    <Unicode>ample &amp; generaliter accepit omnia, vt etiam mala</Unicode>
                </TextEquiv>
            </TextLine>
            <TextLine id="r2l12" custom="readingOrder {index:9;}">
                <Coords points="321,651 1152,644 1151,608 1092,602 321,602"/>
                <Baseline points="326,640 367,640 408,639 449,639 490,638 531,638 572,637 613,637 654,636 695,636 736,635 777,635 818,634 859,634 900,634 941,633 982,633 1023,633 1064,632 1105,632 1146,632"/>
                <TextEquiv>
                    <Unicode>includeret, quae Deus non potest, nec vult. non ergo</Unicode>
                </TextEquiv>
            </TextLine>
            <TextLine id="r2l13" custom="readingOrder {index:10;}">
                <Coords points="321,700 1107,705 1144,684 1143,658 1055,641 970,662 882,643 321,661"/>
                <Baseline points="327,689 367,689 408,688 448,688 489,687 529,687 570,686 610,686 651,685 691,684 732,684 773,683 813,683 854,682 894,682 935,681 975,681 1016,680 1056,680 1097,679 1138,679"/>
                <TextEquiv>
                    <Unicode>negauit eum posse omnia quae conuenit ei posse. Sim¬</Unicode>
                </TextEquiv>
            </TextLine>
            <TextLine id="r2l14" custom="readingOrder {index:11;}">
                <Coords points="325,749 719,754 807,731 1140,754 1139,704 1110,687 1042,710 324,706"/>
                <Baseline points="330,738 370,737 410,737 450,737 490,736 531,736 571,735 611,735 651,734 691,733 732,733 772,732 812,731 852,731 892,730 933,730 973,730 1013,729 1053,729 1093,729 1134,729"/>
                <TextEquiv>
                    <Unicode>liter cum dicit: Non ob aliud veraciter dicitur om¬</Unicode>
                </TextEquiv>
            </TextLine>
            <TextLine id="r2l15" custom="readingOrder {index:12;}">
                <Coords points="320,799 688,807 817,782 929,809 966,785 1133,787 1133,750 320,752"/>
                <Baseline points="326,786 366,786 406,785 446,785 486,785 526,784 566,783 606,783 646,782 686,782 727,781 767,781 807,780 847,780 887,779 927,779 967,779 1007,778 1047,778 1087,778 1128,777"/>
                <TextEquiv>
                    <Unicode>nipotens, nisi quoniam quic quid vult, potest: non ne¬</Unicode>
                </TextEquiv>
            </TextLine>
            <TextLine id="r2l16" custom="readingOrder {index:13;}">
                <Coords points="317,859 996,833 1142,857 1141,793 1112,780 930,810 861,790 317,813"/>
                <Baseline points="322,837 362,836 403,835 444,834 484,834 525,833 566,832 606,832 647,831 688,831 729,831 769,830 810,830 851,830 891,829 932,829 973,828 1013,828 1054,827 1095,826 1136,825"/>
                <TextEquiv>
                    <Unicode>gat eum posse etiam ea quae non vult, sed aduersus d¬</Unicode>
                </TextEquiv>
            </TextLine>
            <TextLine id="r2l17" custom="readingOrder {index:14;}">
                <Coords points="321,896 1066,896 1135,883 1135,854 769,836 321,861"/>
                <Baseline points="326,885 366,884 406,883 446,882 486,881 527,881 567,880 607,880 647,879 687,879 728,879 768,879 808,878 848,878 888,878 929,878 969,877 1009,877 1049,876 1089,876 1130,875"/>
                <TextEquiv>
                    <Unicode>los qui dicebant Deum, multa velle quae non pote</Unicode>
                </TextEquiv>
            </TextLine>
            <TextLine id="r2l18" custom="readingOrder {index:15;}">
                <Coords points="321,942 983,928 1047,949 1147,940 1147,876 1050,902 320,903"/>
                <Baseline points="326,932 366,931 407,931 448,930 489,930 530,929 570,929 611,929 652,928 693,928 734,928 774,927 815,927 856,927 897,926 938,926 978,926 1019,925 1060,925 1101,924 1142,924"/>
                <TextEquiv>
                    <Unicode>rat, affirmat eum posse quicquid vult, &amp; ex eo vere</Unicode>
                </TextEquiv>
            </TextLine>
            <TextLine id="r2l19" custom="readingOrder {index:16;}">
                <Coords points="326,990 949,977 1059,1000 1148,979 1128,936 326,948"/>
                <Baseline points="332,980 372,979 413,979 453,978 494,978 534,978 575,977 615,977 656,977 696,977 737,976 777,976 818,976 858,976 899,975 939,975 980,975 1020,974 1061,973 1101,973 1142,972"/>
                <TextEquiv>
                    <Unicode>dici omnipotentem, non ob aliud, quam quia potest</Unicode>
                </TextEquiv>
            </TextLine>
            <TextLine id="r2l20" custom="readingOrder {index:17;}">
                <Coords points="329,1053 876,1024 981,1050 1082,1025 1112,1053 1145,1037 1145,979 1055,1002 802,982 329,1009"/>
                <Baseline points="334,1030 374,1029 414,1028 454,1028 495,1027 535,1027 575,1026 616,1026 656,1025 696,1025 737,1025 777,1024 817,1024 857,1024 898,1023 938,1023 978,1023 1019,1023 1059,1022 1099,1022 1140,1022"/>
                <TextEquiv>
                    <Unicode>quicquid vult. Sed cauesquomodo intelligas. Potest</Unicode>
                </TextEquiv>
            </TextLine>
            <TextLine id="r2l21" custom="readingOrder {index:18;}">
                <Coords points="323,1101 1154,1074 1140,1036 979,1049 877,1024 815,1053 655,1034 323,1059"/>
                <Baseline points="328,1078 369,1078 410,1077 451,1077 492,1076 533,1076 574,1075 615,1075 656,1074 697,1074 738,1074 779,1073 820,1073 861,1073 902,1073 943,1072 984,1072 1025,1072 1066,1071 1107,1071 1148,1070"/>
                <TextEquiv>
                    <Unicode>quicquid vult se posse, an quicquid vult sacere, an</Unicode>
                </TextEquiv>
            </TextLine>
            <TextLine id="r2l22" custom="readingOrder {index:19;}">
                <Coords points="330,1146 963,1121 1044,1149 1139,1121 1125,1076 330,1106"/>
                <Baseline points="336,1129 375,1127 415,1126 455,1125 495,1125 535,1124 575,1124 615,1123 655,1123 695,1123 735,1122 774,1122 814,1122 854,1122 894,1121 934,1121 974,1120 1014,1119 1054,1118 1094,1117 1134,1115"/>
                <TextEquiv>
                    <Unicode>quicquid vult fieri. Si enim dicas ideo omnipoten¬</Unicode>
                </TextEquiv>
            </TextLine>
            <TextLine id="r2l23" custom="readingOrder {index:20;}">
                <Coords points="327,1187 1080,1193 1130,1182 1130,1124 1046,1147 991,1128 860,1148 834,1127 326,1147"/>
                <Baseline points="332,1176 371,1175 411,1175 450,1174 490,1173 530,1173 569,1172 609,1172 649,1171 688,1171 728,1171 768,1171 807,1170 847,1170 887,1170 926,1170 966,1169 1006,1169 1045,1169 1085,1169 1125,1168"/>
                <TextEquiv>
                    <Unicode>tem vocari, quia potest quicquid vult se posse: ergoO</Unicode>
                </TextEquiv>
            </TextLine>
            <TextLine id="r2l24" custom="readingOrder {index:21;}">
                <Coords points="325,1232 1073,1242 1137,1222 1137,1179 324,1191"/>
                <Baseline points="330,1225 370,1224 410,1223 450,1222 490,1221 530,1221 570,1220 610,1220 650,1220 690,1220 731,1220 771,1219 811,1219 851,1219 891,1219 931,1218 971,1218 1011,1217 1051,1216 1091,1215 1132,1214"/>
                <TextEquiv>
                    <Unicode>Petrus similiter omnipotens dici potest, vel quilbec</Unicode>
                </TextEquiv>
            </TextLine>
            <TextLine id="r2l25" custom="readingOrder {index:22;}">
                <Coords points="323,1286 1003,1270 1069,1301 1135,1281 1134,1222 675,1250 323,1232"/>
                <Baseline points="328,1275 368,1273 408,1272 448,1271 488,1270 528,1269 568,1269 608,1269 648,1268 688,1268 729,1268 769,1268 809,1268 849,1267 889,1267 929,1267 969,1267 1009,1266 1049,1265 1089,1264 1130,1263"/>
                <TextEquiv>
                    <Unicode>Sanctorum beatorum, quia potest quicquid vult se</Unicode>
                </TextEquiv>
            </TextLine>
            <TextLine id="r2l26" custom="readingOrder {index:23;}">
                <Coords points="323,1345 1136,1317 1124,1276 322,1286"/>
                <Baseline points="328,1324 368,1323 408,1321 448,1320 488,1319 528,1318 568,1318 608,1317 648,1317 688,1316 729,1316 769,1316 809,1316 849,1315 889,1315 929,1315 969,1314 1009,1313 1049,1312 1089,1311 1130,1310"/>
                <TextEquiv>
                    <Unicode>posse, &amp; potest facere quicquid vult facere. Non e¬</Unicode>
                </TextEquiv>
            </TextLine>
            <TextLine id="r2l27" custom="readingOrder {index:24;}">
                <Coords points="329,1381 1138,1364 1131,1319 1105,1339 649,1324 542,1345 493,1325 329,1347"/>
                <Baseline points="334,1371 373,1370 413,1368 453,1367 493,1367 533,1366 573,1366 613,1366 653,1365 693,1365 733,1365 772,1365 812,1365 852,1365 892,1365 932,1364 972,1364 1012,1363 1052,1362 1092,1360 1132,1358"/>
                <TextEquiv>
                    <Unicode>nim uult facere nisi quod facit, nec posse nisi qued</Unicode>
                </TextEquiv>
            </TextLine>
            <TextLine id="r2l28" custom="readingOrder {index:25;}">
                <Coords points="327,1440 1042,1429 1137,1414 1137,1366 929,1390 326,1380"/>
                <Baseline points="332,1422 372,1420 412,1418 452,1417 492,1416 532,1415 572,1414 612,1414 652,1414 692,1414 732,1414 772,1414 812,1414 852,1413 892,1413 932,1413 972,1412 1012,1411 1052,1410 1092,1408 1132,1407"/>
                <TextEquiv>
                    <Unicode>potest: sed non potest facere quicquid vult fieri, Vult</Unicode>
                </TextEquiv>
            </TextLine>
            <TextLine id="r2l29" custom="readingOrder {index:26;}">
                <Coords points="323,1473 1091,1464 1134,1498 1133,1438 1092,1409 1014,1440 816,1418 323,1440"/>
                <Baseline points="328,1469 368,1467 408,1466 448,1465 488,1464 528,1464 568,1463 608,1463 648,1462 688,1462 728,1462 768,1462 808,1462 848,1462 888,1461 928,1461 968,1461 1008,1460 1048,1460 1088,1459 1128,1458"/>
                <TextEquiv>
                    <Unicode>enim suluos fieri qui saluandi sunt, veruntamen eos</Unicode>
                </TextEquiv>
            </TextLine>
            <TextLine id="r2l30" custom="readingOrder {index:27;}">
                <Coords points="325,1539 715,1512 995,1534 1033,1512 1097,1534 1121,1470 441,1494 324,1476"/>
                <Baseline points="330,1518 369,1516 408,1515 447,1514 487,1513 526,1513 565,1512 605,1512 644,1511 683,1511 723,1511 762,1510 801,1510 840,1510 880,1509 919,1509 958,1509 998,1508 1037,1507 1076,1507 1116,1506"/>
                <TextEquiv>
                    <Unicode>saluare non valet. Deus autem quicquid vult fieri,</Unicode>
                </TextEquiv>
            </TextLine>
            <TextLine id="r2l31" custom="readingOrder {index:28;}">
                <Coords points="318,1590 580,1562 1072,1580 1138,1569 1137,1509 1096,1534 1010,1511 317,1538"/>
                <Baseline points="322,1566 362,1565 403,1564 443,1563 484,1562 524,1562 565,1561 605,1561 646,1560 686,1560 727,1560 767,1559 808,1559 848,1558 889,1558 929,1557 970,1557 1010,1556 1051,1555 1091,1553 1132,1552"/>
                <TextEquiv>
                    <Unicode>potest facere. Si enim uult aliquid fieri per se,potest</Unicode>
                </TextEquiv>
            </TextLine>
            <TextLine id="r2l32" custom="readingOrder {index:29;}">
                <Coords points="315,1635 1126,1617 1133,1569 314,1591"/>
                <Baseline points="320,1615 360,1613 400,1612 441,1611 481,1610 522,1610 562,1609 602,1609 643,1609 683,1609 724,1609 764,1609 804,1608 845,1608 885,1608 926,1607 966,1606 1006,1605 1047,1603 1087,1601 1128,1599"/>
                <TextEquiv>
                    <Unicode>illud facere perse, &amp; per se facit, sicut calum &amp; ter¬</Unicode>
                </TextEquiv>
            </TextLine>
            <TextLine id="r2l33" custom="readingOrder {index:30;}">
                <Coords points="321,1680 1139,1665 1138,1615 805,1620 769,1643 685,1619 320,1629"/>
                <Baseline points="326,1662 366,1661 406,1660 447,1659 487,1659 528,1658 568,1658 608,1657 649,1657 689,1656 730,1656 770,1656 810,1655 851,1655 891,1655 932,1654 972,1654 1012,1653 1053,1652 1093,1651 1134,1650"/>
                <TextEquiv>
                    <Unicode>ram per se fecit, quia voluit. Si autem vult firi per</Unicode>
                </TextEquiv>
            </TextLine>
            <TextLine id="r2l34" custom="readingOrder {index:31;}">
                <Coords points="311,1721 960,1726 1137,1709 1137,1668 310,1683"/>
                <Baseline points="316,1710 356,1710 397,1709 438,1708 479,1708 520,1707 560,1706 601,1706 642,1705 683,1705 724,1704 764,1704 805,1704 846,1703 887,1703 928,1702 968,1702 1009,1701 1050,1701 1091,1701 1132,1700"/>
                <TextEquiv>
                    <Unicode>creaturam, &amp; per eam operatur: sicut per homines</Unicode>
                </TextEquiv>
            </TextLine>
            <TextLine id="r2l35" custom="readingOrder {index:32;}">
                <Coords points="311,1780 395,1758 751,1784 1148,1758 1147,1716 1119,1710 1032,1731 310,1721"/>
                <Baseline points="316,1761 357,1760 398,1758 439,1757 481,1757 522,1756 563,1756 605,1755 646,1755 687,1755 729,1755 770,1754 811,1754 852,1754 894,1753 935,1753 976,1752 1018,1751 1059,1750 1100,1749 1142,1747"/>
                <TextEquiv>
                    <Unicode>facit domus &amp; huiusmodi artificia. Et Deus qui¬</Unicode>
                </TextEquiv>
            </TextLine>
            <TextEquiv>
                <Unicode>sistit. His authoritatibus videtur ostendi, quod Deus 
ex eo tantum dicatur omnipotens, quod omnia potest
quae vult, non quia omnia possit
CAP. VII
Determinatio praemissarum au¬
thoritatum:
SED ad hoc potest dici, quod Aug. vbi dict,
omnipotems non dicitur quod omnia possit, &amp;caam 
ample &amp; generaliter accepit omnia, vt etiam mala
includeret, quae Deus non potest, nec vult. non ergo
negauit eum posse omnia quae conuenit ei posse. Sim¬
liter cum dicit: Non ob aliud veraciter dicitur om¬
nipotens, nisi quoniam quic quid vult, potest: non ne¬
gat eum posse etiam ea quae non vult, sed aduersus d¬
los qui dicebant Deum, multa velle quae non pote
rat, affirmat eum posse quicquid vult, &amp; ex eo vere
dici omnipotentem, non ob aliud, quam quia potest
quicquid vult. Sed cauesquomodo intelligas. Potest
quicquid vult se posse, an quicquid vult sacere, an
quicquid vult fieri. Si enim dicas ideo omnipoten¬
tem vocari, quia potest quicquid vult se posse: ergoO
Petrus similiter omnipotens dici potest, vel quilbec
Sanctorum beatorum, quia potest quicquid vult se
posse, &amp; potest facere quicquid vult facere. Non e¬
nim uult facere nisi quod facit, nec posse nisi qued
potest: sed non potest facere quicquid vult fieri, Vult
enim suluos fieri qui saluandi sunt, veruntamen eos
saluare non valet. Deus autem quicquid vult fieri,
potest facere. Si enim uult aliquid fieri per se,potest
illud facere perse, &amp; per se facit, sicut calum &amp; ter¬
ram per se fecit, quia voluit. Si autem vult firi per
creaturam, &amp; per eam operatur: sicut per homines
facit domus &amp; huiusmodi artificia. Et Deus qui¬</Unicode>
            </TextEquiv>
        </TextRegion>
    </Page>
</PcGts>
