1256 2056
83 145 913 192 dem ex se, & per se potest: homo autem vel An¬
83 189 928 258 gelus, quantumcunque beatus est, non est potens ex
76 241 320 312 Ase vel per se.
312 278 638 352 CAP. VIII
369 336 574 407 Oppositio.
161 398 927 457 SED forte dices, nec Dei Filius potest a se,
80 455 923 510 nec Spiritus sanctus, sed solus Pater. Ille enim potest
92 501 924 555 a se, qui est a se: Filius autem, quia non est a se, sed
87 549 911 609 a Patre, non potest a se, sed a Patre: & Spiritus san¬
93 593 911 645 ctus ab vtroque. Adquod dicimus, quia licet Fi¬
92 646 904 708 lius non possit a se, nec operetur a se, potest tamen &
112 697 899 761 peratur per se: sic & Spiritus fanctus, Vnde Hila
119 743 915 799 us in libro 9. de Trinitate. Naturae, inquit, cui con
113 787 920 854 cadicis haeretice, haec vnitas est, vt ita per se agat
123 835 914 888 ilius, ne a se agat: & ita non a se agit, vt per se a¬
115 890 920 955 at. Per se autem dicitur agere & potens esse, quia
121 939 907 1006 ituralem habet potentiam eandem quam & Pa¬
116 990 905 1039 r, qui potens est & operatur: sed quia illam ha¬
148 1032 902 1093 a Patre, nona se, ideo a Patre non a se dicitur
124 1090 903 1148 isse & agere. Homo autem vel Angelus gratuitam
126 1132 906 1202 ibet potentiam, qua potens est. Ideo ergo vere ac
91 1178 907 1246 proprie Deus Trinitasbomnipotens dicitur, quia per
107 1225 896 1293 t, id est, naturali potentia potest quicquid vult fieri
92 1284 904 1344 & quicquid vult se posse. Nihil enim uult fieri quod
80 1326 907 1385 non possit facere per se, vel per creaturas: & nihil
89 1383 896 1436 vult se. posse, quod non possit, & omne quod vult fie¬
81 1428 918 1482 ri, vult se posse, sed non omne quod vult se posse, vult
87 1471 915 1531 fiert, si enim uellet, fierot: quia voluntati eius nihil
83 1520 329 1602 resistere possit.
169 1600 835 1674 AD DISTINCT. XLII
284 1677 648 1751 AD CAP. I.
127 1739 914 1822 I OMNIA quidem. Non est nobis ma¬
