1247 2040
102 110 922 207 portuit, vt bona fide testis Augustinus produ¬
95 175 246 228 ceretur.
148 220 926 288 2 Haec vtique & huiusmodi. Haec quoque &
105 271 917 327 quoad verba, & quoad sensum, & quoad ele¬
93 315 923 385 gantiam ipsam dictionis immutata sunt. Nam
103 384 923 432 bona Augustinina facit iste teterrima genere
101 427 920 483 dicendi. Verba ipsa Augustini recitemus, quae
100 469 910 518 sunt huiusmodi. (redo in Deum Patrem omnipo¬
99 519 911 572 tentem. Deus omnipotens est, &, cum sit omnipotens,
95 566 917 626 mori non potest, falli non potest, mentiri non potest, &
100 612 915 678 quod ait Apostolus, seipsum negare non potest. Quam
96 664 911 719 multa non potest, & omnipotens est. Et ideo omnipo¬
94 719 911 780 tens est, quia ista non potest: nam si mori posset, non
100 759 912 823 esset omnipotens: si mentirt, sifalli, si fallere, si inique
102 811 912 863 agere, non esset omnipotens: quia si hoc in eo esset, non
105 856 901 929 fuisset dignus, qui esset omnipotens. Prorsus omnipo¬
99 915 909 964 tens Pater noster peccare non potest. Facit quic¬
103 957 914 1026 quid vult ipsa est omnipotentia. Haec Augusti¬
99 1010 921 1066 nus, a quibus quantum iste recesserit, vident
102 1065 927 1117 omnes. Quod autem addidit Lombardus
103 1102 925 1162 Non potest miser esse, voluit explicare dictum
92 1150 917 1210 Pauli, Seipsum negare non potest, sed a vero e¬
96 1202 922 1260 ius sensu toto coelo aberrat. Significat enim
103 1248 926 1316 Paulus illud ipsum, quod postea subiicit Au¬
98 1293 927 1360 gustinus. Non potest mentiri, non potest inique
101 1344 929 1414 agere. Porro quod hoc loco citatur exAu¬
98 1398 919 1456 gustino iisdem pene verbis extat apud Ioan¬
96 1451 927 1510 nem Chrysostomum Homilia priore in sum¬
91 1488 927 1551 bolum Apostolorum, & idem longe prius di¬
99 1538 880 1616 xerat Basilius, repetiit postea Damascenus.
315 1614 729 1697 AD CAP. VI
141 1711 949 1809 I DE litera & Spiritu. Est hic locus
