1175 2052
318 97 1077 171 ἁμαἰτηυα Lombardi non tam μνημονικὸν, quam
317 146 1072 221 fortasse ολικὸν est, quandoquidem nihil huius¬
321 197 1073 268 modi extat apud Augustinum, Quod enim i¬
327 256 1070 316 sti pro suo Magistro excusando citant capites.
328 299 1075 362 & 2I, & vltimum sententialiter, id est, quorum
330 346 1070 412 locorum sententiam cum hoc Lombardi con¬
334 389 1076 464 uenit, legat eos locos qui volet, & videbit quan
329 435 1073 505 tum sit eorum, cum hoc dissidium. Praeterea
334 482 1072 559 nos hic non de sententia, sed de verbis ipsis
331 525 1071 602 Augustini quaerimus. Sed dicent fortasse il¬
322 572 1062 648 lud Flacci, Verum opere in magno fas est obrepe¬
326 633 1060 695 re somnum: quibus aliud eiusdem Flaccrrespon¬
329 658 1055 752 deo, Mecum ipse indignor quandoque, (lesto)
326 721 1062 791 fi quando bonus dormitat Homerus. Veruntu.
328 782 767 852 men hoc isti condonetur.
482 865 922 943 AD CAP. VIII
436 938 1070 1038 Per se autem. Neque verba, neque sen¬
333 997 1078 1085 tentiam Hilarij retinet Lombardus. Sic enim
340 1051 1073 1132 explicat Hilarius cur Filius non a se agat, &
343 1096 1081 1184 per se tamen agat. Non abse agit, quum Paterin
335 1139 1076 1228 eo manere monstratur. Per se agit, quum secundum
338 1183 1075 1269 Filij natiuitatem agit ipse, quae placita sunt. Sumit
338 1236 1076 1324 enim rationem ex iis Christi verbis, Et quims
329 1305 743 1382 misit, mecum est. Ioan. 8.
654 1389 805 1473 Censura.
386 1462 1069 1556 Locus hic de omnipotentia Dei estium e¬
329 1515 1072 1601 berrimus, tum etiam vtilissimus, qui & metho¬
335 1576 1033 1655 do accurata tractari debuit, &ad tollendas in
330 1620 1031 1713 tas illas (quae fiunt in hoc argumento) quae
