1244 2068
316 123 1151 196 ciatnisi quod facit: non ergo potest facere, nisi quod
307 188 1141 243 facit. Eademque iustitia exigit, vt id no faciat quod
318 232 1151 281 non facit. Non autem potest facere contra iustitiam
323 284 1139 338 suam, non ergo potest aliquid eorum facere quae miuit.
550 359 820 453 CAP. III
450 432 951 521 Responsio ad prius dictum.
354 496 1155 577 HIS autem respondemus, duplicem verborum
317 567 1139 619 intelligentiam: perientes, & ab eis inuoluta euolue¬
314 622 1146 668 tes sic: Non potest Deus facere nisi quod bonum est
317 662 1150 717 & iustum, id est, non potest facere nisi illud, quod si
307 722 1137 780 faceret, bonum & iustum esset, verum est: sed mula
311 761 1132 825 potest facere, quae non bona sunt, nec iusta, quia net
320 815 1136 862 sunt, nec erunt, nec bene fiunt, nec fient, quia nunquam
318 857 1137 925 fient. Item quod secundo oppositum fuis, Non po¬
316 910 1141 979 test sacere nisi quod iustitia sua exigit: &, Non po¬
310 957 1142 1019 test id facere quod iustitia sua exigit vt non fiat. Di¬
309 1015 1143 1074 cimus, quia exactionis verbum de Deo congrue non
311 1055 1139 1109 dicitur, nec proprie accipitur, & in illis locutionibus
303 1102 1137 1154 duplex est sensus. Si enim intelligas, non potest facere
306 1154 1135 1219 nisi quod sua iustitia exigit, id est, nisi quod voluntas
302 1196 1125 1269 sua iusta vult, salsum dicis. Iustitia enim ipsius De
311 1256 1129 1310 aequissima voluntas accipitur: qualiter accipit Aug.
308 1296 1129 1351 illa verba Domini in Genesi loquentis ad Lotb. No
313 1346 1129 1415 possum quicquam facere, donec illo introeas, expo¬
314 1397 1133 1449 nens: non posse, inquit, se dixit, quod sine dubio po¬
313 1445 1135 1497 terat per potentiam, sed non poterat per iustinam.
325 1501 1125 1554 quod poterat quidem, sed non volebat, & illa vo¬
315 1540 1119 1608 luntas iusta erat. Si vero per haec verba intelligis en
309 1596 1129 1639 non posse facere, nisi illud quod si fieret, iustinae etus
311 1641 1127 1705 conueniret, verum dicis. Similiter distingue illud,
305 1695 1125 1743 Non potest facere quod sua iustitia exigit vt non fa¬
306 1738 1130 1811 ciat, id est, non potest facere id quod ipse, qui est sum.
