1244 2072
305 96 1144 180 voluntas, scilicet ipse Deus: qui esset maior seipso, si
309 171 1137 227 voluntas maior esset potentia, vel potentia volunta¬
310 214 1137 277 te. Nec hac autoritate negatur Deum plura posse
311 262 1136 336 quam velle, quia plura sunt subiecta eius potentia,
317 310 1135 385 quam voluntati. Fateamur itaque Deum plura
317 369 1123 431 posse facere quae non vult, & posse dimittere quae fa¬
308 413 1124 485 cit. Quod vt: certius firmiusq, teneatur, Scripturs
308 459 1128 518 testimonijs asseramus, Deum plura posse facere quam
306 510 1137 582 facit. Veritas ipsa secundum Math, ait, An putas
313 569 1135 625 quia non possum rogare Patrem meum, & exhibe¬
313 617 1137 670 bit mihi modo plus quam duodecim legiones Ange¬
303 657 1141 717 lorum: Ex quibus verbis patenter innuitur, quia
302 705 1133 778 & Filius poterat rogare quod non rogabat, & Pater
305 755 1140 819 exhibere quod non exhibebat. Vterque ergo poterat
315 814 1142 866 facere quod non faciebat. Augustinus etiam in enco.
315 855 1139 907 ait,:Omnipotentis voluntas multa potest facere quae
316 898 1137 972 non vult, nec facit: potuit enim facere vt duodecim
314 951 1136 1009 legiones Angelorum pugnarent contra illos, qui Chri¬
307 995 1140 1069 stum ceperunt. Item in eodem, Cur apud quosdam
310 1056 1139 1113 non factae sunt virtutes, quae si factae fuissent, egissent
315 1093 1135 1151 illi homines poenitentiam: & factae sunt apud eos qui
318 1144 1131 1199 non erant credituri: tunc non latebit quod nunc la¬
315 1198 1131 1257 tet. Nec vtique iniuste Deus noluit saluos fieri, cum
317 1242 1124 1312 possent salui esse si vellet. Tunc in clarissima sapio¬
313 1290 1129 1352 tiae luce videbitur, quod nunc piorum fides habet, au¬
312 1338 1132 1398 tequam manifista cognitione videatur, quam certa
314 1379 1134 1455 & immutabilis & efficacissima sit voluntas Dei¬
322 1432 1136 1504 quae multa possit & non velit, nihil autem quod non
321 1489 1129 1557 possit, velit. Idem in lib. De natura & gratia, Do¬
326 1526 1122 1597 minus Laxarum suscitauit in corpore. Nunquid
326 1582 1130 1638 dicendum est, non potuit Iudam suscitare in mente,
322 1622 1139 1695 Potuit quidem, sed noluit. His autoritatibus, alitsoe,
320 1689 1144 1742 multis aperte docetur, quod Deus multa possit face¬
325 1731 1142 1805 re quae non vult: quod ratione probari potest. Non
