1292 2037
147 105 1002 189 rem in mente hominis putat esse substantias,
158 172 1000 225 non autem δυνάμας ac qualitates naturales &
164 223 999 269 congenitas menti. Vnde ex eodem Augu¬
165 269 1002 339 stino libro i2. Trinitatis capitee. apparet tan¬
163 316 990 381 dem deuentum esse ad ineptissimas, & omni¬
156 369 996 422 no tanta rei, maiestate indignas similitudines,
176 419 991 464 Veluti quum Trinitatis Personarum imagi¬
163 455 999 522 nem ponerent, & quaererent in coniugio, vbi
165 514 999 562 est mas, foemina & proles: & libro 9. capite
158 555 999 619 q.in tribus annulis ex eodem auro confectis,
162 611 999 661 & inter sese connexis. Quae similitudines ita
166 657 992 715 postea displicuerunt, vtcum hanc de Trinita¬
162 700 986 757 te doctrinam aliquot post Augustinum secu¬
163 747 988 806 lis Anselmus tractaret, eamque ex solis, natu¬
162 808 987 859 ralibus rationibus veram esse colligeret, hu¬
154 845 988 903 iusmodi tamen Augustinianis exemplis pror¬
154 897 980 949 sus abstineret, licet idem plenas & to:as ex eo¬
160 946 985 999 dem paginas alibi describere non veretur.
166 994 986 1057 Quod igitur in Augustino venia potius, quam
165 1032 995 1102 imitatione dignum fuit, Lombardus sedulo
174 1091 998 1140 ac studiose taquam κυειαν suae Theologiae δοξον
162 1136 986 1198 etiam rem ipsam obscurans proposuit hac Se¬
169 1179 303 1243 ctione.
221 1225 1000 1288 Tertio reprehendo, quod memoriam, intelli¬
164 1276 991 1345 gentiam, & voluntatem, earumque facultatum
161 1340 994 1384 actiones Lombardus scribit substantialiuer
158 1377 989 1434 inesse animae, tanquam eas ad trium Persona
163 1422 999 1474 rum diuinarum similitudinem tres quasdam
160 1483 999 1528 anmae &olas distinctas constituat: quae tamen
155 1516 999 1572 sunt tantum δυνάμυις animae, neque etiam illius
155 1573 991 1629 uipn si proprie loquimur, quicquid de ea re qui¬
158 1618 988 1669 dam litigiose scribant. Sunt illae quidem gum κaαd
160 1660 995 1717 δυνάμεις, non accidentariae. Itaque aut ex¬
162 1713 990 1783 plicatam oportuit tam obscuram sententiam:
