1219 2025
306 103 1143 176 est, quod vel obscure, vel falso loquitur, dum
307 167 1133 229 ait, Deum plura posse, quam velit. Obscura enim
313 224 1126 281 est haec phrasis, quod Dei voluntatem (quae du¬
309 260 1131 344 plex, docendi gratia, statuitur, vna nempe si¬
314 303 1129 384 gni: altera ἀρρητος ἀκαταλητλιις & beneplaciti) no
311 360 1118 420 distinguit Lombardus. Falsa vero erit haec sen¬
309 400 1127 468 tentia, si sentit, Deum plura posse, quam illa acpro
308 457 1130 515 voluntate velit, & decreuerit. In eo enim vtra¬
316 498 1132 578 que, omnipotentia nimirum, & illa voluntas
310 552 1141 611 est aequalis. Sed quum dicimus, Deum plura
307 598 1133 679 posse, quam velit, de patefacta eius voluntatelo¬
309 648 1140 707 quimur ac intelligimus: non de altera & tora
313 694 1132 759 illa voluntate Dei, quae nobis omnique creatu¬
316 751 1131 804 rae ignota est, quanquam tamen eadem est iu¬
372 796 1081 870 stissima. Et haec in 4g. Distinctionem
503 837 935 914 obseruatione digna visa
656 891 755 945 sunt.
413 1108 1048 1175 DISTINCTIO XLIIII
373 1174 1070 1261 An Deus possit facere aliquid me
543 1237 887 1321 lius quam facit.
571 1326 790 1417 CAP. I.
437 1415 1137 1489 RVNC illud restat discutiendum, vtum
413 1465 1124 1553 da melius aliquid possit facere quam facit. So¬
452 1514 1121 1566 lent enim illi scrutatores dicere, quod ea qua
333 1559 1126 1626 facit Deus, non potest, meliora facere: quia seepos¬
330 1603 1137 1674 set facere & non faceret, inuidus esset, & non summe
335 1666 1139 1728 bonus. Et hoc  ex simili astruere conantur: ait enim
331 1712 1138 1786 Augustinus in libro lxexxiij. Quaest. Deus quem
