1283 2040
138 108 971 176 rem, vel Hunc ipse eo statu, in quo primum con¬
141 167 970 233 ditus fuerat, praestantiorem creare potuerit. Et po¬
135 213 975 270 tuisse respondent, quanquam tamen & om¬
140 262 968 320 nia, & singula, quae in eo sunt, valde bona, id est,
140 319 972 377 optima a Deo condita fuisse pronuntiet ipse
139 361 966 415 Dei Spiritus sanctus. Quasi nimirum ad inanes
140 409 970 479 huiusmodi cogitationes comparata aut inducta
137 458 968 521 ab vllis veris Theologis fuerit ista quaest. Quod
138 507 961 564 ex eo euenisse apparet, quia verus huius quae¬
135 565 968 620 stionis scopus est ab isto negligentissime prae¬
145 615 973 664 termissus. Est porro, vt istis gratificemur, finis
138 658 968 708 duplex, vnus quidem ne rebus istis creatis alli¬
139 703 966 763 getur Dei omnipotentia, illaque inter se duo
138 760 964 808 adaequentur. Alter autem, vtiμταικταις & Acheis
142 798 972 855 hominibus respondeatur, qui Deum accusant.
140 848 964 910 cur mundum hunc meliorem (quum potuisse
140 897 969 953 dicatur) non effecerit. Cui tamen quaestioni a
138 947 970 997 se propositae non satisfacit Lombardus. Ego
136 995 970 1051 vero pro eo respondeo, quod etsi Dei potentia
133 1043 972 1115 per se est infinita, tamen neque debuerunt, ner
135 1089 976 1158 que potuerunt conuenientius fieri ea, quae a
138 1139 969 1191 Deocondita sunt, quem & quae, & quomodo
129 1187 978 1241 ab eo primum facta sunt & creata, vt praeclare
136 1237 975 1290 respondet Augustinus libr. is. Trinitatis capite
140 1287 971 1342 ro. Hoc igitur est primum huius Distinctionis
136 1332 273 1386 vitium.
170 1383 962 1447 Secundum, quod cum duas caussas propo¬
130 1425 970 1481 suisset eorum, qui contra sentiunt, vni tamen
128 1481 965 1539 cearum duntaxat respondit alteram autem, quae
129 1522 959 1581 est longe fortior intactam omisit, vt ex ipso ar¬
134 1567 971 1616 tificio a nobis in margine annotato apparet.
127 1612 968 1668 Nempe igitur non soluit, quod illi sic nobis
137 1657 972 1716 obiiciunt, Deum esse inuidum, si quae condidit, non
121 1707 971 1782 effecit eo, quo potuit optimomodo. Hoc telum vt
