1240 2060
333 103 1161 177 uit: & tamen non est Dei voluntas diuersa, sed locu¬
323 167 1155 220 tio diuersa est de voluntate, quia nomine voluntatis
322 210 1154 272 diuersa accipit. Nam voluntas Dei vere: acproprie
324 261 1139 312 dicitur quae in ipso est, & ipsius essentia est: & haec u¬
323 319 1137 369 na est, nec multiplicitatem recipit, nec mutabilita¬
326 364 1141 423 tem, quae inexpleta esse non potest: de qua Prophera
320 408 1133 466 ait, Omnia quaecunque voluit Dominus fecit. Es a¬
319 459 1131 517 postolus, voluntati eius quis resistite & alibi, vt prr
321 507 1145 569 betis quae sit voluntas Dei bona & beneplacens &
326 545 1153 627 perfecta. Et haec voluntas recte appellatur Benepla¬
320 596 734 679 citum Dei, siue dispositio.
603 660 896 732 CAP. VII
325 714 1147 784 Quod secundum figuram dicitur voluntas Dei
357 765 1105 850 praeceptio, prohibitio, consilium, permis¬
458 823 1020 882 sio, operatio, & ideo pluraliter
558 874 885 941 dicit Scriptura vo¬
647 923 813 979 luntates.
356 958 1133 1046 ALIRVANDO vero secundum quan¬
317 1034 1147 1100 dam figuram dicendi voluntas Dei vocatur, quod
309 1085 1138 1149 secundum proprietatem non est voluntas eius: vt prae
310 1143 1138 1193 ceptio, prohibitio, consilium, necnon permissio, & ope¬
309 1175 1137 1238 ratio. Ideo que pluraliter aliquando Scriptura volun¬
308 1231 1141 1284 tates Dei pronuntiat. Vnde Propheta, magna opera
302 1275 1133 1339 Domini, exquisita in omnes voluntates eius: cum non
311 1332 1121 1380 sit nisi vna voluntas Dei quae ipse est, pluraliter ta¬
305 1383 1125 1430 men dicit voluntates: quia voluntas Dei variis mo¬
307 1419 1133 1475 dis, ac pro diuersis accipitur, vt dictum est. Ita etiam
295 1470 1119 1523 idem Propheta propter multos effectus misericordis
294 1514 1115 1580 & iustitiae pluraliter dicit. Misericordias domini in
290 1564 1108 1622 aeternum cantabo. Et alibi, Iustitiae dominirecte, lae¬
292 1617 1115 1670 tificantes corda: cum tamen in Deo vna sit misertcor
291 1666 1125 1738 dia, vna iustitia & vna: eademque sit misericordia
290 1709 803 1790 quae iustitia, scilicet diuina vsia.
