1240 2080
312 132 634 201 CAP VIII
172 197 841 269 Quare praeceptio & prohibitio & con¬
314 242 680 301 silium dicantur Dei
415 296 593 348 voluntas.
122 335 919 409 IDEO autem praeceptio & prohibitio atque
85 391 914 452 consilium cum sint tria, dicitur tamen vnumquodque
86 437 907 502 eorum Dei voluntas: quia ista sunt signa diuinae vo¬
78 482 915 550 luntatis: quemadmodum & signa irae dicuntur ira.
87 535 923 591 & dilectionis signa, dilectio appellantur: & dicitur
81 583 917 649 iratus Deus, & tamen non est ira in eo aliqua, sed si¬
82 627 918 698 gna tantum quae foris fiunt, quibus iratus ostenditur
81 684 908 743 tra ipsius nominantur. Et est figura dicendi, secun¬
91 731 921 788 dum quam non est falsum quod dicitur: sed verum
89 783 897 844 quod dicitur sub tropi nubilo obumbratur. Et se
84 827 906 889 cundum hos tropos diuersae voluntates Dei dicun¬
86 879 918 932 tur, quia diuersa sunt illa quae per tropum voluntas
87 928 326 988 Dei dicuntur.
369 980 627 1060 CAP. IX
115 1040 859 1129 vbi voluntas Dei pro praecepto & consi¬
372 1104 635 1176 lio accipiatut.
136 1165 912 1222 PRO praecepto Dei atque consilio potest accipi
87 1212 907 1275 voluntas: vt ibi, Fiat voluntas tua sicut in caelo, &
90 1255 909 1328 in terra. Et alibi. Qui facit voluntatem Patris me
89 1310 910 1373 qui in calis est, ipse frater meus, & soror, & mater
94 1351 918 1428 est. Et contra hanc voluntatem multa fiunt. Vnde
90 1408 922 1473 August. in libr. de Spiritu & litera. Infideles, inquit,
91 1451 919 1529 contra voluntatem Dei faciunt, cum eius euangelio
93 1505 300 1565 non credunt.
400 1523 632 1613 CAP. X.
100 1584 919 1666 Quod Deus non vult ab hominibus fieri omnia
264 1645 771 1725 quae praecipit, vel non fieri
371 1692 626 1764 quae prohibet.
123 1721 919 1804 ET si illa tria dicuntur Dei voluntas, ideo quia
