1248 2068
302 119 1150 213 signa sunt diuinae voluntatis: non est tamen intel¬
297 184 1140 265 ligendum Deum omne illud fieri velle quodcun¬
300 233 1140 314 que praecepit: vel non fieri quod prohibuit. Praecepit
300 286 1125 351 enim Abrahae immolare filium, nec tamen voluit,
302 331 1126 403 nec ideo praecepit vt id fieret, sed vt Abrabae proba¬
297 392 1127 449 retur fidos. Et in Euangelio praecepit sanato ne cui
302 426 1139 499 diceret: ille autem praedicauit vbique, intelligens
300 490 1148 547 Deum non ideo prohibuisse, quin vellet opus suum
304 526 1149 599 praedicari: sed vt daret formam homini laudem hu¬
300 583 621 660 manam declinandi.
586 614 848 735 CAP. XI
365 722 1080 787 De permissione & operatione, vbi di¬
521 764 910 830 cantur Dei voluntas.
384 811 1148 889 PERMISSIO quoque Dei & operatio
310 864 1139 936 voluntas Dei appellantur, qualiter accipit Aug. in
321 912 1141 985 Ench. dicens, Non fit aliquid nisi omnipotens fieri
316 958 1145 1029 velit: vel sinendo vt fiat, vel ipse faciendo. Nec du¬
301 1008 1143 1077 bitandum est Deum facere bene, etiam sinendo fieri
306 1054 1142 1137 quaecunque fiunt male: non enim haec nisi iusto iudi¬
305 1102 1141 1172 cio Dei sinit, & prosecto bonum est omne, quod iu¬
307 1154 1138 1227 stum est. Ecce hic manifeste habemus Dei volunta¬
300 1211 1131 1271 tem appellari ipsius operationem uel permissionem.
297 1253 1128 1325 cum dicit non fieri aliquid, nisi omnipotens fieri ve¬
299 1303 1133 1369 lit: vbi includit & bona & mala omnia quae fiunt.
301 1346 1127 1430 Ideoque aperte distinguit quomodo Deum velle di¬
300 1406 1128 1470 xerit, ne eadem ratione intelligeretur velle hona &
302 1448 1135 1514 mala, subdens vel sinendo vt fiat, hoc quantum ad
302 1492 1123 1562 mala dicit: vel ipse ea faciendo, hoc quantum ad bo¬
298 1536 1117 1617 na. Mala enim sinit fieri, sed non facit: bona vero ipse
298 1595 1130 1670 facit. Ideoque dixit eum velle: quia & nolens mala
298 1647 1125 1720 sinit, & volens bona operatur: & ob hoc permissio &
294 1699 827 1790 operatio voluntas Dei dicuntur.
