1240 2076
101 147 914 205 raeter, vel contra ordinem naturalem fiunt)
83 194 917 258 complexus esse vocabulo Mira, quo vsus est,
82 243 922 301 vt suum illud, Disponit omnia, explicaret. Et ne
77 291 912 355 fallere videar, aut Lombardi sententiam detor¬
102 341 916 398 uere, sic Arnoldus epitomista Lombardi hanc
103 383 915 444 ocem interpretatur, vt complexus sit Lombar¬
81 433 912 497 dus & quae naturaliter, & quae mirabiliter fiunt.
103 496 915 541 ix quo apparet hunc ab Augustini mente pro-
109 530 913 590 ul abesse, quod ex cap. 8. eiusdem lib. 2. de Tri¬
82 577 634 653 nit. quoque melius ostenditur.
190 630 911 689 ltaque non ni. Haec iam ex cap. 4. diuul¬
81 688 903 743 sa repetuntur, in quibus a Verbis Augustini Lon¬
83 730 913 777 bardus discedit, & voces has Sanitatis & aegri¬
81 774 909 839 tudinis addit. Verba vero Augustini supra cita¬
90 828 914 889 uimus in t. huius capitis. Haec vero quanuis a
82 873 911 922 scopo Augustini non dissident, bonam tamen
80 923 915 985 Lombardi in alienis referendis fidem requirunt.
247 1017 636 1092 AD CAP. VI
188 1107 921 1172 vt probetis quae sit. Perperam inde deno¬
87 1170 914 1223 minarunt Scholastici voluntatem illam Dei,
87 1221 921 1280 quae nobis ignota est, Voluntate beneplaciti, cum
86 1263 915 1316 contra Paulus illic appellet Sinημα δαξιρον & τe.
89 1310 917 1365 Metor illam voluntatem Dei, quae nobis in ipsius
90 1361 913 1408 Verbo patefacta est, & ad quam vnam in omni¬
83 1407 911 1470 bus actionibus nostris collimare iubet. Est igi¬
87 1464 913 1526 tur haec voluntas, de qua Paulus, & quam con¬
91 1507 921 1570 uertit iste Bene placens, alij autem accepta, nobis
86 1558 914 1609 nota. Nam ad eius δλονῶον nos peruenire iu¬
87 1597 904 1655 bet Paulus, & hic, & Coloss. I. Versi 9. Ex ea e¬
87 1652 925 1718 nim est omnium operum nostrorum apioueia coram
93 1691 912 1753 Deo, vt idem loquitur vers io, nedum vt igno¬
86 1747 923 1812 ta nobis esse debeat, quemadmodum de volun¬
