1252 2052
261 137 653 213 AD CAP. IX
190 199 914 274 Fiat voluntas tua. Disputari potest, V¬
61 253 913 320 trum haec precatio de sola Signi voluntate sit
67 303 912 375 accipienda, an etiam ad voluntatem Benepla¬
63 352 907 401 eiti extendenda, contra quam tamen iste inter¬
61 405 919 462 oretatur. Occan tamen Quaest. I. in Distinct. 4o.
62 447 918 507 huius libri sic ait, Pro praecepto, & pro consilio Dei
62 500 917 562 accipi potest voluntas, Vt fiat voluntas tua sicut in
59 552 161 611 coelo,
416 598 571 692 Consura.
119 684 920 738 lnfinita pene sunt, quae in hac Distinctione
65 723 916 777 reprehendi possunt, quoniam tamen aedifica¬
73 773 915 826 tionis potius, quam odij, aut in istum homine
76 824 910 869 vllius malignitatis animo ad scribendum, &
78 868 918 930 Scholasticam istam doctrinam examinandum
76 917 919 971 adductus sum, ea tantum breuiter persequar,
74 971 912 1015 quae sine piaculo, & magno piorum incommo¬
80 1011 919 1063 do praetermitti non possunt. Illa vero ad tria
84 1059 904 1114 duntaxat capita reuoco, nimirum ordinem hu¬
82 1109 921 1177 ius Distinctionis, Methodum, & rei ipsius, quae
82 1156 559 1219 hic continetur, veritatem.
122 1202 915 1270 Ergo quod ad ordinem, quemadmodum su¬
87 1262 917 1312 pra Distinct. 42. ex Thoma docui, hoc loco or¬
86 1311 911 1363 do prorsus inuersus est. Debuit enim disputa¬
81 1348 914 1412 tio de voluntate Dei praecedere eam, quae est
75 1392 916 1457 de eiusdem omnipotentia. Quod tamen a Lon¬
84 1442 630 1507 bardo temere immutatum est.
130 1492 916 1556 Quod ad methodum autem, hoc primum vi
86 1546 914 1603 tium est, quod cum omnis, quae recte institui¬
90 1590 915 1647 tur disputatio, debeat (etiam ex ipsius Aristo¬
82 1635 909 1705 telis praeceptis) a vocis ambiguae explicatione,
73 1671 905 1745 tum definitione proficisci: hic lex ista manife¬
88 1726 350 1803 ste violata est.
