1228 2064
364 104 1132 175 Denique & istud quoque addi potest, abilo
321 169 1131 224 male intelligi, quo sensu dixerit Augustinus
319 220 1131 283 Deum quaedam permittere. i. decernere, non vt
314 264 1133 322 approbet. Sic enim exaudit iste vocem Permit¬
323 324 1134 367 tere, quasi nulla sit decreti Dei in illis rebus in¬
322 373 1126 416 teruentus, nulla efficientia, vt vocant: sed sola
317 408 1127 476 patientia, & non prohibitio. Sed quia de coco¬
310 458 1132 526 piose in nostris in eum Enchiridij locum cap.
310 506 1137 571 98. & 9o. commentariis diximus, ad eos cemit¬
310 554 1139 619 timus lectorem. Et haec in Distinctione as. di¬
310 603 501 665 cta sunto.
402 833 1057 918 DISTINCTIO XLVI
313 902 1135 989 llli sententiae qua dictum est, Dei volun¬
374 968 1075 1051 tatem non posso cassari, quae ipse
484 1026 952 1103 est, quaedam videntur
602 1086 804 1153 obuiare.
578 1176 794 1248 CAP. I.
428 1242 1123 1343 IC oritur quaestio. Dictum est enim in supe¬
384 1318 1123 1401 rioribus, & autoritatibus comunitum, quod
445 1370 1126 1439 voluntas Dei, quae ipse est, quae beneplacim
323 1418 1136 1481 tius vocatur, cassari non potest: quia illa voluntar¬
321 1470 1127 1524 fecit quaecunque voluit in caelo & in terra: cut, teste
323 1520 1116 1587 Apostolo, nihil resistit. Quaeritur ergo quomodo ac¬
317 1568 1125 1632 ciptiendum sit quod Apostolus de domino ait, Qui
319 1613 1126 1668 vult omnes homines saluos fieri. Cum enim non om¬
312 1668 1130 1716 nes salui fiant, sed plures damnentur, videtur vtique
310 1713 1131 1785 non fier quod Deus vult fieri, humana scilicet vo¬
