1228 2068
443 126 969 200 gustini mala fieri bonum est.
379 183 1135 265 QVOD vero Augustinus ait, Mala fen
317 249 1131 302 bonum est, nec sinerentur mala ab omnipotentibono
319 308 1125 361 fieri nisi hoc esset bonum, vt ea essent, ea ratione di¬
317 338 1133 412 ctum esse asserunt, quia ex malis, quae fiunt, Deus
322 396 1129 459 bona elicit: nec ipse permitteret ea fieri, nisi di oo
322 439 1139 496 boni aliquid faceret. Vnde Augustinus in eodem
319 491 1145 547 lib. Enchir. aperte indicans praedictorum verborum
321 547 1142 609 esse talem intelligentiam ait, Deus omnipotens, cut
314 595 1144 653 rerum est summa potestas, cum summen, bonus sit, nullo
322 639 1142 702 modo sineret aliquid mali esse in operibus suis, msi
319 698 1139 750 usque adeo esset omnipotens & bonus, vt beneface¬
322 739 1139 798 ret etiam de malo. Item in eodem, Melius iudica¬
323 784 1136 847 uit Deus de malis bona facere, qua mala nulla per¬
319 821 1131 886 mittere. Ex hoc itaque sensu dictum est ac verum
324 883 1131 944 est, bonum est mala fieri: quia ex malis, quae fiunt, bo¬
319 933 1118 988 nis (qui secundum propositum vocati sunt sancti,
319 980 1137 1034 accidit bonitas, id est, vtilitas. Talibus enim (ut ait
315 1027 1128 1081 Apostolus) in bonum cooperantur omnia etiam ma¬
318 1072 1131 1144 la, quia eis prosunt, quae alijs facientibus obsunt. Vn¬
318 1137 1131 1185 de etiam aliquando in Scriptura legitur malum ap¬
326 1184 1135 1227 pellari bonum, ut Hieronomus super Marcum,
329 1214 1135 1271 Malum, inquit, Iudae bonum fuit, scilicet nobis, nec
319 1264 1121 1328 si bonum est illi vel illi, inde sequitur quod simplici
318 1304 1130 1395 ter bonum sit: proprie enim ac simpliciter bonum est,
316 1362 838 1436 quod in se & facienti bonum est.
513 1440 842 1534 CAP. VIII
463 1518 980 1610 Quadripartita boni acceptio.
369 1607 1134 1688 EST enim aliquid quod in se bonum est, & cus
319 1669 1131 1719 fit: sed non est bonum facienti, vt cum subuenitur pau¬
318 1716 1142 1787 peri, sed non propter Deum: & est aliquid bonum
