1236 2072
302 117 1133 192 esse malum est. Ipse autem autor mali non est: ten¬
308 193 1135 241 dit vero ad non esse qui operatur malum: non erg
302 240 1135 295 Deo autore est, quod aliquis operaturr malum. Non
310 279 1127 339 est ergo bonum, quod aliquis operetur malum, qua
311 332 1129 389 tantum boni Deus autor est. Hoc autem August. in
308 368 1128 441 eodem lib. aperte explicat ita ditens, Qui omnium
307 421 1127 486 quae sunt autor est, & ad cuius bonitatem id pertinet
315 475 1135 531 vt sit omne quod est, boni tantummodo causa est.
314 526 1141 579 Quocirca mali autor non est, & ideo ipse summum
305 569 1137 616 bonum est: a quo in nullo deficere bonum est, & ma¬
308 618 1137 671 lum est deficere. Non est ergo causa deficiendiad est,
308 667 1138 726 tendendi ad non esse, qui, vt ita dicam, essendi causa
305 711 1145 770 est: quia omnium, quae sunt, autor est: quae inquantum
306 761 1136 821 sunt, bona sunt. Ecce aperte habes quod deficere a
310 814 1139 863 Deo, qui summum est bonum, malum est: mala ergo
310 857 1138 921 facere malum: non est ergo Deo autore vel volente
304 909 488 981 mala fiunt.
528 947 833 1025 CAP. VIII
314 1018 1145 1103 Obiectio quorundam sophistica, qua probare
453 1069 942 1137 nituntur ex Deo esse quod
587 1123 785 1187 mala fiant.
353 1174 1127 1256 IAM sufficienter ostensum est, quod Deo axto¬
310 1251 1131 1306 re non fiunt mala. Quidam tamen sophistice incede¬
319 1296 1125 1349 tes, & ideo Deo odibiles, probare conantur ex Deo
318 1334 1134 1405 autore esse quod mala fiunt, hoc modo. Quod mal¬
318 1388 1129 1444 fiunt, verum est: omne autem verum quod est, a veri¬
319 1443 1127 1495 tate est, quae Deus est: a Deo ergo est quod mala
320 1491 1119 1543 siunt. Quod autem omne verum est a Deo sir, con¬
319 1534 1114 1592 firmant autoritate Aug. in lib. Ixxxii. ita dicentus,
325 1578 1113 1647 Omne verum a veritate verum est: est autem veri¬
316 1629 1122 1684 tas Deus : Deum ergo habet autorem omne verum.
322 1675 1125 1745 Est autem verum quod mala fiunt vel sunt, Deo er¬
309 1724 938 1800 go autore est, quod sunt vel fiunt mala.
