1157 2052
311 115 1061 174 sunt, hanc autem diuulfionem iampridem Au¬
320 165 1061 224 gustinus hic uerbis damnarat Tract. Iin Ioan.
324 211 1058 260 Euangel. si modo ad eum Lombardus atten¬
318 262 1051 328 disset, Et sine ipso factum est nibil, &c. Augustinus
323 308 1042 371 Videte ne sic cogitetis, quia NIHIL aliqud est.
324 361 1040 408 Solent enim multi male intelligentesSINEIVSo
320 401 1048 460 TACTVM ESTNIHII putare aliquid esse
326 446 1050 519 nibil. Id quod ex ista distractione vnius sen¬
326 498 1044 565 tentiae euenit. Porro haec quoque interpreta¬
320 541 1047 603 tio prorsus & falsa, & inepta, vt Nihilhic acci¬
324 602 1053 656 piatur pro peccato. Quanquam enim ibidem
324 649 1047 704 addit Augustinus. Peccatum quidem non peripsum
332 689 1044 755 Verbum)factum est, & manifestum est, quia pec¬
321 727 1044 800 catum nibil est, & nihil fiunt homines, quum per¬
315 780 1050 854 cant: tamem ex eo non magis intelligr potest
318 832 1050 897 ex Augustino Nihil pro peccato sum, qua
320 886 1048 939 pro idolo, quia & Nihil est idolum, ait Paulus i
322 923 1048 986 Corinth. 8. & subiicit statim Augustinus. E¬
314 970 1051 1040 idolum non per verbum factum est. Quid igiture
322 1025 1052 1083 ldem Augustinus veram totius illius loci men¬
318 1081 1049 1131 tem exponit his verbis. Quaecunque naturali¬
318 1111 1053 1172 ter facta sunt, quaecunque sacta sunt in creatutis,
320 1166 1052 1229 omnia omnino quae fixa sunt in colo, quae fulgent de¬
318 1203 1054 1271 super, quae volitant subcoelo, & quae mouentur in
321 1257 1056 1323 vniuer sa natura rerum, omnis omnino creatush
325 1307 1059 1373 per verbum facta est. Dicam planius, dicam, pra¬
322 1355 1063 1424 tres, vt intelligatis, ab Angelo vsque ad vemitn¬
322 1403 1065 1462 lum. Quid praeclarius Angelo in creaturise quid
319 1445 1064 1519 extremius vermiculo in creaturis: Per quem facto¬
317 1507 1061 1564 est Angclus, per ipsum factus est, & vermiculisi &¬
316 1555 1071 1613 postea. Vniuersa enim creatura per ipsumladia
313 1584 1069 1655 est, maior, minor: per ipsum facta sunt Supera, in¬
302 1640 1080 1713 fera: Spiritalis, Corporalis, &c. Id quod cumex
