1234 2034
81 108 936 172 argumentari, quod iste facit, est omnia susque
80 155 637 228 deque habere, & confundere.
259 215 652 301 AD CAP XI
205 288 933 371 Aut in nibilo. Multa sunt hic praetermis¬
87 341 933 422 sa: haec autem, Aut in nibilo praeter Augustini
80 395 934 470 conclusionem etiam addita. Sic enim a partium
84 446 920 520 enumeratione de origine Mali disputat Augu¬
80 489 923 564 stinus, vt probet ab homine esse. Aut enim est
83 547 923 612 ex nihilo Malum ait ille, aut ex aliquo. Non ex
82 599 917 647 nihilo. Hoc confecit & probauit iam ex Augu¬
79 648 922 703 stino Lombardus. Nulla enim esset illius caussa.
90 694 921 757 Quamobrem hoc membrum non erat amplius
76 739 921 811 repetendum. Si autem ex alio est Malum, Aut
81 784 926 856 ex Deo est, aut ex Homine ipso, aut ex eo qui
84 841 929 898 neque Deus est, neque homo. Non ex Deo est.
84 887 914 941 Nullius enim mali caussa est Deus. Non ex a¬
75 936 929 992 lio homine malum inest in eo qui peccat. Nam
76 984 922 1053 is vel vi, vel suasione peccantem inpelleret. Si
84 1030 920 1086 Vi, non est peccatum, quod quispiam coactus
83 1078 912 1152 fecit. Non suasione. Nam tunc qui peccat, vo¬
78 1129 915 1195 lens peccat, & propria, non aliena voluntate
78 1180 921 1243 malum agit. Non item inest in nobis peccatum
82 1222 913 1299 ab eo qui neque Deus est, neque homo, qualis
82 1271 921 1339 est Angelus siue bonus siue malus. Ergo a no¬
77 1317 922 1388 bis ipsis est malum in nobis. Nam vel Vi, Vel
76 1375 925 1435 suasione nos impelleret is Angelus. Hic enim
83 1420 921 1472 idem dilemma repetit Augustinus, quod de ho¬
76 1471 925 1527 mine prius dixerat. Ergo ab homine ipso est
80 1517 906 1575 malum. Hec pulcherrima & cohaerentia discer
80 1562 522 1632 psit misere Lombardus,
248 1620 678 1715 AD CAP. XII
103 1703 929 1785 I Boni tantummodo. Et hic quoque magna
