1248 2052
77 137 925 204 in Apolog. Hieron. Duplex scribendigenus est
82 205 933 254 Vημνασικον & δσνματικon: illud vagam disputationem
72 237 923 299 habet. Hoc dogmaticum (quale hoc suum esse pro
81 287 916 338 fitetur Lombardus )apertam frontem, & ingenui¬
75 337 923 394 tatem quae tamen ab isto scriptore omnino abest,
82 380 419 445 vt vbique apparet.
129 425 926 496 Prima est cap. 6. vbi Negat Deum velle non fie
73 487 932 539 ri mala, aut nolle fieri mala: concedit tamem eun¬
79 532 925 584 dem non velle fierimala: quod quum sic dicitur
79 573 921 639 Deus non vult fieri mala, permissio potius, quam
78 627 927 682 uoluntas aut voluntas repugnans, vt putat iste,
81 673 928 726 significetur. Hoc vel omnino est obscurum, vel
81 722 926 790 falsum. Nam quid aliud, obsecro, significamus
84 771 925 834 quum dicimus Denm non vellefieri mala, quam
80 830 931 881 quum dicimus Deum nolle fieri mala. Nam Non
85 877 920 930 velle est nolle, neque id quisquam vel Gramma¬
82 921 920 982 ticus negauerit. Ergo Deus vult ea quae mala
78 964 919 1031 sunt, nec tantum mala poenae, sed & culpae, sed
79 1016 920 1068 non quatenus mala sunt culpae seu peccata: sed
83 1070 925 1120 quatenus illa sunt actus seu opera iustitiae suae¬
89 1115 921 1181 Praeclare ergo Thomas in I. parte quaestionis
84 1161 922 1210 to. Articuloo. Peccator, qui, quantum in se, est re¬
81 1209 919 1274 cedit a diuina voluntate peccando, incidit in ordi¬
82 1255 919 1310 nem diuinae voluntatis, dum per eius iustitiam pu¬
83 1306 913 1356 nitur. Subtilis vero ista inter non velle, & nolle
82 1358 918 1403 distinctio & differentia prorsus est inanis, ac
84 1400 919 1454 falsa: yel, vti dixi, obscura. Item distinctio inter
86 1450 919 1507 has phrases Deus vult non fieri, & Deus non vult
87 1501 922 1548 fiert, est etiam inanis hoc loco & inepta: quan¬
90 1551 925 1609 quam aliud infinitum praedicatum appellant
88 1599 919 1648 in scholis, nempe non fieri: aliud autem negans e¬
89 1641 460 1705 nuntiatum nolle fieri.
132 1691 912 1761 Secunda conclusio coprehenditur capiters.
81 1744 926 1809 quaesic intricata est, vt ne intelligi quidem possit.
