1259 2046
92 116 949 196 ipse praedestinauit: non fit autem in omnibus,
99 168 946 239 qui eam tamen audiunt & sciunt, quique ex of-
92 225 953 297 ficio illi parere debuerunt, quales sunt homi¬
102 277 443 340 nes, Dei creaturae.
206 466 841 550 DISTINCTIO XLVII
170 531 893 626 Quod voluntas Dei semper im¬
264 607 792 678 pletur de homine quo¬
366 662 700 739 cunque se ver¬
487 722 572 780 tat.
421 785 644 864 CAP. I.
238 841 942 906 Oluntas quippe Dei semper efficax est vt
235 895 941 966 fiat omne quod velit, & nihil fiat quod nolit.
225 958 942 1016 quae de homine semper impletur quocunque
104 997 936 1068 se vertat. Nihil enim( ut ait Aug. in lib. de arbi
104 1051 924 1112 trio)constitutum superat voluntatem Dei, & si fa
105 1102 939 1163 ciat: contra eius voluntatem, tamen contra eiu
106 1158 943 1210 voluntatem, quae ipse est, nihil putandum est ita
99 1200 935 1267 fieri tanquam velit fieri, & non fiat, vel nolit fieri, &
108 1253 931 1312 fiat. Illa enim uoluntas (vt ait Aug. in Ench. Isem
102 1303 939 1362 per impletur auode nobis, aut a nobis. De nobis im
100 1343 939 1413 pletur: sed tamen non implemus eam quando pecca
100 1387 946 1452 mus. A nobis impletur quan do bonum facimus: ide
110 1451 951 1496 enim facimus, quia scimus placere Deo. Ita & de ho¬
105 1482 960 1555 mine semper Deus implet suam voluntatem, quia
99 1528 962 1600 nihil facit homo, de quo Deus non operetur quod vult.
105 1592 973 1644 Non enim uult Deus vt peccet homo quilibet. Si an
96 1620 974 1688 tem peccauerit, poenitenti vult parcere vi viuat, in
94 1685 966 1740 peccatis uero perseuerantem punire, vt iustitiae po¬
98 1723 978 1779 tentiam contumax nen euadat. Sicut alios ab aeterno
