1248 2080
65 132 910 192 uersis modis accipitur: quae diuersitas in praedictis
73 180 912 252 verbis si diligenter notetur, nihil ibi contradictionis
63 233 909 300 reperitur. Vbi enim dicit non fieri praeter eius vo¬
69 281 912 351 luntatem, etiam quod fit contra eius voluntatem, dis¬
70 329 914 397 similiter accepit voluntatem: & non ipsam volunta¬
69 390 912 441 tem, quae Deus est, & sempiterna est: sed eius signa
72 432 908 498 praedictis verbis intelligi voluit, id est, prohibitionem
74 479 906 543 siue praeceptionem & permissionem. Multa e¬
73 538 913 602 nim fiunt contra Dei praeceptum uel prohibitionem,
73 573 899 645 quae tamen non fiunt praeter eius permissionem.I
67 629 897 694 psius nanque permissione omnia fiunt mala: quae ta
71 673 904 738 men praeter eius voluntatem sempiternam fiunt. Si¬
75 724 907 777 cut Augustinus dicit super illum locum Psalm. V
80 768 907 838 non loquatur os meum opera hominum. Opera e¬
74 819 910 882 nim hominum dicit ea quae mala sunt, quae praeter
73 863 908 933 Dei voluntatem fiunt, quae ipse est: sed non praeter
79 915 910 984 eius permissionem, quae ipse non est. Appellatur ta¬
129 960 909 1028 n ipsa Dei voluntas, quia Deus volens sinit ma.
116 1007 918 1083 fieri. Fiunt & contra eius praeceptionem uel pro¬
157 1052 926 1126 tionem, sed non contra eius voluntatem quae ipse
152 1103 943 1168 nisi dicantur contra eam fieri, quia praeter eam
154 1152 922 1227 t. Contra eam quippe nibil ita fit, vt velit fie¬
145 1203 925 1266 iuod non fiat, vel nolit fieri & fiat: quod euiden¬
158 1257 926 1331 ibi Augustinus notauit, vbi ait, Quantum ad i¬
130 1310 932 1364 is attinet, quod Deus noluit, fecerunt: quantum
134 1349 938 1429 ro ad omnipotentiam Dei, nullo modo id facere
101 1403 936 1474 valuerunt. Ac si diceret, fecerunt contra Dei prae¬
97 1457 937 1516 ceptum, quod appellatur voluntas: sed non fecerunt
101 1506 941 1567 contra Dei voluntate omnipotentem, quia hoc non
99 1546 934 1617 valuerunt, illud valuerunt: & ita per hoc quod fece¬
103 1603 944 1657 runt contra Dei voluntatem, id est, praeceptum, de
109 1644 943 1718 ipsis facta est voluntas eius, id est, impleta est volun¬
107 1688 940 1757 tas eius sempiterna, qua eos donari volebat. Vnde
117 1740 948 1831 tGreg. super Genes. Multi voluntate Dei peragunt,
