1272 2068
305 125 1116 189 2 Et si faciat contra eius voluntatem. Locus
262 181 1124 239 est ex Enchirid. Augustini cap. Ioo, sed ab isto
275 230 1113 292 Vtam est malae fidei descriptor) immutatus. Na
263 279 1110 346 pro praeter substituit contra, magnamque senten¬
262 330 1102 392 tiae huic, alioquin pulcherrimae, parit obscuri¬
264 378 1100 430 tatem. Ergo sic ait Augustinus agens de pec¬
273 430 1105 482 catis hominum, Propterea nanque opera Donini
265 477 1113 534 exquisita in omnes voluntates eius, vt miro & inef-
268 522 1106 591 fabili modo non fiat praeter eius voluntatem, quod e¬
264 572 1116 633 tiam contra eius fit voluntatem: quia non fieret, si
269 619 1109 679 non sineret, &c. Fortasse ad illud Pauli alludens.
277 666 1113 738 Roma. 4. Versic. I8. Credidit Abrabam in spe con¬
273 724 428 786 tra spem.
389 757 1117 824 Aut de nobis, aut a nobis. Tota haec ex Au
264 815 1113 884 gustini rapsodia mirum in modum ab isto con¬
269 862 1106 934 fuse collecta est, quod neque capitum seriem,
274 926 1107 974 ex quibus sua carpebat, obseruauit: neque ver¬
272 959 748 1027 ba ipsa Augustini retinuit.
337 1021 1115 1070 Primum igitur haec verba, quae hic notaui¬
276 1057 1113 1116 mus, ex capite roy. Enchiridij sumpta sunt. Sic
278 1116 1114 1173 enim Augustinus, Vtrumlibet horum elegisset A¬
274 1151 1115 1212 dam, Dei voluntas fieret, aut etiam ab illo: aut certe
278 1204 1109 1270 de illo. Quae vero sequuntur, De nobis impletur,
274 1248 1049 1318 &c. sunt Lombardi, non autem Augustini¬
404 1343 1113 1428 Et haec sunt magna. Iam haec ex cap. too¬
274 1396 684 1477 Enchirid. sumpta sunt.
501 1472 868 1567 AD CAP. II
329 1578 1115 1656 I Opera homunum. Discedit a mente Au¬
278 1638 1113 1710 gustini. Nec quae sequuntur, quae ipse est, &c.
282 1681 1117 1743 sunt Augustini, sed Lombardi. Quae tamen sic
278 1739 1128 1816 iste coniungit, quasi haec interpretatio sit ipsius
