1272 2072
271 125 1119 203 quaestione sententiis. Duo ergo tantum anno.
273 183 1123 244 tabo, vnum, hanc Distinctionem esse rapsodia
271 245 1123 294 ex bonis Augustinis sententiis: sed pessime,
273 282 1120 350 quemadmiodum demonstrauimus, consutam &
276 333 553 394 consarcinatam.
317 378 1114 446 Alterum, pugnare Lombardum ipsum secum
278 443 1115 496 cap. 2. dum explicans haec verba Augustini, Prae¬
268 480 1115 530 ter aut contra voluntatem Dei, modo pro permis¬
263 527 1118 583 sione illam voluntatem Dei accipit, modo pro
278 582 1128 629 omnipotenti voluntate. Nec enim eadem vo¬
265 623 1122 676 luntas est, quae in Deo dicitur Permittens, & O¬
264 683 1124 733 mnipotens, propterea quod haec Omnipotens
267 723 1120 783 aeterna est, & caussa rerum efficiens: illa vero
266 770 1123 831 Permittens non item. Sed haec hactenus. Ad
265 819 866 888 finem enim huius libri propero.
336 1018 1030 1119 DISTINCTIO XLVIII
279 1117 1115 1185 Quod aliquando homo bona volunta¬
334 1174 1038 1252 te aliud vult quam Deus : & ali¬
456 1229 934 1314 quando mala id quod
513 1288 835 1364 Deus bona vo¬
592 1349 760 1415 luntate
617 1402 739 1487 vult.
550 1490 768 1578 CAP. I.
410 1573 1099 1636 CIENDVM quoque est, quod ali¬
406 1637 1108 1701 quando mala est voluntas hominis idem vo¬
413 1688 1114 1744 lentis quod Deus vult fieri: & aliquando
282 1734 1116 1804 bona est voluntas hominis aliud volentis quam Deus.
