1256 2052
123 118 944 193 Vt enim bona sit hominis voluntas, oportet attende¬
123 172 957 234 re, quid congruat ei velle, & quo fine. Tatum enim
115 226 949 290 interest inter voluntatem Dei, & voluntatem homi¬
116 271 956 336 nis, vt in quibusdam aliud cogruat Deo velle, aliud
118 325 940 376 homini. Vnde Aug. in Ench. Aliquando bona vo
114 378 938 427 luntate homo vult aliquid quod Deus non vult: bo
121 419 943 473 na multo amplius multoque certius voluntate. Na
118 464 945 519 illius mala voluntas esse nunquam potest: tanquam
123 519 950 574 si bonus Filius Patrem velit viuere, quem Deus bo¬
121 572 960 626 na voluntate vult mori. Et rursus fieri potest, vt hoc
127 621 959 677 velit homo voluntate mala, quod Deus vult bona:
115 671 962 719 velut si malus Filius velit mori Patrem, velit etiam
117 718 952 780 hoc Deus. Nempe ille vult quod non vult Deus: i¬
115 764 958 820 ste vero id vult quod vult & Deus : & tamen bonae
125 816 958 873 Dei voluntati pietas illius potius consonat, quanuis
120 872 958 924 aliud volentis, quam huius idem volentis impietas.
119 913 950 983 Multum enim interest quid velle homini, quid vel¬
119 962 956 1021 le Deo congruat: & ad quem finem suam quisque
121 1013 951 1066 referat voluntatem, vt approbetur vel improbetur.
115 1061 951 1115 Potest enim uelle bonum quod non congruat ei velle¬
121 1099 963 1175 & potest velle bonum quod congruit, sed non refert
112 1150 863 1236 ad finem rectum, & ideo non est bona voluntas.
407 1230 657 1316 CAP. II
130 1299 956 1374 Quod bona Dei voluntas, mala hominum vo¬
165 1363 955 1432 suntate impletur: vt in passione Christi con¬
167 1423 955 1471 tigit, vbi quiddam factum est quod Deus bo
165 1473 947 1517 na, & ludaei mala voluntate voluerunt: vo¬
163 1517 953 1589 luerunt tamen & aliquid quod Deus non
177 1564 301 1631 voluit.
172 1621 951 1704 ILLVD quoque non est praetermittendum,
119 1693 945 1748 quod aliquando Dei voluntas bona per malam ho¬
117 1735 965 1805 minis voluntatem impletur: vt in crucifixione Christi¬
