1231 2036
106 99 943 165 ciderent eum, falsum est. Non enim uolebat Deus
103 159 933 222 actionem fudaeoru: quae mala erat, sed volebat pas¬
107 212 941 269 sionem bonam : & haec voluntas per malas fudaeorum
110 251 921 315 voluntates impleta est. Vnde  Augustinus in En
104 304 919 360 chiridio, Deus quasdam voluntates suas vtique bo.
99 364 917 414 nas implet per malorum hominum voluntates ma
100 402 920 464 las: sicut per maleuolos sudaeos bona voluntate Pa¬
106 462 931 509 tris Christus pro nobis occisus est: quod tantum bo¬
105 507 932 564 num fuit, ut Apostolus Petrus, quando id fieri no¬
100 548 923 605 lebat, Satanas ab ipso qui occisus est, diceretur. Ec¬
95 596 923 660 ce manifeste habes magnum bonum fuisse quod Chri¬
94 640 932 713 stus occisus est: & hoc honum quia Petrus nolebat,
103 694 446 771 ideo redarguutus est.
335 786 641 864 CAP. IIII
97 852 936 924 Vtrum placuerit viris bonis, quod Christus pa¬
217 908 825 978 teretur & moreretur: placuit qui¬
259 960 752 1029 dem intuitum nostrae redem¬
342 1006 669 1082 ptionis, sed non i¬
393 1057 612 1123 psius cruci¬
464 1115 573 1175 atus.
146 1179 932 1234 EX quo soluitur quaestio qua quaeri solet, vtrum
103 1223 928 1281 viris sanctis placere debuerit quod Christus patere¬
96 1269 922 1326 tur, vel occideretur. Debuit  enim eis placere in¬
100 1329 921 1381 tuitu nostrae redemptionis, sed non intuitu ipsius cru¬
96 1365 927 1425 ciatus. Voluerunt ergo ac vehementer cupierum
97 1414 923 1478 Christum mori propter liberationem hominis, & im¬
101 1457 928 1528 pletionem diuinae voluntatis: sed non voluerunt de¬
94 1524 945 1574 lectatione ipsius afflictionis. De eodem e ergo laeta¬
103 1558 920 1624 bantur & tristabatur: sed ob aliud gaudebat & pro¬
102 1606 922 1677 propter aliud dolebant. Volebant ergo Christum mor
100 1654 926 1732 pro hominis redemptione: & tamen de morte ipsius
95 1702 909 1781 diuersis de causis corda eorum varie mouebantur.
