1181 2088
183 360 320 412 Vna perso
184 401 315 442 na non est
182 431 318 477 ilia. i. Non
180 466 308 504 vuae duta¬
178 496 297 537 rat est in
171 528 270 572 diu inis
177 560 282 601 persona.
171 594 296 635 Sabellian¬
165 626 302 670 at Priscila
170 657 293 701 nistae haere
160 689 298 744 tici dana¬
159 720 194 758 ti.
176 744 297 797 Esse tres
174 788 283 827 ersonas
160 817 284 862 lubiisteter
161 854 292 899 & vere ac
158 884 275 928 teipsa in¬
154 918 268 956 ter se di¬
150 949 269 992 stindtas: y
148 981 281 1022 nam tamen
146 1013 285 1057 in uis esse
151 1041 270 1101 essentiam
326 16 1044 108 IO SVNOPSIS DOCTIRNAE
334 81 1088 160 rius positae explicatio, quod in eo positum est, vt doceamur, tret il
331 123 1084 193 las personaes diuinas Patrem nimirum, & Filium, & spiritu san¬
334 166 1089 249 ctum subsistere per sese, & a seipsis esse distinctas, ac ina reips¬
338 206 472 269 boicqquera.
431 245 998 334 Confer cum Distind ip. 2s. lib. I. Sententiarum
623 307 804 361 P. Lombardi¬
596 341 826 403 concil. Braeccar. I
397 375 1078 453 fI quis Patrem & Filium, & Spiritum san¬
366 434 1075 512 &ctum non confitetur tres personas vnius
325 448 359 516 ES
440 486 1080 559 substantiae, & virtutis, ac potestatis, sicut
323 528 1071 592 Latholica, & Apostolica Ecclesia docet: sed vna
315 577 1069 649 tantum, ac solitariam dicit esse personam, it
318 627 1065 699 vt ipse sit Pater, qui Filius, ipse etiam sit paracle¬
311 678 1063 742 tus Spiritus, sicut Sabellius, & Priscillianus di¬
306 723 662 781 xerunt, anathema sit.
645 775 788 840 Toletan. vt
351 818 1054 893 Nec quia tres has personas esse diximus v¬
298 870 1060 952 num Deum, eundem esse Patrem, quem Filium:
307 932 1056 991 yel eum esse Filium, qui est Pater: aut eum qui
307 962 1056 1029 st Spiritus sanctus, vel Patrem & Filium dicere
304 1017 1049 1092 oterimus. Non enim ipse est Pater, qui Filius.
288 1075 1049 1138 nec ipse Filius, qui Spiritus sancti, nec Spiritus
282 1107 1044 1170 sanctus ipse qui est vel Pater, vel Filiuscum ta¬
282 1165 1044 1230 men ipsum sit Pater, quod Filius: ipsum Filius,
277 1209 1036 1276 quod Pater: ipsum Pater & Filius, quod & Spiri¬
278 1253 1030 1322 tus sanctas, id est natura vnus Deus. Cum enim
282 1298 1037 1370 dicimus, non ipsum esse Patrem quem Pilium ad
276 1353 1027 1412 personarum distinctionem refertur cum autem
275 1401 1026 1459 dicimus, ipsum esse Patre quod Filium, & ipsum
266 1439 1019 1513 Filium quod Patrem, ipsum Spiritum sanctum
260 1490 1020 1564 quod Patrem & Filium, ad naturam, qua Deus
263 1529 1026 1598 est, vel substantiam pertinere monstramus, quia
253 1578 1022 1641 substantia vnum sunt. Personas enim distingui¬
259 1621 1030 1694 mus, non Deitatem separamus. Trinitatem
255 1669 1016 1756 igitur in personarum distinctione agnoscimus,
893 1731 1027 1796 vnitatem
