1216 2029
181 818 273 871 Corol
147 829 243 894 larium:
143 886 260 930 Alud, &
144 920 282 962 a liud non
139 950 279 997 est in T.i¬
141 983 278 1031 nitate di¬
146 1019 220 1067 uina.
141 1113 282 1177 Non item
142 1162 283 1220 alis Deus.
149 1377 283 1450 P Nec Tri
145 1443 280 1485 iptas per¬
155 1481 260 1519 lonarum
153 1509 269 1546 vnitatem
157 1537 291 1583 essentiae tol
157 1571 283 1613 litinee V.
159 1602 287 1645 nitas essen
167 1635 280 1681 laeT ini
152 1669 285 1716 tate perso
159 1708 244 1747 parum
257 1708 290 1739 a¬
151 1734 240 1800 bolet.
267 20 1023 114 IX STNOPSIS. DOCERINA
273 104 1128 169 tias in ea praedicamus, neque tres, confitemur
273 152 1123 210 deitates, non incosubstantiales, non alterius sub¬
273 203 1129 259 stantiae, non eiusdem originis, neque alterius
282 259 1128 312 originis: neque quae singulariter in ea praedica¬
282 300 1131 365 tur, in multitudinem deducere, permittimus.
281 348 1134 411 Nec quemquam eius vnitatem diuidere sinimus,
277 396 1133 457 neque tres quosdam deos esse cognoscimus, aut
278 446 1130 504 tres quasdam naturas, vel tres quasdam essentias
286 497 1132 558 Deitatis nouimus, non vnigenas, aut alienigenas,
282 543 1127 602 non eiusdem sapientiae aut alterius sapientiae,
284 590 1127 651 sed nec penitus deos, aut naturas vel essentias,
278 644 1126 699 aut deitates agnouimus, vel cognoscentes sci¬
275 693 1120 743 mus. Sed & eum qui recipit vel sapit, aut nouit,
278 735 792 808 anathematibus percellimus.
605 784 784 833 constant. VI
331 786 1131 876 Et iuxta quod Deus quidem est, ipsum existit
293 862 1131 923 vnumquodque, dum seorsum consideratur(ipsa
292 910 1128 982 intelligentia, quod non est separabile, separan¬
294 956 1127 1021 teut Pater, tamen & Filius & Spiritus sanctus,
284 1002 1125 1075 aliud, & aliud, & aliud non dicantur. Et idcir¬
294 1054 1127 1111 co haec Dei capacibus praedicamus, Deus, &
298 1101 1127 1171 Deus, & Deus: sed vnus est haec tria Deus. Non
291 1148 1120 1214 enim alius Deus Pater, nec alius Deus Filius, ne
289 1206 1130 1272 que alius iterum Deus Spiritus sanctus: quia
288 1245 1132 1319 nec alia natura est Pater, nec alia natura est Fi¬
296 1292 1129 1372 lius, neque alia iterum natura est Spiritus san¬
292 1343 1135 1415 ctus. Hoc enim etiam multos atque diuersosdeos
301 1393 1127 1466 proponit, multasque & varias generat deita¬
302 1436 1129 1500 tes: sed Deus quidem est Pater, Deus vero est
300 1497 1130 1554 Filius, similiter Deus est & Spiritus sanctus, eo
322 1540 1126 1604 uod indiuise indiuiduatae eaedem tres personae
307 1610 1130 1660 vna impleantur Deitate, & in vnaquaque earum
308 1639 603 1708 funditus tota sit.
613 1678 776 1735 constant. VI.
334 1721 1146 1798 INeque secundum quod vnus est Deus, & vna
1093 1767 1130 1831 efs
