1247 2031
336 90 1174 160 indicaret essentiam. Vt enim ait Augustinus ins.
340 149 1166 206 lib. de Trinit. Quod relatiue dicitur non indicat.
323 196 547 274 substantiam.
592 248 869 336 CAP. II
387 316 1114 396 Secunda ratio a repugnantibus verae illi
475 376 1007 449 regulae, Nihil seipsum gignit.
377 425 1171 498 ITEM, cum Deus Pater sit diuins essentia, si
333 486 1167 541 eius esset genitor, esset vtique genitor eius rei quae i¬
334 526 1151 595 pse est: & ita eadem res seipsam genuisset, quod Au¬
324 576 863 647 gust, negat, vt supra ostendimus.
587 633 856 713 CAP. III
419 688 1088 775 Tertia ratio & potior, ab absurdo pu¬
457 755 993 825 gnante cum ipso rerum gignen¬
586 805 852 880 darum ordine.
367 843 1161 933 ITEM, si Pater esti genitor essentiae diuinae,
328 903 1144 981 cum ipse essen ia diuina sit, & Deus sit, eo quod oe
329 953 1149 1032 nerat, & est, & Deus est. Ita ergo non illud quod ge
328 1008 1151 1079 neratur, est a Patre Deus: sed Pater eo quod gene¬
324 1054 1145 1127 rat, & est, & Deus est, & si ita est, non genito gignens
327 1115 1159 1169 sed gignenti genitus causa est. vt & sit, & Deus sit.
329 1158 1155 1214 Simili ratione probat August. in lib. vi. de Trinit.
329 1205 1149 1275 quod Pater non est sapiens sapientia quam genuit,
329 1251 1153 1323 quia si ea sapiens est, ea est, hoc enim est sibi esse, quod
320 1313 1157 1369 sapere. Quod si hoc est sibi esse quod sapere, non per
324 1359 1154 1415 illam sapientiam, quam genuit Pater, sapiens est.
325 1399 1154 1457 Quid enim aliud dicimus, cum dicimus, hoc illi est
330 1448 1151 1509 esse quod sapere, nisi, eo est, quo sapiens est) Ergo
325 1495 1158 1563 quae causa illi est vt sapiens sit, etiam ipsa illi cansa
327 1544 1152 1606 est vt sit. Si ergo sapientia, quam genuit, illi causa est
321 1589 1143 1643 vt sapiens sit, & causa illi est vt sit. Sed causam pa¬
326 1640 1155 1703 tri, qua sit, a Patre genitam nullo modo quisquam
321 1708 1150 1769 dixerit sapientiam, quid enim est insanius: Ita ergo
