1241 2036
317 108 1157 180 genitum, tractans illud verbum Apoctoli loquentis
314 160 1157 211 de Deo Patre sic, Qui eruit nos. de potestate tene¬
320 211 1152 264 brarum, & transtulit in regnum Filij charitatis suae¬
315 259 1158 317 Quod dictum est, inquit, Filij charitatis suae, nihil a¬
315 296 1164 357 liud intelligitur, quam Filij sui dilecti, quam Filij sub¬
315 349 1160 418 stantiae suae. Charitas quippe Patris, quae in natura
316 400 1159 455 eius est meffabiliter simplici, nihil est aliud, quam i¬
317 451 1159 516 psa natura, atque substantia, vt saepe diximus, & sa¬
322 495 1165 560 pe iterare non piget: ac per hoc Filius charitatis e¬
323 546 1166 603 ius nullus alius est, quam qui de substantia eius est
319 590 1163 661 genitus. Ecce hic aperte dicit Aug. Filium esse ge¬
326 654 1158 704 nitum de substantia Patris, & Filium substantiae
324 691 1161 752 Patris. Idem quoque Aug. in lib. 2. contra haereticum
333 750 1157 800 Maximum, substantiam Dei genuisse Filium, & Fi¬
329 794 1164 846 lium genitum de substantia Patris asserit dices, Car¬
324 836 1160 890 nalibus cogitationibus pleni substantiam Dei de se¬
322 882 1160 952 ipsa gignere Filium non putatis, nisi hoc patiatur
327 937 1155 995 quod substantia carnis patitur quando gignit. Erra¬
327 991 1159 1049 tis, non scientes Scripturas, neque virtute Dei. Nul¬
330 1040 1152 1091 lo enim modo verum Dei Filium cogitatis, si eum na¬
334 1075 1158 1144 tum esse de substantia Patris negatis. Non enim iam
336 1123 1157 1181 erat hominis Filius, & Deo donante factus est Dei
335 1170 1163 1235 Filius,  ex Deo natus, gratia non natura. An furte
330 1237 1151 1282 etsi non hominis Filius erat, tamen iam aliqua era
324 1279 1155 1337 qualiscunque creatura, & in Dei Filium Deo mu¬
327 1317 1155 1380 tante conuersa est: Sed nihil horum est: ergo aut de
324 1366 1155 1432 nihilo, aut de aliqua substantia natus est. Sed ne
325 1430 1144 1478 crederemus vos putare de nihilo esse Dei Filium,
319 1468 1151 1527 affrmatis vos non dicere de nihilo esse Dei Filium.
326 1510 1143 1569 De aliqua ergo substantia: & si non de substantia
319 1561 1146 1629 Patris, de qua sit. dicite: sed non inuenietis. Iam er¬
313 1619 1147 1681 go vnigenitum Dei Filium Tesum Christum de Pa¬
314 1662 1142 1722 tris esse substantia, vos nobiscum non pigeat confite¬
309 1703 1146 1785 ri. Idem in eodem, Vtrique legimus vt simus in ve¬
