1348 2088
371 91 1196 151 non facit iste. Est essentia diuina de essentia di¬
370 144 1200 205 uina nimirum ratione ὑποςάνεως &τροσῳ ὑπάρξεως
365 202 1190 251 .I. ratione Personarum. Est enim Filius a Patre¬
374 249 1190 296 est tamen vna & eadem vtraque essentia Pa¬
372 292 1206 355 tris & Filij, nempeταυτoτατι και ατλἰτλι voias, quia
374 346 1196 403 cadem ad numerum est essentia, quae in vtraque
368 386 1199 457 illa Persona Patre & Filio inest, vti & in Spiri¬
369 433 552 500 tu sancto.
418 479 790 540 X De natura Patris.
407 528 884 587 S Substantia de substantia.
420 581 1203 633 Hi duo loci & surculi(quorum prior ex ca¬
366 627 1198 682 2. Ii. de Fide ad Petrum decerptus est, posterior
366 679 1198 745 ex lib. Is. de Trinitate cap. 2o siquis attendat ad
372 727 1194 784 ipsas stirpes & venas, ex quibus eruuntur, aliam
368 771 1200 829 mentem habent, quam quae illis ab isto affingitur.
372 827 1198 880 Nam vocabula haec Natura & Substantia iste
373 876 1195 930 sic exaudit, vt pro essentia sumantur, id est, pro
367 928 1194 977 ea re, quae est extra ἀοοςάσuς abstracta forma.
366 962 1195 1033 Ego vero vtramque hanc vocem, quam quam suo
366 1010 1189 1087 loco, pro ipsa Persona sumi dico, idque signifi¬
363 1066 1185 1121 care, quod Graeci puοιν & κοῶςααν proprie ap¬
371 1119 1189 1177 pellant, quae non est abstracta quaedam ab hy¬
366 1156 1191 1220 postasi forma & essentia: sed in ipso suo ὑπεμει¬
364 1201 1204 1271 μλῳ considerata, & caracteribus designata ac
371 1263 1195 1322 constans natura. Idque ipsum diligenter me¬
373 1299 1201 1357 cum obseruat hunc Lombardi locum refutans
366 1352 1199 1408 Thomas in I. part. Quaest. 2t. Artic. 8. 8. ad I. Sic
373 1392 1194 1457 enim scribit, Vnde minus igpropria est istadlocu¬
371 1441 1205 1505 tio) Natura de natura: sapientia de sapientia: quam
369 1501 1201 1548 essentia de essentia. Sed & hic ipse Lombardus
373 1541 1187 1596 seipsum euertens postea ita explicat lib. S. Di
368 1589 1191 1654 stinct. 2. cap. I. vti nos hoc loco facimus. Quare
370 1633 1184 1688 haeret in aqua. Quanquam enim saepe naturan
376 1681 1194 1754 & substantiam cum voce essentiae Augustinus
