1302 2035
103 114 945 194 ipse (vti &reliqui scriptores Latini) confundit.
110 166 944 234 saepe tamen religiose earum vocum discrimen
107 220 941 286 obseruat, quemadmodum faciendum quoque
111 258 943 341 ipse docet lib. 9. de Trinitate cap. 4. Ergo de
107 307 938 390 natura Patris est Filius, & de substantia Patris
116 360 935 435 est, &de persona Patris est. Nam personae Patris
118 411 939 491 character dictus est Filius Heb. I. Vers. 2. quia
112 451 941 530 Pater eum genuit. Neque enim hae phrases a¬
119 492 933 591 pud Augustinum fignificant, Essentia diuina di¬
112 555 929 626 uinam essentia genuit, sed Persona Personam:
112 605 934 673 Atque haec pauca verba longissimam huius Di¬
108 648 687 726 stinctionis congeriem euertunt.
286 710 703 801 AD CAP. VII
170 776 935 878 I EX qua prouecta est. Codex Hilarianus
103 844 930 910 habet Profecta, quod & dilucidius est, & ad men
111 895 926 966 tem Hilarij verbaque ipsa, quae in eo capite prae
108 945 927 1020 cesserunt, aptius. Verbum enim Prouebendi
107 992 933 1056 nescio quid Sabellianum sapit: saltem est a re¬
105 1038 933 1106 centiore, & paulo post Hilarij tempora enata
110 1081 927 1157 Marcellianorum haeresi prolatum: qui personas
112 1127 920 1201 diuinas dicebant vnius cuiusdam materiae ex¬
108 1181 919 1242 tensionem esse & prouectionem. Sic igitur Hi¬
107 1222 923 1299 larius, Non enim per desectionem, aut protensionem
105 1275 924 1344 aut per deriuationem ex Deo Deus est: sed ex virtute
98 1321 916 1400 naturae in naturam eandem natiuitate subsistit, nati¬
104 1373 919 1443 uitas Dei non potest eam, ex qua profecta est, non te¬
105 1424 925 1499 nere naturam. Itaque malim ex ipso prototypo
102 1461 437 1532 restituere profecta.
153 1511 926 1595 2 Quam de Deo subsistit. Hilarius habet vo¬
97 1572 922 1629 cem, Deus, quae hic non est de nihilo. Sic igitur
100 1611 923 1680 ule, Neque enim aliud, quam Deus subsistit, quod
108 1660 923 1736 non aliunde, quam ex Deo Deus subsistit. Tam
101 1710 934 1788 accurata enim vocis Deus inculcatio demostrat
