1396 2088
434 88 1257 149 eam esse mentem Hilarij, eamque fuisse Aria¬
439 124 1257 196 norum (aduersus quos disputat) quaestionem,
443 175 1260 249 vtrum ex Patre Deo sic natus esset Filius, vt es¬
431 211 1262 284 set idem cum Patre Deus. Deum enim esse, sed
435 278 1265 336 gratia non natura: dignatione non essentia, illi
442 325 1262 383 quanuis blasphemi & scelerati homines, tamen
439 364 1246 423 concedebant. Hilarius autem ostendit non tan¬
434 425 1258 483 tum natum esse ex Patre Deo Filium & non a¬
429 463 1254 525 liunde: sed etiam esse Deum de Deo (quemade
436 516 1262 571 modum, etiam prima svnodus Nicena loquuta
434 568 1256 620 fuerat). I. eiusdem essentiae. Quae verba retinere
439 602 1256 675 voluit consulto Hilarius: iste perperam omisit.
432 652 1250 710 Hanc enim esse illius loci mentem & ita expli¬
437 702 1252 770 candam apparet ex his eiusdem Hilarij Verbis
427 752 1250 814 quae sequuntur, Eandem autem naturam inde
426 797 1257 862 (ex Patre)ita, non vt natus sit ipse, qui genuit
435 841 1258 912 CNam quomodo erit ipse), id est, erit Pater (cum
433 890 1254 968 genitus sits)sed ut in his ipsis subsistat ille, qui geni¬
437 942 1078 1017 tus est, in quibus totus est ipse qui genuit.
473 992 844 1064 S Naturam genuisse.
482 1035 853 1103 A Naturam genitam.
482 1090 1255 1152 Cum Hilarius Graecas voces ψοοηλoς καi μοoBiως
439 1138 1251 1203 suo more his vocabulis, Naturam genitam, na¬
429 1191 1255 1250 turam vnigenitam, naturam nascibilem, & simili¬
429 1225 1251 1296 bus aliis procul dubio exprimere voluerit, in¬
434 1284 1257 1336 telsigunt pij & eruditi viri Naturae nomen hic
434 1322 1262 1377 Personam ipsam Filij: non autem essentiam
431 1370 1252 1439 duntaxat diuinam denotare. Itaque longissime
430 1420 1263 1483 a scopo & mente Hilarij hos locos detorqueri,
430 1467 1246 1538 & ab isto proferri iam apparet ad huius con¬
434 1511 1255 1569 trouersiae statum, in quo quaeritur, non vtrum
435 1561 1257 1617 Persona Personam: sed vtuum ipsa diuina. es¬
437 1616 1249 1669 sentia in sese & extra Personas considerata di¬
443 1660 1259 1736 uinam essentiam gignat. Confrmant nostram
