1266 2033
154 86 1108 148 hominum errores post ipsorum obitum publice ar¬
155 144 1115 210 guantur. Pene enim ducentis post ipsius mortem
160 198 1105 271 annis damnata sunt a Theophilo Alexandriae Epi¬
151 257 1111 333 scopo origenis Adamantini erronea dogmata, quae
163 326 1110 387 tamen, velut vera, in Ecclesia diutissime recepta
155 370 1108 445 fuerant. Damnantur hodie, & merito quidem, &
161 429 1112 491 tamen post mille ducentos ab eorum excessu annos,
163 484 1111 543 multae Hieronomi: & quaedam Augustinisententiae,
157 541 1112 604 olim tamen populariter laudatae, quoniam nunquam
162 594 1097 665 sera est mali, falsaeqe doctrinae(quantuncunque tem
158 669 1101 728 pore confirmatae) extirpatio. Denique vt haeretico¬
161 724 1099 773 rum libri, qui diu tamen probati fuerant, cremaren.
156 768 1112 828 tur etiam multis post ipsorum obitum seculis, saepe
160 825 1110 881 est in Ecclesia Dei constitutum, vt Tomi concilio¬
158 881 1102 960 rum docent: & exemploipsocomprobatum ac facti¬
159 940 1108 1014 tatum, quemadmodum Gelasius, Iustinianus, Iusti¬
160 998 1103 1064 nus & Euagrius ostendunt. Nam neque temporis
167 1055 1111 1124 vetustas, neque hominum consensus, quantumuis
163 1109 1108 1175 diuturnus, errorem, vel mendacium in veritatem
160 1169 1106 1237 potest commutare. Itaque cum nobis erectis in coe¬
163 1230 1106 1282 lum oculis, non autem in vana hominum iudicia
155 1289 1104 1361 intuentibus sit de vera fide Philosophandum, nun¬
159 1334 1113 1404 quam potest sera aut intempestiua videri erroris
164 1395 1109 1454 etiam receptissimi reprehensio, quae ex Dei ipsius ore
163 1453 1113 1515 & verbo fieri demonstratur. Imo vero quo error
153 1516 1107 1579 aliquis diuturnior fuit, eo periculosior, turpiorque
155 1561 1110 1625 censendus est. Superest igitur vt ad eorum repre¬
153 1621 1103 1687 hensiones respondeam, qui me de Theologia Chri¬
141 1687 1104 1769 stiana male mereri fortasse dicent, quod tot sale¬
