1276 2060
171 63 1122 146 nam inter vos esse testaturs Nam, vt omittam illa,
174 146 1116 200 quae vobis suntcum omnibus felicissimae iam Hollan
169 195 1121 261 diae ordinibus communia, quod abdicato prorsus
167 253 1116 312 Papismo, estis summo ardore amplexi sidem in ve¬
173 300 1114 376 rum Christum illum vnigenitum Dei Filium, Do¬
171 373 1116 430 minum, & vnicum apud Patrem mediatorem no¬
179 419 1120 483 strum: vt non comemorem illa, vestra quidem, sed
171 491 1118 549 pene iam vetera, & tamen immortali hominun
169 528 1118 604 laude dignissima, quod vt patriam vestram, i. uni¬
174 590 1126 648 uersam Hollandiam a seuissima illa Hispanorum
175 639 1111 706 (quam iam tot annos inuaserant) tyrannide libe¬
177 713 1123 768 raretis: Bis in periculum rerum omnium, id est, ca¬
172 757 1122 825 pitis & fortunarum venistis: Bis ab Hispanis obsessi
171 817 1123 894 estis: Bis quoqu, a Deo, summo miraculo, ex eorum
178 868 1128 939 faucibus erepti. Quomodo de caeteris rebus a vobis
178 929 1119 995 feliciter gestis tacere vlla hominum aetas poterite
177 992 1126 1057 Ergo acerba quaeque tolerantes tandem illum, qui
176 1045 1119 1109 censebatur inuictus, victum Hissanorum exerci¬
178 1098 1120 1163 tum vidistis, nimirum lllustriss. Auraniae Principis,
179 1158 1130 1229 uiri ad Ecclesiae patrocinium nati, auspicijs: Duce
181 1206 1122 1280 fortissimo illo & vere antiquis Atheniensium &
173 1268 1126 1336 Rhodiorum Thalassiarchis, conferendo Boisoto: Prae¬
176 1333 1126 1392 fecto Leydensis vrbis lano Duxa Sene quidem ad¬
182 1387 1124 1456 huc adolescente, sed tamen iam Hectoreum illud
178 1443 1132 1518 pectus suum fortiter pro Patriae falute hostibus im¬
184 1492 1131 1570 manissimis opponente. Qui quanuis sic videretur,
175 1550 1124 1623 & natus, & educatus, ut totum se tradidisset tran¬
177 1608 1125 1681 quillo Mineruae otio, studioque Poetices (in qua lo¬
175 1673 1140 1753 cum inter eximios nostrae aetatis vvetas habet) ita
