1285 2040
183 65 1125 151 grauis illa & tetra haereseon, nempe Anabaptista¬
189 126 1125 205 rum, lacuna primum scaturijt, & in alias regiones
184 193 1129 256 arte Satanae exhalauit: in ea ipsa vrbe Dominus
187 250 1137 325 iam verissimum, suauissimum, purissimumque do¬
186 296 1127 375 ctrinae suae fontem aperit, qui suis limpidissimis
180 370 1129 426 riuis non tantum cateras Batauorum urbes irri¬
187 418 1128 478 gare: sed postea ad vniuersas Dei Ecclesias deriua¬
185 476 1134 545 ri & propagari possit. Quod certe vt obtineatis,
184 521 1129 602 nullo vel labori, vel sumptui vestro parcitis, & un¬
189 586 1131 658 dique vobis doctiss. uiros ad ornandam illam Aca¬
196 648 1125 717 demiam vestram accersitis, qualem vos praestantis¬
198 696 1132 780 simum illum Feugereium Theologum antea habuistis:
188 755 1130 820 qualem celeberrimum illum lurisconsultum D.
186 806 1131 883 Hugonem Donellum I. C. nuper ad vos vocastis:
196 859 1131 947 qualem singularem illum τολυφωαα lustum Lipsium
189 920 1134 996 iampridem nacti estis, quorum egregia ingenij mo¬
192 993 1127 1048 nimenta canescent seclis, vt ait ille, innumerabili¬
186 1041 1134 1115 bus. Nec minorem sane Petreius Tiara, & alij in sua
196 1100 1127 1165 quisque arte & facultate lauream Professores ve¬
195 1156 1136 1219 stri merentur, de quorum laudibus plura dicerem,
186 1211 1132 1269 nisi eorum modestia & pudor mibi manum iniice¬
182 1271 1129 1343 ret. Sic igitur & in cateras artes, & in vnam prae¬
183 1314 1138 1383 cipue Christi doctrinam puram ad posteros conser¬
186 1374 1138 1458 uandam egregie laboratis. Nam disciplinam Ec¬
189 1430 1131 1506 clesiasticam quid commemorem, quae ipsius Do¬
185 1494 1129 1566 ctrinae indiuidua quaedam comes est: Quae enim
189 1554 1132 1624 verbi Dei vis, & authoritas esse sine disciplina po¬
186 1602 1124 1663 test: Quis vitae morumque sanctitatis vel insti¬
178 1658 1126 1753 tuendae, vel conseruandae ratio, semel sublata disci¬
