1328 2052
192 72 1138 156 plina Ecclesiastica, restate illa enim est ipsius do¬
195 138 1139 199 ctrinae neruus, Ecclesiae decorum, ornamentum ca¬
196 191 1133 259 tus, robur exhortationum, necessarium denique¬
187 250 1138 323 ad omnes libidines coercendas frenum. Qui vero
191 307 1147 383 hac semel inducta, ius Christiani magistratus euer
194 362 1142 435 ti, vel tantillum imminui putant, ij certe ab ipso
197 419 1154 498 Spiritu sancto aperte confutantur. Nam ille¬ &
198 474 1145 544 magistratus ius illibatum, & huius disciplinae vsum
195 536 1135 600 in Ecclesia simul coniungit. Imo uero vtraque¬
195 592 1144 661 haec (siue lurisdictio, siue potestas appelletur )ciuilis
198 646 1142 704 nempe, & Ecclesiastica ad regnum Christi inter
200 704 1148 782 homines propagandum pulcherrime atque ami¬
204 759 1147 831 cissime inter se coiurat: altera fouet alteram: altera
206 831 1137 888 alterius est, & custos, & adiutrix: & eo inter se¬
205 879 1146 947 nexu vinciuntur, quo bini in eodem corpore oculi,
204 930 1140 988 binae, manus, bini pedes: vel, si quis fortassis intelli¬
205 985 1149 1058 gere explicatius istam vtriusque huius potestatis socie
196 1046 1146 1120 tatem velit, quo oculus & manus ad totius corporis
199 1105 1144 1168 conseruationem & tutelam a Deo in nobis singulis
201 1163 1151 1232 coniunguntur. Est enim disciplina Ecclesiastica, quique
205 1212 1149 1294 legitime illi ex vniuersae Dei Ecclesiae suffragio &
209 1268 1143 1342 consensu praesunt, velut oculi ipsius magistratus:
208 1327 1151 1396 Magistratus vero velut istorum oculorum manus &
205 1375 1152 1463 robur Quamobrem hoc iam a vobis peta, V. Clariss.
217 1454 1148 1503 vt quoniam huius meae erga vos obseruantiae ratio¬
210 1500 1156 1565 nem exposui: hoc meum de vestris virtutibus iudi¬
209 1561 1153 1627 cium, ac testimonium aequis animis interpretemini.
215 1607 1155 1681 Quod fecisse vos intelligam, si hoc meu munusculum
212 1683 1161 1754 animo tam benigno accipiatis, quam beneuolo vobis
