1318 2040
208 275 663 357 PROLEGOMENA
78 358 787 471 IN PETRI LOMBAR¬
135 448 723 547 DI LIBRVM PRIMVM
250 536 614 601 SENTENTIARVM
343 627 500 707 Cap. I
129 701 724 790 De prima Scholastica Theologiae origine.
200 777 793 869 TA fere vsus, communisque ratio lo¬
206 852 797 908 quendi iam obtinuit, vt qui inter Pon¬
173 892 797 963 tifices homines se in religione profi-
205 944 794 1012 tentur aliorum doctores, citra con¬
74 989 797 1069 uitium, aut contumeliam vllam vulgo Doctores
75 1041 371 1102 Scholastici vocentur.
105 1077 792 1157 Quam appellationem nec ipsi dedignantur,
64 1138 796 1206 nec habere ipsam per se ullam probri signifi¬
76 1180 788 1242 cationem omnes facile concedunt. Huius au¬
74 1232 795 1292 tem vocis minime est obscura deriuatio. Nam
79 1279 789 1341 ἄπο ἤις χολῆς deduci χολασικὸν vel tenuissime Grae¬
76 1320 795 1383 ce scientibus notum est satis. Scholae autem dictae
62 1373 797 1432 sunt (inquit Festus) non ab otio, ac vacatione ani¬
65 1423 796 1495 mi: sed quod cateris rebus omissis, liberalibus studijs
67 1473 790 1534 homines in illis locis, velut Academia Platonis,
66 1517 789 1578 Stoa Zenonis, Peripato Aristotelis, vel alio
62 1568 788 1629 quouis loco strenue vacarent. Ac primis quidem
70 1614 782 1671 Ecclesiae temporibus, quum recte & ex praece¬
63 1664 789 1726 ptis, & exemplis Apostolorum gubernaretur,
62 1711 774 1786 verbum Dei & priuatim & publice, quemad¬
