1268 2064
292 53 1116 119 modum apparet ex Actis 2o. Vers. 2o. doceba¬
292 115 1126 175 tur a veris Pastoribus, ac doctoribus: adeo vt
286 153 1126 221 non modo ipsi Ecclesiae caetus, sed singulorum
286 206 1116 254 quoque fidelium domus scholae quodammo¬
292 249 1119 325 do pietatis, & Christianae doctrinae dici pos¬
284 308 1121 363 sent: & fideles ipsi promiscue & Mασηsας Vel
290 348 1114 405 Christiani vocabantur. Etsi vero Doctores
288 401 1103 454 a Pastoribus distinguit Paulus in epistola ad E¬
292 448 1109 505 phesios, quum functiones Ecclesiasticas perpe¬
286 496 1115 558 tuas, & ordinarias recenset: non raro tamen e¬
287 541 1124 611 uenit, vt vnus & idem propter egregias animi
282 592 1117 653 dotes, Pastoris & Doctoris munere in Ecclesia
292 640 1112 707 fungeretur. Cuius rei fidem faciunt tum κατυζἰ¬
290 689 1110 740 ouις, tum alia quoque scripta edita, ex quibus
287 738 1105 799 eosdem vtrumque illud ex imie praestitisse con¬
277 793 1109 838 stat. Verum decrescentibus primis illis Dei in
279 828 1107 892 Ecclesiam donis: yel Episcopis ipsis, ac Pasto¬
278 878 1101 945 ribus alibi iam occupatis, nimirum, vt homi¬
278 929 1104 980 num mores corrigerent, aut etiam vt opes Ec¬
274 974 1108 1041 clesiae (cui praeerant) iam lautas illas quidem
269 1033 1102 1081 tuerentur & augerent, coeperunt quotidiano il¬
279 1074 1109 1122 li a docendi munere, non grauatim abstinere.
273 1119 1107 1174 Satis enim ad tuendam dignitatem officium se
274 1168 1107 1225 suum facere existimarunt, si vel aliis illum la¬
267 1217 1106 1275 borem demandassent, velut Presbyteris, Dia¬
279 1267 1100 1315 conis, & aliis Ecclesiae suae, quos vocabant, Cle¬
271 1314 1101 1381 ricis: vel ipsi nonnunquam in solenniori popu¬
265 1364 1100 1412 li caetu conciones habuissent. Ex quo factum
270 1417 1101 1466 est, vt ab Episcoporum, tanquam eminentiore
267 1465 1096 1521 dignitate, docendi onus separari coeperit, & a¬
270 1509 1103 1574 liis delegari. Paulatim vero Episcopis pascen¬
275 1553 1093 1618 di gregis sui curam omnem etiam deponenti¬
269 1599 1104 1655 bus, doctrina Christiana non tantum tanquam
260 1649 1094 1706 lucerna sub modio absconsa fuit, Matthis, vers.
262 1700 1104 1753 is: sed (quod omnino necesse erat euenire) inua¬
