1286 2054
172 59 1004 131 lescentibus erroribus pene omnis etiam inter
171 117 998 183 Christianos ipsos extingui coepit. In tanta igi¬
177 167 1007 229 tur Pastorum vaecordia exorti sunt quidam,
182 226 1005 282 vt verbis Platonis vtar, homunciones, qui cum
171 264 1000 317 hanc sedem vacuam conspicerent, praeclaris ta¬
176 322 999 383 men nominibus & steminatis speciosam, instar
177 362 1007 421 eorum qui e carceribus ad templa confugiunt,
176 403 1001 475 vltro ex infimis sedibus in illam inuaserunt. Ii
174 463 1004 518 autem fuerunt praesertim Monachi, qui negle¬
175 509 994 563 ctum docendi munus in se suscipere non recu¬
173 548 1001 614 sarent. Hi vero quoniam iam doctrina Chri¬
173 596 998 665 stiana, velut incultus iam pridem ager infinitis
167 648 990 696 erroribus, velut sentibus, obsita, & pene obru¬
170 694 999 752 ta erat, receptas in Ecclesia opiniones, taquam
173 745 998 797 solae verae fidei dogmata docere, defendere at¬
171 793 987 857 que etiam propagare, habebat satis: adeo vt re¬
168 845 989 913 liquum caelestis Euangelij doctrinae, quae ma¬
177 895 984 949 gna ex parte sepulta iam erat, non tanquam lan¬
165 940 998 1012 guentem lucernam effugarent: sed suis, potius
175 984 992 1037 disputationibus & παεαδμαλειξαῆς suffocaret. Er¬
170 1033 1003 1090 go Scholastici dicti sunt, quod eam doctrina
174 1091 991 1148 tenerent, quae in Scholis publicis tradebatur
169 1130 994 1188 publice, vtvt illi quidam priuatim illi doctrinae re¬
167 1187 991 1244 pugnarent. Sed cum. difficiles intricatae infini¬
172 1235 993 1296 taeque de iis rebus quaestiones tunc quoque ori¬
172 1285 989 1337 rentur, coeperunt in suis illis scholis concerta¬
166 1324 999 1376 tiones inter se de sua doctrina laboriosissimas
170 1374 995 1437 instituere, ac exercere. Vnde & scholae Theolo¬
165 1419 1004 1473 gicae, & Scholasticorum Theologorum nomen cele¬
157 1473 1002 1532 bre factum est: atque haec secta originem pri¬
155 1511 999 1571 mum habuit. Scholasticos ergo sese peculiari ap¬
157 1558 1008 1632 pellatione nominarunt, & quod quae in Scholis,
154 1610 1007 1679 vti dixi publicis, quasi ab omnibus probatum tra¬
163 1662 1009 1711 derent, & quod difficilem in suis illis scholis dis¬
156 1711 1013 1767 putandi rationem retinerent: adeo vt aliam
