<?xml version="1.0" encoding="UTF-8" standalone="yes"?>
<PcGts xmlns="http://schema.primaresearch.org/PAGE/gts/pagecontent/2013-07-15" xmlns:xsi="http://www.w3.org/2001/XMLSchema-instance" xsi:schemaLocation="http://schema.primaresearch.org/PAGE/gts/pagecontent/2013-07-15 http://schema.primaresearch.org/PAGE/gts/pagecontent/2013-07-15/pagecontent.xsd">
    <Metadata>
        <Creator>prov=University of Rostock/Institute of Mathematics/CITlab|PLANET AI GmbH/Gundram Leifert/gundram.leifert@planet-ai.de:name=Geneva1580-m2(htr_id=30020)::::v=2.6.7
prov=University of Rostock/Institute of Mathematics/CITlab|PLANET AI GmbH/Tobias Gruening/tobias.gruening@planet-ai.de:name=de.uros.citlab.module.baseline2polygon.B2PSeamMultiOriented:v=2.6.7
prov=University of Rostock/Institute of Mathematics/CITlab|PLANET AI GmbH/Tobias Gruening/tobias.gruening@planet-ai.de:name=/net_tf/LA73_249_0mod360.pb:de.uros.citlab.segmentation.CITlab_LA_ML:v=2.6.6
Transkribus</Creator>
        <Created>2021-01-20T13:53:32.461+01:00</Created>
        <LastChange>2021-02-10T14:07:15.023+01:00</LastChange>
        <TranskribusMetadata docId="576385" pageId="23671516" pageNr="47" tsid="52341423" status="IN_PROGRESS" userId="25065" imgUrl="https://files.transkribus.eu/Get?id=PMVVIDSACMASKXVUTANWHOQH&amp;fileType=view" xmlUrl="https://files.transkribus.eu/Get?id=BPIRGFXDEZERLXJEAMQATWCT" imageId="18180334"/>
    </Metadata>
    <Page imageFilename="46.jpg" imageWidth="1313" imageHeight="2031">
        <ReadingOrder>
            <OrderedGroup id="ro_1612985932632" caption="Regions reading order">
                <RegionRefIndexed index="0" regionRef="TextRegion_1612096518374_249"/>
            </OrderedGroup>
        </ReadingOrder>
        <TextRegion orientation="0.0" id="TextRegion_1612096518374_249" custom="readingOrder {index:0;}">
            <Coords points="173,50 1009,50 1029,1553 1032,1785 173,1785"/>
            <TextLine id="r1l2" custom="readingOrder {index:0;}">
                <Coords points="168,140 918,143 1008,131 1008,104 962,72 843,105 804,79 677,103 167,96"/>
                <Baseline points="173,130 214,130 256,129 297,129 339,129 380,128 422,128 463,128 505,128 546,127 588,127 629,127 671,127 712,127 754,126 795,126 837,126 878,126 920,126 961,125 1003,125"/>
                <TextEquiv>
                    <Unicode>Romae ac Bononiae docuisse, &amp; primus ex lta¬</Unicode>
                </TextEquiv>
            </TextLine>
            <TextLine id="r1l3" custom="readingOrder {index:1;}">
                <Coords points="169,196 1011,176 1010,143 882,135 827,156 790,133 169,141"/>
                <Baseline points="175,180 216,180 258,179 299,179 341,178 382,178 424,177 465,177 507,176 548,176 590,176 631,176 673,175 714,175 756,175 797,175 839,174 880,174 922,174 963,173 1005,173"/>
                <TextEquiv>
                    <Unicode>lis glossemata textibus addidisse. Haec circa an¬</Unicode>
                </TextEquiv>
            </TextLine>
            <TextLine id="r1l4" custom="readingOrder {index:2;}">
                <Coords points="182,238 923,245 1010,233 1010,177 830,202 650,182 182,203"/>
                <Baseline points="187,226 227,226 268,226 309,226 350,226 391,226 432,225 473,225 514,225 555,225 596,225 636,225 677,225 718,224 759,224 800,224 841,224 882,224 923,224 964,225 1005,225"/>
                <TextEquiv>
                    <Unicode>num Domini ioso. vt plerique annotant, gesta</Unicode>
                </TextEquiv>
            </TextLine>
            <TextLine id="line_1612096518414_252" custom="readingOrder {index:3;}">
                <Coords points="173,281 1017,285 1017,237 992,230 173,239"/>
                <Baseline points="179,275 226,275 274,274 321,274 369,274 416,274 464,274 511,274 559,274 606,274 654,274 701,273 749,273 796,273 844,272 891,272 939,271 986,270 1012,268"/>
                <TextEquiv>
                    <Unicode>sunt. Sequuti sunt Irnerium auditores ipsius, </Unicode>
                </TextEquiv>
            </TextLine>
            <TextLine id="r1l7" custom="readingOrder {index:4;}">
                <Coords points="182,335 1009,331 989,278 691,300 182,285"/>
                <Baseline points="187,323 227,323 268,322 309,322 350,322 391,322 431,321 472,321 513,321 554,321 595,321 635,321 676,321 717,321 758,321 799,321 839,321 880,321 921,321 962,321 1003,321"/>
                <TextEquiv>
                    <Unicode>Ioannnes Bulgarus, Aao, Ioannes Placentinus, &amp;</Unicode>
                </TextEquiv>
            </TextLine>
            <TextLine id="r1l8" custom="readingOrder {index:5;}">
                <Coords points="182,387 969,384 1010,368 1010,331 182,347"/>
                <Baseline points="188,374 228,373 269,372 310,371 351,371 392,371 433,370 473,370 514,370 555,370 596,370 637,370 678,370 719,370 759,370 800,369 841,369 882,369 923,369 964,368 1005,367"/>
                <TextEquiv>
                    <Unicode>alij, qui in schola pariter, &amp; Reip. administra¬</Unicode>
                </TextEquiv>
            </TextLine>
            <TextLine id="r1l9" custom="readingOrder {index:6;}">
                <Coords points="183,430 1018,421 1018,389 952,374 676,401 183,387"/>
                <Baseline points="188,420 229,420 270,419 311,419 353,419 394,419 435,418 476,418 518,418 559,418 600,418 641,418 683,417 724,417 765,417 806,417 848,417 889,417 930,417 971,417 1013,417"/>
                <TextEquiv>
                    <Unicode>tione foruerunt, denique capta admiratione</Unicode>
                </TextEquiv>
            </TextLine>
            <TextLine id="r1l10" custom="readingOrder {index:7;}">
                <Coords points="187,480 1017,476 1017,431 187,433"/>
                <Baseline points="192,468 233,468 274,467 315,467 356,467 397,467 438,467 479,467 520,466 561,466 602,466 643,466 684,465 725,465 766,465 807,465 848,464 889,464 930,464 971,464 1012,464"/>
                <TextEquiv>
                    <Unicode>doctrinae huius, Italia certatim in eam incum¬</Unicode>
                </TextEquiv>
            </TextLine>
            <TextLine id="r1l11" custom="readingOrder {index:8;}">
                <Coords points="182,534 836,517 939,540 1012,509 1013,476 182,480"/>
                <Baseline points="187,516 228,516 269,516 310,516 351,516 392,516 433,515 474,515 515,515 556,515 597,514 638,514 679,514 720,514 761,513 802,513 843,513 884,513 925,513 966,512 1008,512"/>
                <TextEquiv>
                    <Unicode>bere coepit, &amp; prodierunt ex illis scholis plu¬</Unicode>
                </TextEquiv>
            </TextLine>
            <TextLine id="r1l12" custom="readingOrder {index:9;}">
                <Coords points="184,578 970,579 1011,538 183,533"/>
                <Baseline points="189,565 229,565 270,565 311,565 352,565 393,564 434,564 474,564 515,563 556,563 597,563 638,562 679,562 720,561 760,561 801,561 842,561 883,560 924,560 965,560 1006,560"/>
                <TextEquiv>
                    <Unicode>rimi, qui docendo, scribendo, &amp; de iure re¬</Unicode>
                </TextEquiv>
            </TextLine>
            <TextLine id="r1l13" custom="readingOrder {index:10;}">
                <Coords points="180,622 990,625 1011,579 179,579"/>
                <Baseline points="185,613 226,613 267,613 308,612 349,612 390,612 431,611 472,611 513,610 554,610 595,609 636,609 677,609 718,609 759,609 800,608 841,609 882,609 923,609 964,610 1006,610"/>
                <TextEquiv>
                    <Unicode>spondendo, regedis imperiis, de vita hominum</Unicode>
                </TextEquiv>
            </TextLine>
            <TextLine id="r1l14" custom="readingOrder {index:11;}">
                <Coords points="188,677 869,678 1014,669 1014,638 567,618 531,639 427,620 188,640"/>
                <Baseline points="193,663 233,662 274,661 315,660 356,660 397,659 437,659 478,659 519,658 560,658 601,658 641,658 682,658 723,658 764,658 805,657 845,657 886,657 927,656 968,656 1009,655"/>
                <TextEquiv>
                    <Unicode>optime meriti sunt. Horum nonnulli, vti Pla¬</Unicode>
                </TextEquiv>
            </TextLine>
            <TextLine id="r1l15" custom="readingOrder {index:12;}">
                <Coords points="189,726 1013,720 997,662 756,686 189,677"/>
                <Baseline points="194,710 234,710 275,709 315,709 356,708 397,708 437,708 478,707 519,707 559,707 600,706 641,706 681,706 722,706 763,706 803,706 844,705 885,705 925,705 966,705 1007,705"/>
                <TextEquiv>
                    <Unicode>centinus &amp; Axo, summam luris Ciuilis, id est</Unicode>
                </TextEquiv>
            </TextLine>
            <TextLine id="r1l16" custom="readingOrder {index:13;}">
                <Coords points="187,773 995,770 1016,726 260,716 187,736"/>
                <Baseline points="193,758 233,758 274,758 315,757 356,757 397,757 438,756 479,756 520,755 561,755 602,755 642,754 683,754 724,754 765,754 806,753 847,753 888,753 929,754 970,754 1011,754"/>
                <TextEquiv>
                    <Unicode>capita rerum in toto iureRomano traditarum,</Unicode>
                </TextEquiv>
            </TextLine>
            <TextLine id="r1l17" custom="readingOrder {index:14;}">
                <Coords points="186,826 973,821 1012,815 1012,773 185,774"/>
                <Baseline points="191,807 231,807 272,806 313,806 354,805 395,805 435,805 476,804 517,804 558,804 599,803 639,803 680,803 721,802 762,802 803,802 843,802 884,802 925,801 966,801 1007,801"/>
                <TextEquiv>
                    <Unicode>ad locos quosdam communes in studiosorum</Unicode>
                </TextEquiv>
            </TextLine>
            <TextLine id="r1l18" custom="readingOrder {index:15;}">
                <Coords points="191,877 968,854 858,816 191,828"/>
                <Baseline points="196,855 234,855 272,855 311,855 349,854 387,854 426,853 464,853 502,852 541,852 579,852 617,851 656,851 694,851 732,850 771,850 809,850 847,850 886,850 924,851 963,851"/>
                <TextEquiv>
                    <Unicode>gratiam breuiter &amp; methodice reuocarunt.</Unicode>
                </TextEquiv>
            </TextLine>
            <TextLine id="r1l19" custom="readingOrder {index:16;}">
                <Coords points="232,916 1014,901 1014,866 869,857 670,881 609,859 522,879 232,866"/>
                <Baseline points="237,901 275,901 314,901 352,901 391,901 430,901 468,901 507,901 545,900 584,900 623,900 661,900 700,899 738,899 777,899 816,898 854,898 893,897 931,897 970,897 1009,896"/>
                <TextEquiv>
                    <Unicode>Feruebat igitur recens excitatum studium</Unicode>
                </TextEquiv>
            </TextLine>
            <TextLine id="r1l20" custom="readingOrder {index:17;}">
                <Coords points="185,966 986,965 1016,954 1016,907 185,912"/>
                <Baseline points="190,950 231,950 272,950 313,950 354,950 395,950 436,949 477,949 518,949 559,948 600,948 641,948 682,947 723,947 764,947 805,946 846,946 887,946 928,946 969,945 1011,945"/>
                <TextEquiv>
                    <Unicode>doctrinae legum Romanarum, certatim in id</Unicode>
                </TextEquiv>
            </TextLine>
            <TextLine id="r1l21" custom="readingOrder {index:18;}">
                <Coords points="188,1021 742,999 911,1018 1010,999 1010,971 187,965"/>
                <Baseline points="193,1000 233,1000 274,999 314,999 355,998 396,998 436,997 477,997 517,996 558,996 599,996 639,995 680,995 720,995 761,994 802,994 842,994 883,993 923,993 964,993 1005,992"/>
                <TextEquiv>
                    <Unicode>incumbentibus ingeniis Italicis &amp; Oermanicis. </Unicode>
                </TextEquiv>
            </TextLine>
            <TextLine id="r1l22" custom="readingOrder {index:19;}">
                <Coords points="192,1056 1009,1044 1009,1021 939,1005 192,1021"/>
                <Baseline points="197,1045 237,1046 277,1046 318,1046 358,1046 398,1046 439,1046 479,1045 519,1045 560,1045 600,1045 640,1044 681,1044 721,1043 761,1043 802,1043 842,1042 882,1042 923,1041 963,1041 1004,1041"/>
                <TextEquiv>
                    <Unicode>quod quia lmperatores muniebat, atque arma¬</Unicode>
                </TextEquiv>
            </TextLine>
            <TextLine id="r1l23" custom="readingOrder {index:20;}">
                <Coords points="194,1104 1021,1092 1020,1059 955,1050 426,1073 194,1055"/>
                <Baseline points="199,1095 239,1095 280,1095 321,1094 362,1094 403,1094 443,1094 484,1094 525,1094 566,1093 607,1093 647,1093 688,1093 729,1092 770,1092 811,1091 851,1090 892,1090 933,1089 974,1088 1015,1087"/>
                <TextEquiv>
                    <Unicode>bat, videbatur minitari recenti necdum satis</Unicode>
                </TextEquiv>
            </TextLine>
            <TextLine id="r1l24" custom="readingOrder {index:21;}">
                <Coords points="196,1154 1015,1143 986,1094 565,1124 196,1110"/>
                <Baseline points="201,1142 241,1142 281,1142 322,1142 362,1142 403,1142 443,1142 483,1142 524,1142 564,1142 605,1141 645,1141 685,1141 726,1140 766,1140 807,1139 847,1139 887,1138 928,1137 968,1136 1009,1136"/>
                <TextEquiv>
                    <Unicode>confirmatae Pontificum Romanorum tyranni¬ </Unicode>
                </TextEquiv>
            </TextLine>
            <TextLine id="r1l25" custom="readingOrder {index:22;}">
                <Coords points="192,1199 973,1201 1027,1191 1026,1143 191,1167"/>
                <Baseline points="197,1188 238,1189 279,1190 320,1191 361,1191 403,1191 444,1191 485,1191 526,1191 567,1191 609,1190 650,1190 691,1189 732,1189 773,1188 815,1187 856,1187 897,1186 938,1186 979,1185 1021,1185"/>
                <TextEquiv>
                    <Unicode>di. Pericula ergo, quae inde emersura essent, si</Unicode>
                </TextEquiv>
            </TextLine>
            <TextLine id="r1l26" custom="readingOrder {index:23;}">
                <Coords points="189,1244 1008,1237 1008,1207 919,1193 715,1218 189,1198"/>
                <Baseline points="195,1239 235,1239 275,1239 316,1239 356,1239 397,1239 437,1239 477,1239 518,1239 558,1239 599,1239 639,1239 679,1238 720,1238 760,1237 801,1237 841,1236 881,1235 922,1234 962,1233 1003,1232"/>
                <TextEquiv>
                    <Unicode>inualuisset, vt iuature auerterentur, extolli coe¬</Unicode>
                </TextEquiv>
            </TextLine>
            <TextLine id="r1l27" custom="readingOrder {index:24;}">
                <Coords points="194,1314 333,1290 993,1297 1023,1261 940,1241 193,1262"/>
                <Baseline points="199,1287 242,1287 285,1287 328,1287 371,1287 414,1287 457,1287 500,1287 543,1287 586,1287 630,1287 673,1286 716,1286 759,1285 802,1285 845,1284 888,1283 931,1282 974,1281 1018,1279"/>
                <TextEquiv>
                    <Unicode>pta est Canonum authoritas, &amp; legibus Ro¬</Unicode>
                </TextEquiv>
            </TextLine>
            <TextLine id="r1l28" custom="readingOrder {index:25;}">
                <Coords points="200,1345 1026,1339 1025,1306 913,1289 753,1313 645,1293 577,1314 200,1308"/>
                <Baseline points="205,1334 245,1335 286,1335 327,1335 368,1335 408,1335 449,1335 490,1335 531,1335 571,1335 612,1334 653,1334 694,1334 734,1334 775,1333 816,1333 857,1333 897,1332 938,1331 979,1331 1020,1330"/>
                <TextEquiv>
                    <Unicode>manis anteponi. Itaque ferri coeptae sunt leges,</Unicode>
                </TextEquiv>
            </TextLine>
            <TextLine id="r1l29" custom="readingOrder {index:26;}">
                <Coords points="200,1407 993,1395 1016,1356 199,1350"/>
                <Baseline points="205,1383 245,1383 285,1383 325,1384 366,1383 406,1383 446,1383 487,1383 527,1382 567,1382 608,1382 648,1381 688,1381 728,1380 769,1380 809,1379 849,1379 890,1378 930,1378 970,1377 1011,1377"/>
                <TextEquiv>
                    <Unicode>quibus de Romanis aliquid derogaretur, au¬</Unicode>
                </TextEquiv>
            </TextLine>
            <TextLine id="r1l30" custom="readingOrder {index:27;}">
                <Coords points="191,1439 1019,1434 1018,1391 985,1389 191,1401"/>
                <Baseline points="196,1432 236,1432 277,1432 318,1432 359,1432 400,1432 441,1431 481,1431 522,1431 563,1431 604,1430 645,1430 686,1429 727,1429 767,1429 808,1428 849,1427 890,1427 931,1426 972,1426 1013,1425"/>
                <TextEquiv>
                    <Unicode>toritate Ecclesiae ceu correctum ac limitatum. </Unicode>
                </TextEquiv>
            </TextLine>
            <TextLine id="r1l31" custom="readingOrder {index:28;}">
                <Coords points="190,1487 1027,1483 1027,1444 949,1435 801,1456 190,1443"/>
                <Baseline points="195,1478 236,1479 277,1480 319,1480 360,1480 401,1480 443,1480 484,1480 525,1479 567,1479 608,1479 649,1478 691,1477 732,1476 773,1476 815,1475 856,1474 897,1474 939,1473 980,1473 1022,1472"/>
                <TextEquiv>
                    <Unicode>Cumque nouo iuri isti &amp; legibus Pontificiis</Unicode>
                </TextEquiv>
            </TextLine>
            <TextLine id="r1l32" custom="readingOrder {index:29;}">
                <Coords points="195,1549 1008,1537 1023,1484 194,1504"/>
                <Baseline points="200,1530 240,1530 281,1530 322,1530 363,1529 404,1529 445,1528 486,1528 527,1527 568,1527 609,1526 649,1525 690,1525 731,1524 772,1524 813,1523 854,1523 895,1522 936,1522 977,1522 1018,1522"/>
                <TextEquiv>
                    <Unicode>nouis patronis &amp; defensoribus opus esset, cito</Unicode>
                </TextEquiv>
            </TextLine>
            <TextLine id="r1l33" custom="readingOrder {index:30;}">
                <Coords points="190,1585 1026,1576 1025,1550 941,1532 189,1546"/>
                <Baseline points="195,1577 236,1578 277,1578 318,1578 360,1578 401,1578 442,1577 483,1577 525,1576 566,1576 607,1575 648,1574 690,1573 731,1572 772,1571 813,1571 855,1570 896,1570 937,1569 978,1569 1020,1569"/>
                <TextEquiv>
                    <Unicode>commouit sese duplex hominum genus Cano¬</Unicode>
                </TextEquiv>
            </TextLine>
            <TextLine id="r1l34" custom="readingOrder {index:31;}">
                <Coords points="190,1637 1007,1638 1020,1580 189,1599"/>
                <Baseline points="195,1625 236,1626 277,1626 318,1626 359,1626 400,1626 441,1625 482,1625 523,1624 564,1624 605,1623 646,1622 687,1622 728,1621 769,1620 810,1620 851,1619 892,1619 933,1619 974,1618 1015,1619"/>
                <TextEquiv>
                    <Unicode>nistae &amp; Scholastici: quorum illi Canonistae,</Unicode>
                </TextEquiv>
            </TextLine>
            <TextLine id="r1l35" custom="readingOrder {index:32;}">
                <Coords points="190,1698 962,1674 1025,1698 1024,1644 986,1628 618,1630 587,1652 189,1635"/>
                <Baseline points="195,1675 236,1675 277,1675 318,1674 359,1674 401,1674 442,1673 483,1673 524,1672 565,1672 607,1671 648,1670 689,1670 730,1669 771,1669 813,1668 854,1668 895,1667 936,1667 977,1667 1019,1667"/>
                <TextEquiv>
                    <Unicode>hierarchiam &amp; tprannidem Romani pontificis</Unicode>
                </TextEquiv>
            </TextLine>
            <TextLine id="r1l36" custom="readingOrder {index:33;}">
                <Coords points="191,1743 843,1720 912,1741 994,1729 1019,1687 191,1698"/>
                <Baseline points="196,1724 236,1723 277,1723 318,1723 359,1722 400,1722 441,1722 482,1721 523,1721 564,1721 605,1720 645,1720 686,1719 727,1719 768,1718 809,1718 850,1717 891,1716 932,1716 973,1715 1014,1714"/>
                <TextEquiv>
                    <Unicode>propugnandam susceperunt ex Canonum de¬</Unicode>
                </TextEquiv>
            </TextLine>
            <TextLine id="r1l37" custom="readingOrder {index:34;}">
                <Coords points="197,1792 1022,1790 1029,1726 196,1747"/>
                <Baseline points="202,1774 243,1773 284,1773 325,1773 366,1772 407,1772 448,1772 489,1772 530,1772 571,1771 613,1771 654,1771 695,1770 736,1770 777,1769 818,1769 859,1768 900,1767 941,1766 982,1765 1024,1764"/>
                <TextEquiv>
                    <Unicode>cretis, non minore contentione quam caeteri</Unicode>
                </TextEquiv>
            </TextLine>
            <TextEquiv>
                <Unicode>Romae ac Bononiae docuisse, &amp; primus ex lta¬
lis glossemata textibus addidisse. Haec circa an¬
num Domini ioso. vt plerique annotant, gesta
sunt. Sequuti sunt Irnerium auditores ipsius, 
Ioannnes Bulgarus, Aao, Ioannes Placentinus, &amp;
alij, qui in schola pariter, &amp; Reip. administra¬
tione foruerunt, denique capta admiratione
doctrinae huius, Italia certatim in eam incum¬
bere coepit, &amp; prodierunt ex illis scholis plu¬
rimi, qui docendo, scribendo, &amp; de iure re¬
spondendo, regedis imperiis, de vita hominum
optime meriti sunt. Horum nonnulli, vti Pla¬
centinus &amp; Axo, summam luris Ciuilis, id est
capita rerum in toto iureRomano traditarum,
ad locos quosdam communes in studiosorum
gratiam breuiter &amp; methodice reuocarunt.
Feruebat igitur recens excitatum studium
doctrinae legum Romanarum, certatim in id
incumbentibus ingeniis Italicis &amp; Oermanicis. 
quod quia lmperatores muniebat, atque arma¬
bat, videbatur minitari recenti necdum satis
confirmatae Pontificum Romanorum tyranni¬ 
di. Pericula ergo, quae inde emersura essent, si
inualuisset, vt iuature auerterentur, extolli coe¬
pta est Canonum authoritas, &amp; legibus Ro¬
manis anteponi. Itaque ferri coeptae sunt leges,
quibus de Romanis aliquid derogaretur, au¬
toritate Ecclesiae ceu correctum ac limitatum. 
Cumque nouo iuri isti &amp; legibus Pontificiis
nouis patronis &amp; defensoribus opus esset, cito
commouit sese duplex hominum genus Cano¬
nistae &amp; Scholastici: quorum illi Canonistae,
hierarchiam &amp; tprannidem Romani pontificis
propugnandam susceperunt ex Canonum de¬
cretis, non minore contentione quam caeteri</Unicode>
            </TextEquiv>
        </TextRegion>
    </Page>
</PcGts>
