1283 2035
152 72 1001 160 secundam: Vtrum ideae in Deo sint practica anspe¬
161 146 987 197 culatiuae: An in Deo sit intellectus agens & passibi¬
162 181 987 239 lis: An anima Christi potuerit mentiri: An sibi me¬
158 240 995 289 ritus sit Christus: Vtrum Pontifex Romanus habeat
152 277 987 339 maiorem potestatem quam Petrus, an parem : &
152 332 994 392 caetera huiusmodi vel blasphema ipsa per se,
156 385 993 442 vel quae ad manifestam impietatem fenestram
152 426 997 497 & viam aperiunt. Hinc quotlibetariae quoque
162 472 991 527 quaestiones ab istis propositae. Haec fuit igitur
160 526 997 574 illius aetatis Theologia, & ingeniorum studia
148 573 988 624 huiusmodi: scriptorum materia & occupatio
150 623 979 677 talis & tam a vera pietate aliena. Haec aetas ha¬
152 666 991 728 buit Albertum Magnum, Thomam Aquinatem,
153 716 986 786 Petrum de Tarentesia, Guilielmum episcopum
147 767 980 816 Parisiensem, Durandum, Egidium Romanum
153 811 980 872 Hugonium Constantinopolitanum, Richar¬
148 859 979 918 dum de Mediauilla, Ioan. Scotum nomine Duns
150 912 987 972 qui perpetuus Thomae Aquinatis impugnator
150 960 987 1019 fuit: adeo vt quod de Carneade & Chrysippo
156 1003 968 1070 scribit Cic, idem de isto & Thoma possit affr
149 1048 986 1122 mari, nihil vel dicturum vel scripturum fuisse
153 1101 987 1158 hunc Scotum, si nihil Thomas prius vel dixisset
151 1150 969 1209 vel scripsisset: tanta fuit istorum discordia fra¬
149 1199 972 1250 trum. Habuit quoque haec aetas Alanum de In¬
148 1245 970 1294 sulis, Alexandrum de Alexandria, Nicolaum de
141 1296 973 1344 Lyra, Augustinum de Ancona, Bonauenturam,
144 1341 972 1395 Quilielmum Occanum, Durandum de sancto
140 1388 973 1440 Porciano, cui postea Thomae doctrina & so¬
139 1429 981 1498 phistica displicuit, quasi omnis mali fons, &
144 1483 269 1539 caussa.
187 1520 980 1581 Sequitur Noua scholastica, id est, vltima &
132 1580 976 1647 pessima certe quidem istius Theologiae aetas,
136 1628 970 1697 quae post Durandum coepit ab Hereno de Boio
132 1681 977 1740 gritone & Carmelita, illius Cyrilli nebulonis
