1260 2027
305 52 1136 127 tent & sint ex illis quidam ineptissimi. Primus
311 119 1128 186 igitur omnium ausus est istos libros attinge¬
303 157 1134 226 re, id est, difficultates difficultatibus augere A¬
309 219 1134 277 lexander Alesius, dictus de Ales, deinde Ioan¬
306 263 1133 315 nes de Rupella, postea Eusthathis qui & Bona¬
311 315 1129 366 uentura de balneo dictus est, Albertus Magnus,
323 357 1130 410 Thomas Aquinas, Petrus de Tharantesia, V¬
309 408 1122 461 dalricus de Argentina: Haimo Anglus, Ioan¬
304 464 1133 520 nes valens, Qulielmus Lugdunensis. Quliel¬
306 504 1128 560 mus Lamarensis, Ioannes de Parma, Hanibal¬
301 549 1134 613 dus Romanus, Henricus de Gandauo, Hugoli¬
308 610 1131 658 nus Patriarcha Constantinopolitanus, Richar¬
311 638 1129 702 dus de media villa, Bonauentura, Gulielmus
302 693 1126 746 Parisiensis, Gulielmus varro praeceptor Scoti,
301 743 1123 799 Richardus de noua Villa, Ioannnes Scotus, Gre¬
298 798 1131 849 gorius Ariminensis, Franciscus Marronis, Gu¬
306 840 1131 896 lielmus Occan, Durandus a sancto Porciano,
306 892 1123 939 Matthaeus de Aqua sponta, Nicolaus Papa quar¬
294 932 1127 987 tus, Alanus de lnsulis, Alexander de Alexandria,
298 983 1126 1030 Petrus de Verberia, Michael de Cesena, Ge¬
296 1028 1126 1090 rardus de Bononia, Nicolaus de Lyra, & infi¬
298 1078 1127 1148 niti alij, quales Holcot, Tricot & Bricot. Po¬
294 1128 1116 1176 stremus omnino Thomas Caietanus: tot nimi¬
298 1171 1129 1241 rum calami & miserum Lombardum exagita¬
297 1228 1127 1279 runt, & se intricatissimis quaestionibus crucia¬
298 1268 1119 1331 runt. Si quis autem alios interpretes requirat,
302 1322 1123 1373 Legat Trittenhemium. Hi autem omnes exa¬
290 1362 1127 1430 men ipsius Lombardi doctrinae praetermitten¬
293 1418 1126 1467 tes, & locorum ab illis prolatorum collatione
283 1466 1131 1520 negligentes, tanquam caeci caecum sunt secuti,
291 1513 1123 1576 tanta fuit nimirum vel illorum scriptorum ne¬
295 1560 1122 1625 gligentia, & securitas vel istius inter suos
288 1606 1122 1666 authoritas, vt ex Lombardo, tanquam Pytha¬
278 1662 1121 1719 gorei a suo Pythagora ἀδακειτῶς dependerent,
