1279 2044
324 61 1170 126 illiusvsiue is Lombardus fuit, qui suo opere de¬
329 119 1171 189 lectatus ita sese extulerit: siue alius quispia) au¬
330 171 1171 229 dacia, ne dicam blasphemia, qui ad calcem lib.
334 220 1166 282 q. istus operis adiecit, quae in his libris conti¬
331 274 1167 332 nentur, ea ex pedibus sedentis super solium excel¬
327 317 1157 381 sum, quos seraphim duabus alis velabant. I. ex pedi¬
328 369 1164 422 bus ipsius Dei commemorata & dictata fuisse.
326 414 1159 477 Quae vero, obsecro, ista est impudentia¬ Nam
323 458 1169 518 quae sunt a Deo dictata, licet ex pedibus, tamen
324 505 1161 567 sunt ἐψευςα & omnino credenda & αυd ταἰῆς
321 562 1161 619 δακεινεως absque vlla haesitatione animi aut exa¬
318 605 1168 663 nimis credenda. Nec enim aliud ex capite, aliud
330 657 1162 723 ex pedibus Dei dictatur, nisi forte verum & ae¬
327 710 1154 769 ternum illum sehouam similem profano cui¬
329 760 1154 815 dam loui facimus, qui ex capite Mineruam edi¬
331 801 1158 859 dit: ex foemore aute & pedibus suis Herculem:
333 846 1159 906 Ergo nimirum arrogans & blasphema est laus
328 894 1157 954 ista, siue sibi ab hoc vsurpata: siue ab alio tribu¬
329 940 1159 1013 ta, nempe scriptum hoc a Deo dictatum esse,
334 992 1157 1065 cum etiam ipsi illi huius scriptionis summi pa¬
329 1050 1154 1106 troni Scholastici varios in singulis harum sen¬
326 1088 1165 1160 tentiarum libris errores agnouerint: & alijs, vt
324 1141 1157 1202 cauerentur, annotarint, qui tractatus etiam ad
327 1182 1148 1258 calcem horum librorum addi solet. Quare de¬
324 1249 1160 1300 trahatur isti fides illa vel authoritas, quae solis
331 1293 1153 1345 Canonicis libris debetur, de quorum albo & nu¬
322 1340 1160 1400 mero nequaquam, vel ipsis scholasticis testi¬
325 1383 1155 1455 bus, scriptor iste censendus est. Quaenam igi¬
322 1432 1153 1506 tur illi relinquenda est fides aut authoritas, di¬
325 1480 1153 1550 cet quispiam Respondeo, cum grauissimi erro¬
325 1529 1167 1594 res in hoc scriptore a discipulis etiam ipsis sint
320 1588 1157 1644 non tantum leuiter animaduersi, sed grauiter
321 1626 1166 1691 notati: & cum saepe istorum librorum margines
320 1671 1154 1744 habeant, Hic non tenetur Magister Sententiarum,
