1286 2054
121 86 949 139 nae sunt in falsos testes positae & scriptae, praeter
123 129 963 192 quam quod eorum testimonio quoque ex I. Scri¬
116 174 953 240 ptura. C. De side instrumentorum, minime cre¬
123 224 348 288 dendum est.
174 261 968 336 Quod si Lombardus ipse errans & impru¬
118 323 969 374 dens, eius, quem legit aut citat, mentem euertit,
123 384 971 434 vel immutat, saltem meretur hanc poenam eius
122 431 960 480 error & imprudentia, vt ipsi erranti nequaquam
116 472 960 521 credatur, quoniam errat, vt vel leuissime cum
119 530 957 579 eo agi possit. dd I. Scriptura C. De fide Instrumen¬
119 566 958 624 torum, & hoc ipsum ex Augustino quoque su¬
123 614 963 681 pra demonstrauimus. Imo vero in eo praeclara
119 659 966 714 est ista lex Platonis lib. 2. de legibus, Eαν τς, ait,
126 708 962 768 ἁλῶdiς ψευδωμάρτυρων, τοότον μλκότι νωμος αύανηαCετυ
131 752 956 812 μαδεiς μαρτυρόιν: μεανδε τζις, μνκότ ιξερῶ δετo μαρτυρενν,
131 801 964 869 Quae ita conuertit vir doctissimus Ioan. Serra¬
118 852 964 909 nus: Si quis falsi bis conuictus fuerit, ad dandum te¬
121 895 955 956 stimonium lex eum in posterum minime cogito: Si ter,
120 943 965 1006 ne ei quidem vllo modo fas esto testimonium perhi¬
121 996 969 1052 bere. Atqui non ter duntaxat, aut quater Lom¬
129 1041 956 1106 bardum falsi conuincemus, sed pene millies.
132 1095 964 1147 Ergo haec est vna falsi testis definitio, ex qua
131 1142 962 1200 Lombardum aequi iudices omnes damna¬
139 1197 230 1257 bunt.
170 1228 963 1295 Altera est, Dum, qui testimonium perhibet,
134 1288 968 1344 Verba ipsa primaria mutat, nimirum vel adden
132 1340 960 1399 do, vel detrahendo, vel etiam quaedam in iis con¬
123 1382 961 1440 mutando. Namque ea debet afferri in his prae¬
129 1435 966 1505 sertim rebus Theologicis svnceritas, vt ne tan¬
126 1492 963 1542 tillum quidem in S. scripturae, aut Patrum or¬
127 1533 965 1584 thodoxorum verbis & oratione mutetur: ne
127 1579 959 1640 alienus illis sensus affingatur, non autem suus, &
130 1633 967 1689 proprius retineatur. Irenaeus Pater, vt & ex eius
130 1673 959 1744 operibus, & ex Hieronymo apparet, ita scripsit,
