1270 2033
259 42 1102 128 Adiuro te, qui transcribis librum istum, per D.N.
262 116 1104 166 lesum Christum, &c. vt conferas posteaquam tran¬
260 164 1103 223 scripseris, & emendes illum ad exemplar vnde de¬
260 221 1102 273 scripsisti, diligentissime, tanti esse momenti iudi¬
272 273 1103 321 cauit ille, falsi quippiam etiam in hominum scri¬
270 312 1102 376 pta admittere. Si tanti est vitrum, quanti marga¬
269 368 1114 420 ritum. ei. Dei ipsius verbum:Hoc idem Ruffinus
272 404 1116 458 in Prologo suae transsationis libris Origenis
262 452 1118 509 De Principiis postulat. Nota est Spiridonis
271 507 1104 553 historia, quam refert Hermius Soxomen. lib. I.
272 551 1100 619 cap. II. qui cum Triphyllium Episcopum Le¬
267 598 1107 651 dranum concionantem audiret, & verba illa
279 648 1111 708 Christi ex Ioan. 8. Vers. 8. Tolle grabbatum tuum, &
267 697 1110 760 ambula, Thriphyllius vir eloquens comutasset,
269 756 1112 813 proque grabbato dixisset scimpoda, id est, pro
269 796 1113 863 grabbato lectum substituisset, exclamauit Spiri¬
278 841 1113 901 don, Tune eo meliores, qui grabbatum dixit, vt
280 900 1111 955 verbis eius vti dedigneriss Notum quoque est
275 943 1111 990 Augustini cum Hieronymo certamen de voce
276 986 1117 1044 Ficcaion vel Cucurbita apud lonam Propheta
272 1037 1106 1089 a Hieronymo mutata. Quanquam autem no¬
276 1088 1114 1140 lim veram Theologiam Aοκυιδαλῶν quandam
285 1137 1116 1191 & certis svllabis astrictam scientiam censeri
283 1184 1107 1239 (quod Magicarum duntaxat artium proprium
280 1231 1119 1284 est) tamen vbi quid ex Dei verbo aut Patribus
279 1282 1115 1337 recte ac ordine probandum est, verba ipsa pri¬
279 1331 1114 1397 maria neque detrahenda sunt, neque mutanda¬
271 1378 1116 1437 neque iis quicquam addendum, quo in tuam sen¬
281 1429 1113 1485 tentiam facilius ea contorqueas, aut inclines,
281 1474 1124 1522 Ne addite, inquit Dominus, ad verbum illud quod
280 1527 1117 1592 praecipio vobis, neque dotrabite de eo. Patrum au¬
283 1567 1123 1631 tem scripta quanquam non sunt eiusdem mo¬
277 1618 1124 1687 menti, aut tam sacrosancta: tamen quia non nisi
281 1681 1120 1741 ex verbis svncere recitatis potest mens autorum
