1278 2038
102 68 950 146 percipi, idem quoque a vero teste (qui sibi fide
107 137 956 183 adhiberi vult, quique probare recte & vere
100 178 955 232 quidpiam ex iis cupib)est obseruandum, vt nihil
112 220 947 274 Patrum scriptis & verbis, vel addat, vel detra¬
106 276 958 325 hat, aut in iis immutet. Nam, vt etiam preclare
110 316 946 370 Hilarius lib 8. Trinitat, scribit, ex verbis inordi¬
103 368 959 432 nate prolatis, addo ego & recitatis, haeresis oritur:
107 418 945 472 atque idem lib. I. eiusdem operis, Optimus est le¬
110 468 954 514 ctor, ait, qui dictorum intelligentiam exspectat ex
110 516 960 565 dictis potius, quam imponat, id est, vt ipsemet Lom
115 567 954 619 bardus lib. I. Sentent. Distinct. 22. cap. 9. inter¬
117 616 953 678 pretatur, qui ex dictis, & verbis eius autoris,
116 664 954 726 quem profert intelligentiam retulerit magis,
112 708 958 777 quam attulerit: neque cogat id videri dictis conti¬
110 756 955 825 neri, quod ante lectionem praesumpserit intelligen¬
114 806 957 870 dum. Ergo licet, ait idem Hilarius lib. S. Trinit.
113 855 959 915 ipsum intelligentiae suae sensum impietas demutet,
116 919 953 964 non tamen potest intelligentia non extare dictorum.
120 956 961 1006 Adeo vt prope furor sit, vt ad tuam sententiam
123 1003 959 1056 aliquem veterum inuitum pertrahas, mutare
126 1050 954 1107 illius verba, eanque corrumpere addendo quidpia,
134 1099 960 1152 vel detrahendo, quod certe quidem iste saepius
127 1150 962 1209 (quemadmodum tum ex Elencho nostro, tum
134 1205 955 1252 ex collatione apparebit) manifestissime facit.
129 1242 960 1293 Ex quo fit, vt etiam ex hac secunda falsi testis
130 1295 960 1350 definitione Reus falsi merito, & citra calumniam
134 1355 967 1404 peragatur a nobis Lombardus: ideoqe fide illi,
124 1388 963 1439 illiusque scriptis esse detrahendam contendimus.
176 1441 965 1501 Tertia denique falsi testis, falsique testimo¬
127 1493 965 1544 nij ratio & nota in eo posita est, si ratio dicto¬
123 1536 953 1602 rum scriptorumque alienorum, vel omnino prae¬
134 1586 971 1648 termittitur, vel mutatur. Fit enim hac ratione,
133 1638 967 1694 vt quod verum & solidum in ipsis autoribus
131 1687 970 1751 extat, euadat ieiunum, aut dubium, dum absque
