1263 2036
116 82 962 143 non modo Lombardum ipsum falsi teneri¬
116 133 961 200 sed eos quoque omnes, qui illis falsis scien¬
124 186 963 249 tes prudentesque iam vtuntur, aut in poste¬
121 241 965 293 rum vtentur, reos esse & ipsos falsi pronun¬
123 285 957 331 tio. I. Si vteris instrumento, C. De fide Instru¬
121 327 967 391 mentorum. Atque haec quidem de prima ho¬
117 385 956 440 rum Petri Lombardi scriptorum, abrogando¬
124 427 959 491 rum, & damnandorum caussa dicta sunto: quam
125 476 956 536 praetermitti a me debuisse, nec ipsa Dei glo¬
126 523 958 587 ria sinebat: nec Patrum orthodoxorum, qui ab
124 577 964 622 isto tam faaede mutilantur, reuerentia & auto¬
116 620 958 680 ritas patiebatur: nec ipsa denique conscientiae
118 666 961 730 meae quies concedebat. Praetermitto vero,
129 729 964 781 quod doctissimus ille Antonius Sadeel, ami¬
123 764 962 826 cus meus, in loco communi De Verbo Dei to¬
126 817 960 871 tam Scholasticorum istorum agendi rationem
115 871 959 931 dubiam, incertam, & Academicam, minimeque
118 923 957 976 Christianae fidei consentaneam esse luculenter
122 956 397 1021 demonstrauit.
184 997 963 1073 Venio igitur ad secundam istius scriptionis
125 1058 964 1107 exautorandae caussam, quae in eo est, quod sit
124 1101 961 1168 hic idem Lombardus, in hoc praesertim opere,
128 1152 959 1210 scriptor, vt ego quidem iudico, perniciosus.
135 1203 963 1255 Sputis fortasse me cooperient propterea Scho¬
129 1254 959 1305 lastici Philolombardi: sed (vt illi coelum terrae
128 1301 957 1355 misceant) Dei veritas, etiam ipsis rumpentibus,
128 1349 958 1400 est tuenda, quando ludaeorum & Pharisaeorum
135 1403 964 1464 primoribus corde frendentibus, & dentibus
122 1453 956 1513 etiam suis stridentibus, Stephanus tamen puram
133 1493 961 1556 Christi doctrinam confessus est. Scio quid
127 1543 963 1603 loanni Scoto Bedae discipulo acciderit, qui cum
124 1599 951 1655 Ludouici pij seculo libellum Dionysij de Hie¬
125 1639 954 1701 rarchia enarraret, & opinionem tunc receptam
119 1689 954 1773 in Ecclesia, de Oblatione Camis Dominicae
