1264 2034
289 88 1124 170 Distinct. 4g. cap. 8. ad prius Augustini dictum, so¬
326 152 1122 212 lum. ad posterius N.8. addit haec omnia, omni¬
332 212 1119 270 potens voluntas multa potest facere, quae non vult,
330 246 926 314 nec facit &c. vsque ad verba, item.
293 289 1129 375 Distinct. 4s. cap. 8. N.8. ad Augustin. Sanitatis &
337 353 545 417 aegritudinis.
292 381 1133 456 Distinct. ao. cap. 8 ad Ioannis cap. I. Versis. post
337 444 1128 518 vocabulum, Nibil, addit dispunctionem, quae
340 492 629 556 sensum euertit.
339 529 920 620 cap. II. ad Augusti. Aut in nibilo.
453 607 967 691 DETRACTA VEI
614 670 821 733 OMISSA¬
292 708 1133 778 Distinct. 4. cap. I. ex Augustino detracta vox,
340 768 488 831 omnino.
298 807 921 881 Distincto s. cap. y. ex Hilario Deus.
293 862 1131 927 Distinct. 8. cap. 8. ex August. qualitercunque, &,
343 912 643 980 pro ipso suo modo.
299 952 1144 1023 Distinct. Io. cap. 2. ex Augustino quomodo Deus
345 1010 484 1074 dilectio.
295 1059 1134 1122 Distinct. 2I. cap. vlt. ex August, vt per hanc vtrum.
346 1111 536 1169 que unum.
299 1151 1134 1209 Dist. 22. cap. vlt. ex Ambrosio plenitudo Deitatis
347 1202 601 1262 & alia multa.
307 1249 1143 1329 Distinct. I4 cap. 8. Augustini sententia & trun¬
350 1303 708 1366 cata & plane euersa.
361 1350 685 1421 cap. 8 generationis.
307 1382 1132 1467 Distinct. 2s. cap. 8. ex Augusti. Si tamen & caussa.
302 1448 1135 1519 Distinct. 2o. cap. I. ex Hieronym, aut tria enhypo¬
342 1506 1141 1565 stata, item & vna teneatur, item scrupuli ra¬
345 1546 880 1606 tio, quem habuit Hieronyem.
357 1596 1142 1651 ca. 2. ex Augustino detraxit rationem propter
348 1645 1136 1704 quam dixit Augustin, quia non est natus, i. lu¬
347 1688 907 1773 cem totius illius loci Augustini.
