1259 2030
297 64 1142 151 Distinct. as. cap. 4. ex priore Augustini dicto,
334 126 1145 186 sed omnis caussa efficiens estaitem ex posteriore
345 184 1134 252 contra Manich. vt prius discant vim voluntatis
338 222 506 290 humanae.
343 259 1137 337 Ca. 9. N. I. Corporalium, item, visibiliter, & sesibiter.
302 303 1144 394 Distinct. 4G. ca. 9. ex priore August. dicto, quod
344 370 762 438 etiam insideles fatentur.
303 393 1143 483 Distin. 48. cap. 8. ex Agust. id ipsum quidem, sed
345 468 563 541 ipse per eus.
481 520 966 607 COMMVTATA¬
297 592 1143 692 Distinct. 8. cap. 8. ex Hilario, in vno Hilarius, in
345 663 469 723 unum.
302 706 983 772 Distinct 8. cap. I. comparatione vere est.
342 756 830 829 Cap. 2. ex Hilar. Ecce in esse.
348 823 1140 881 cap. 2. ex August. quae Deus: item modo quodam.
343 864 838 926 cap. 8. ex August. Simpliciter.
343 907 799 975 cap. 7. ex eod. Intelligentia.
348 954 1140 1034 cap. 9. Locos Hilarij & Aug. omnino per¬
342 1004 472 1060 uertit.
300 1050 987 1119 Distinct. 9. cap. 9. ex Hierony saepissime.
341 1101 816 1167 cap. Io ex August. diuinitus.
293 1145 1028 1213 Distinct. I2. cap. 8. ex Aug. & postea, sicut.
293 1188 1128 1266 Distinct. I4. cap. 2. & 2. dicta August. praesertim
340 1250 1088 1320 in vocibus eundem spiritum misere detora.
295 1277 966 1361 Distinct. IG. cap. 2. ex August. fateamur.
295 1336 1128 1426 Distinct. IV. cap. 2. ex August, multa comutata.
336 1391 756 1454 cap. II. prima autoritas.
336 1445 1118 1511 Augustini commutata prorsus cap. I7. mu¬
339 1494 1066 1560 tat, genus ipsum dicendi Augustinianum.
337 1534 1074 1601 cap. I8. prima Augustini autoritas euersa.
288 1567 1051 1644 Distinct. I9. cap. 2. ex Aug. Deus est unus est.
295 1628 1127 1701 Distinct. 32. cap. I. Augustini dictum ex lib. S.
335 1673 886 1759 prorsus euersum & mutatum:
