1278 2031
309 72 686 152 Distinct. 28. cap. 6 vt.
310 113 1141 190 Distinct. 2o. cap. 4. Ambrosij locus totus &
351 171 1147 247 quoad verba, & quoad mentem immutatus,
349 230 595 296 aec corruptus.
310 246 1149 339 Distinct. Sy. cap. I. in priore August. dicto ple¬
357 337 620 394 raque mutata.
351 344 1147 440 Ex Ambrosij dicto, quia, & postea, quod vltra
363 424 628 486 totum orbem est.
363 448 1145 530 Cap. 2. posterius Augustini dictum penitus
365 525 533 581 euersum.
367 539 1146 628 Cap. I4. in posteriore Augustini dicto, vbi
367 612 1054 677 est, & postea negatio in affrmationem:
311 657 1147 740 Distinct. 28. cap. 4. Augustini locus prorsus
360 723 602 773 commutatus.
321 740 1144 829 Distinct. 29. cap. 4. potentia, Cimicum, detrabimus.
317 792 1144 876 Distinct. go. cap. 2. Augustini dictum prorsus a
368 857 830 922 germano sensu detortum:
372 882 1141 955 Vap. 4. dictum Augustini ex libr. De Bono
368 944 1145 1018 perseuerantiae immutatum. Item Fulgentij¬
312 983 1142 1061 Distinct. 42. cap. s. mutat rationem ab Augusti¬
371 1043 1031 1110 no allatam, quae tamen est certissima.
378 1084 1149 1153 Cap. 4. eodem modo & verba mentem &
374 1148 705 1218 Augustini euertit.
381 1175 1028 1249 Cap. 8. eodem modo Hilarij dictum.
324 1237 1140 1311 Distinct. 4s. cap. s. in priore dicto August. Ver¬
371 1296 634 1353 ba commutat.
315 1309 1152 1407 Distinct. 4s. cap. 4. in posteriore Augustini di¬
368 1379 1091 1454 cto caussas voluntatis: item, quod & voluit.
322 1429 1155 1516 Distin. 47. ca. I. in priore Augustini verbo: prae¬
374 1495 445 1545 ter.
324 1514 1147 1607 Distinctio 48. cap. 2. ex Augustino occidi ve¬
368 1589 487 1644 nerat.
