2563 3910
201 389 1879 492 guetter noch schaetz der gantzen welt dem wort Gottes moegend verglichen wer-
201 469 1877 542 den. Und soellichs gebend wir dem wort Gottes nit zu one grund und zeügnuß
197 525 1878 603 der heiligen geschrifft. Dann im Propheten Amos troeuwet Gott als die hoech-
204 580 1874 655 ste straff / den hunger und durst / nit deß brotts und wassers / sonder deß hoerens
204 639 1868 704 deß worts Gottes. Darumb stadt auch im gsatzt und im Evangelio / das der
200 693 1874 765 mensch nit allein im brot laebe / sonder in einem yeden wort das auß dem mund
198 753 1877 817 Gottes gadt. Und der Apostel Paulus spricht / daß alles das uns fürgeschri-
196 818 1883 882 ben / syge uns zur leer fürgeschriben / auff das wir durch gedullt unnd trost der
189 865 1870 931 geschrifft hoffnung habind. Item Petrus / Ir sind widergeborn / nit auß sterb-
204 920 1878 988 lichem / sonder auß unsterblichem saamen / namlichen durch das wort deß leben-
196 979 1874 1049 digen Gottes / und der do bleibt in ewigkeyt. Das ist aber das wort / das durch
195 1043 1875 1104 das Evangelium zu euch gebracht ist. Es zeüget auch der Herr im Evangelio
194 1099 1881 1160 und spricht / Ir sind yetz rein von deß worts wegen das ich mit euch geredt hab.
216 1148 1890 1225 Item er spricht auch / Welcher mich liebet / der wirt mein wort halten / und mein
194 1204 1890 1282 vatter wirt in lieben / und wir werdend zu im kommen / und wonung by im ma-
205 1259 1877 1326 chen. Also auch Ieremias / dein wort ist mir zur froeud worden. Und David / die
201 1325 1888 1386 satzungen deß Herren sind billich / und erfroeuwend daz hertz. Darzu dienet auch daz
203 1375 1890 1433 der Herr im Evangelio gesprochen / so ir inn mir bleibend / und meine wort inn
202 1438 1881 1497 euch bleibend / was ir woellend / das werdend ir begern / und es wirt euch wider-
201 1490 1888 1560 faren. An eim andern ort spricht der Prophet / wenn ir woellend und hoerend / so
201 1544 1886 1610 werdend ir das best im land niessen / so ir aber mein wort nit woellend hoeren / so
206 1602 1889 1665 werdend ir vom schwert gefressen werden. Es erzelt auch Moses nach der vile
203 1656 1892 1728 und lenge Levit. xxvi. und Deut. xxxiii. cap. waz guts darauß entstande / so man
205 1709 1890 1778 dem wort Gottes zuhoert und volget. Darumb haltet auch David daz wort Got-
199 1762 1892 1824 tes hoeher dann alle wollust unnd schaetz diser welt / da er spricht / Die forcht deß
201 1825 1889 1894 Herrn ist rein und steiff in ewigkeit / die urteil deß Herren sind warhafft unge-
203 1873 1888 1943 recht / lustbarlicher dann die menge deß feinesten golds / und suesser dann honig oder
199 1930 1888 1998 honigwaben. Die haltet dein diener / dann wer sie haltet / den wirt ein grosse wider-
207 1987 1873 2050 geltung. Und daz gsatzt deines munds ist mir besser dann unzalbar gold und silber
206 2042 1885 2111 Und so dein gsatz nit mein wollust were / so were ich verdorben in meinem ellend.
208 2099 1885 2164 Dahar gehoert auch die Evangelisch gleichnuß von dem der ein kostlichs paerle
204 2166 1887 2234 kaufft / Item von dem der da verkaufft alles das er hat / und ein acker darumm
210 2219 1886 2282 kaufft / in dem er wußt ein schatz verborgen sein. Dann disers paerle und diser
215 2273 1887 2344 schatz / ist daz Evangelium oder wort Gottes / woelches auch von seiner fürtraef-
206 2342 1889 2399 fenliche wegen in der H. gschrifft etwan genent wirt ein liecht / fewr / schwert ein
212 2383 1886 2452 hammer der die Felsen zerschlecht ein schilt / und waz dergleichen zunammen mer sind.
268 2442 1888 2512 Also hat nun euwer lieb auff diß mal gehoert / wie unser getreüwer Herr und
216 2495 1890 2553 Gott / der da wil das alle menschen saelig werdind und zu erkantnuß der waar-
211 2550 1897 2626 heyt koemmind / sein wort habe geoffnet allen menschen inn der gantzen welt /
218 2614 1896 2683 und aber darzu und von deß wegen geoffnet / das mengklicher dardurch / er sye
210 2670 1903 2740 was standts / alters oder waesens er woelle / die waarheit lerne erkennen / und be-
208 2732 1895 2795 richtet werde der waaren saeligkeyt / unnd ein volkomne anzeigung habe / wie
216 2779 1898 2853 man wol und saeligklich leben soelle / damit der mensch Gottes volkommen sye/
208 2835 1901 2904 zu allen gutten wercken bereittet. Dann es hatt der Herr im wort der waarheit
219 2902 1901 2971 seiner kirchen alles das angeben / darinn das heil und alle Gottsaeligkeit stadt.
222 2958 1911 3017 Ia alles das / das von noeten ist zewissen / von Gott / von seinen wercken / von
217 2990 1892 3072 seinen gerichten / von seim willen und seinen gebotten / Auch von Christo / von glau-
210 3057 1897 3117 ben in Christum / und von allem daz zu eim heiligen leben gehoert / daz ist alles voellig in
221 3118 1895 3190 dem wort Gottes begriffen. Unnd darff die kirch Gottes nit anderßwo har
222 3168 1894 3247 auß menschen satzungen zebaettlen / oder etwas zuhin zeflicken / als ob dem wort
222 3228 1904 3299 Gottes etwaz mangle / dann der Herr hat nit nur muntlich unsere vordern durch
