2563 3910
1306 913 1947 963 lle leeren und arti-
1309 987 1958 1032 ckel deß Christenlichen glau-
1311 1049 1963 1093 bens / auch alles / waz zu einem
1308 1105 1960 1149 Gottsaeligem Christlichen lae-
1312 1162 1956 1208 ben hat soellen und moegen die-
1311 1219 1953 1263 nen / deßgleich alle rechte und
1309 1275 1957 1319 ware weißheit / ist ye unnd ye
1305 1334 1959 1376 alles auß den zügtnussen deß
1309 1387 1953 1432 worts Gottes genommen. Es
1311 1443 1956 1490 mögend auch auff den hütti-
1313 1501 1961 1547 gen tag dise stuck / von allen
1316 1558 1958 1602 verstaendigen gloeubigen / und
1318 1613 1953 1660 von Gott beruefften dieneren
1308 1670 1952 1715 der kirchen / nieneruß anders
1310 1726 1950 1773 gruntlich geleert und bewaert
1310 1782 1957 1829 werden / dann auß dem wort
274 1837 1951 1891 Gottes. Darumb woelcher nicht weißt was das wort Gottes ist / und wie es
274 1893 1949 1947 ein gstalt darumb hat / der wirt in der gmeynd Gottes / und under den zuhoere-
267 1952 1960 2002 rern Chrsti / ja auch in allem laesen der heilgen gschrifft nicht anders sein / dann
267 2008 1955 2058 wie ein blinder und unsinniger mensch. Und das vil leüt so mit grosser hin-
270 2065 1953 2115 laeßigkeyt unnd verachtung die predgenen deß worts Gottes hoerend / wie man
269 2121 1953 2174 an vilen sieht / das kumpt anders nienenhar / dann daz sie die krafft und die waa-
274 2178 1949 2229 re rechnung unnd art deß worts Gottes nitt recht verstond noch erwaegend.
276 2234 1953 2284 Darumb damit alle die / so der waarheyt / und deß worts Gottes sonst begirig
272 2293 1951 2342 und geflissen sind / hieran nit gehindert werdind / sonder mengklicher in seinem
278 2351 1951 2398 herzen lerne / was und wie er von dem wort Gottes recht halten soelle / so wil ich
283 2407 1951 2454 mitt Gottes hilff E. L. soemlichs erklaeren / was namlich ein rechtgloeubiger
278 2462 1941 2510 mensch vom wort Gottes glauben und halten soelle. Ir woellind aber hiebey
289 2517 1951 2568 Gott ernstlich anrueffen und bitten / das er mir gnad und geist verleihe / mitt
279 2573 1951 2624 frucht und nachtruck hieron zu reden: und das er auch euch ewere ohren unnd
287 2630 1957 2681 gmuet auffschliessen woelle / damit sein Name in dem allem glopt und prisen wer-
274 2688 1692 2737 de / und unsere seelen vil frucht darauß empfahen moegind / Amen.
338 2743 1945 2794 Erstlich so ist zu erleütteren was das wort Gottes seye. Das woertli / Wort /
283 2800 1942 2851 streckt sich weit auß / und begreifft vil in der heilgen gschrifft / nach der art und
290 2856 1948 2908 eigenschafft der Hebraischen spraach. Dann es heißt etwann ein yetlich ding:
281 2913 1954 2964 gleich wie wir Teütschen das wörtli / Ding / brauchend / damit wir vil begreif-
279 2970 1972 3019 fend. Also spricht der Engel deß Herren im Evangelio Luce zu der heilgen
303 3028 1960 3076 Jungkfrauwen Maria / Es ist bey Gott kein wort unmüglich. Das ist so vil
279 3083 1951 3133 geredt / als hette er gesprochen / Gott sind alle ding müglich / oder / es ist Gott
281 3140 1959 3190 kein ding unmüglich / etc. Es heißt auch erwann das woertli / Wort ein wort
285 3197 1956 3247 das ein mensch mitt feinem mund redt. Etwann wirt es braucht für ein be-
281 3253 1961 3306 faelch. Etwan für ein gantzen spruch / sententz / red / oder für ein Prophecey. Als
