2563 3910
182 434 1909 481 und der waaren Theology in geschrifft verlassen habe. Und habend dise Prie-
225 493 1904 538 ster / weissaget und Propheten alle / in allen dingen ein fleißig auffsehen gehept
235 549 1896 595 auff die leer Mosis. Ia das gsatzt Mosis / das an im selb Gottes fsatzt ist / und
233 605 1904 650 recht Thora / das ist ein richtschnur und Regel deß glaubens und deßlebens ge-
225 661 1900 707 nennt wirt / habend sie fleißig allen menschen einpluwen / und dasselbig auch ye
227 718 1904 763 nach dem und die zeitten personen und ort warend / den leüten außgelegt: Dann
234 776 1899 820 alle Priester und Propheten vor der menschwerdung Christi / habend die recht
225 832 1898 877 Gottsaeligkeit und den waaren glauben den menschen so ye zu iren zeytten ge-
227 887 1896 934 laebt / mundtlich fürtragen. Habend inen aber auch nichts anders fürtragen /
225 943 1893 989 dann was die vaetter von Gott / und Moses von Got und von den vaettern em-
226 1002 1898 1046 pfangen hat. Und eben dasselbig habend sie auch gleich in gschrifft allen nach-
226 1057 1898 1102 kommenden biß ans end der welt zu gutem verfasset: daz wir yetz also in den Pro-
224 1113 1896 1159 pheten auch Mosis leer und der vaettern angebung habend / aber alles etwas
229 1169 1897 1215 heitterer und volkomner außgelegt und erklaert / nach den umbstaenden der or-
217 1227 1884 1271 ten / zeiten und personen. Die leer aber und die geschrifften der heiligen Pro-
225 1283 1883 1327 pheten sind allwegen in hoechsten ansehen gewesen by allen verstaendigen der gan-
219 1340 1881 1384 tzen welt. Dann durch vil anzeigungen offenbar war / daz die nit von iner erdacht /
225 1396 1889 1440 sonder iner oben herab vom heiligen geist Gottes eingeblasen. Dann Gott ist der /
229 1452 1893 1495 der durch seinen geist wonende in den hertzen der heilgen Propheten / durch iren
225 1508 1895 1553 mund mit uns redt. Derhalben habend sie auch so herzliche zeügnussen von Chri-
225 1566 1893 1609 sto dem sun Gottes / und seinen außerwoelten Apostlen. Darzu dienend auch die
225 1623 1897 1667 grossen wunderzeichen und thaten / die Gott offtermals durch ihren dienst ge-
221 1679 1890 1722 würckt hat / damit wir doch auß den selbigen grossen zeichen lernet ind erkennen /
222 1734 1893 1778 das sie alles das sie gethon und geleert / auch das sie geschrifftlich hinder ihnen
220 1790 1894 1835 gelassen / alles auß Gottes trib von eingaebung gethon. Es gebend auch den hei-
222 1847 1893 1892 ligen Propheten herzliche kundtschafft der Goettlichen waarheyt alle die für-
217 1903 1891 1946 treffenlichen gmeynden kirchen unnd Regiment / die durch sie nach dem wort
217 1959 1886 2002 Gottes gesamlet und regiert sind worden. Man preißt hefftig den Platonem /
220 2015 1892 2060 Zenonem / Aristotelem / und andre Heidnischen Philosophos und weisen / aber
215 2072 1890 2116 woelcher hat under denen allen ye gemoegen ein gantze gemeind besammlen unnd
216 2130 1890 2174 darzubringen / das sie nach irer fürgschrifft laebre: Die Propheten aber habend
224 2187 1892 2231 die aller fürnempsten und beruemptesten Regiment und gmeynden der gantzen
219 2244 1890 2289 welt / ja gantze herzliche Küngkreich under irer leer gehept. Den Künig und
227 2301 1893 2345 Propheten Salomonem habend alle weisen der gantzen welt / die zu seiner zeit
230 2357 1896 2402 gelebt / also zereden angebaettet / und sind von den enden der welt har im zugezo-
227 2413 1901 2459 gen. So ist Daniel der fürnempst gewesen under allen weisen in der gantzen und
225 2468 1898 2517 fürnempsten Monarchy der Babyloniern. Darzu ist er auch in hoechsten an-
217 2523 1891 2574 sehen gewesen bey Dario dem Meder Künig / der ein sun was Astyagis oder
222 2579 1896 2631 Assueri / deßgleichen bey dem fürtraeffenlichsten Künig Cyro. Ich kan auch
222 2636 1892 2687 nit underlassen zemelden / daz Goettlich und gwisse vorwissen derh. Propheten / daz sie
216 2694 1898 2743 gehept von denen dingen / die erst nach vil hundert jaren sind geschehen. Dann daz ich
221 2748 1896 2801 andrer geschweige / hat nit Esaias gantz eigentlich vor gsagt alles das / daz her-
219 2805 1889 2856 nach durch die Iuden an unserm Herzen Iesu Christo ist erfült worden: Darumm
230 2860 1891 2914 er nit vergaebenlich von den alten mee für ein Evangelischen / dann für ein Pro-
228 2919 1898 2969 pheten oder weissager ist ghalten worden. Er hat auch den namen deß Künigs
226 2975 1894 3026 Cyri genempt und vorgsagt zum wenigsten clx. jar eb unnd Cyrus yenen ge-
220 3032 1888 3082 boren wurde. So ist auch Daniel recht von den alten genennt worden Polyhistor /
218 3091 1890 3138 daz ist / der vilwissend. Dann alles daz von seiner zeit an biß auff Christum / ja biß uff
213 3146 1889 3195 denletsten tag deß grichts gschehen ist und noch gschehen wirt / gar nach in allen rei-
222 3203 1885 3252 chen der welt / fürnemlich in den volck Gotes / daz hat er alles so dütlich vorgsagt /
224 3260 1893 3313 daz einen beduncken moechte / er schribe nit von künfftign son & bschehnen dingen.
