2563 3910
229 420 1886 465 allgemeyn Concilium / unnd sind dreyhundert und achtzehen der aller fürtref-
233 478 1882 520 fenlichsten maennern unnd vaettern deß gantzen erdbodens zemmen kommen:
236 535 1894 576 Aber under allen verstaendigen ist nieman / der die selben nur als ein schatten
235 590 1893 632 achte unnd vergleich / gegen denen maennern / von denen wir das wort Gottes
227 646 1881 689 empfangen. Darumb so soellend wir in allem / dem wort Gottes glauben / das
234 703 1880 746 uns in der heiligen geschrifft angeben ist / unnd wissen / das der waar lebendig
229 758 1881 801 ewig Gott selbs durch die geschrifft mitt uns redt. Lassend uns deßhalb sein
229 814 1881 858 Nammen unnd gute zu allen zeitten loben / der sich also unser erbarmet / das er
229 870 1894 915 uns armen menschen so trülich / volkommenlich und eygenlich die gantze weiß
220 926 1890 970 wol unnd Gottsaeligklich zu leben angeben hatt. Im syge lob unnd ehr inn
231 981 665 1025 ewigkeyt. Amen.
