2563 3910
602 384 2320 468 wort Pauli allein von dem alten Testament verstande / so doch heytterer dann
602 450 2319 526 der tag / das Paulus soellichs zeücht auff seinen Timotheum / der ein Prediger
603 524 2327 584 unnd diener deß Neüwen Testaments was. So aber die leer deß alten Te-
609 568 2323 654 staments volkommen ist / wie vil volkomner wirt sie dann sein so auch die bue-
618 637 1675 722 cher deß Neüwen Testaments darzukoemmend:
691 685 2315 763 Ich weyß wol das unser Herr Iesus Christus vil thon und geredt hat / das
591 744 2311 823 svon den Apostlen nit ist geschriben worden / darauß volget aber nicht / das da-
610 797 2318 853 rumb die leer deß worts Gottes so durch die Apostel angeben nitt volkommen
615 848 2324 922 sye. Dann der heilig Apostel und Evangelist Iohannes bekennt offenlich / das
613 908 2318 984 der Herr noch vil gethon habe / das nicht in seinem buch geschriben sye. Dises
616 963 2323 1036 aber / spricht er / ist geschriben / das ihr glaubind das Iesus sye Christus der sun
615 1028 2322 1093 Gottes / und das so irs glaubend das laeben habind durch seinen nammen. Da
620 1079 2321 1144 zeigt er ye an / das in diser seiner leer / die er in geschrifft verfaßt / der glaub vol-
612 1137 2326 1214 kommenlich geleert werde / und das durch den glauben daz ewig leben von Gott
621 1194 2318 1261 werde geben / soellichs leben aber ist das end der volkomnen leer. Dieweyl nun
610 1252 2318 1334 dises den menschen begegnet durch die leer deß heiligen Evangelii / wie die inn
610 1326 2010 1386 geschrifft ist / so volget ye das sie on mangel und volkommen sye.
668 1363 2320 1449 Ich weyß auch wol / das der Herr im Evangelio gesprochen / Ich hab euch
625 1436 2324 1498 noch vil zu sagen / aber ir moegends yetz nit tragen. Ich weiß aber auch das / das
614 1478 2321 1569 er gleich darauff gesertzt / So aber der geist der waarheyt kommen wirt / so wirt
620 1534 2323 1611 er euch in alle waarheyt fueren. Ich weiß auch das diser geist der waarheit also
612 1593 2317 1658 kommen ist in die Apostel / und glaub deßhalb das sie nach der waarhafften ver-
618 1656 2327 1726 heissung Christi gefuert sygind worden in alle waarheyt / also das offenbar ist
627 1709 2321 1772 das inen nützit gemanglet. Dieweyl und aber soellichs nit mag verlaugnet
619 1763 2322 1836 werden / so woellend sich etlich mit dem behelffen / unnd werffend für / die Apostel
611 1821 2333 1883 heyginds wol alles gewißt / und alles mundtlich geleert und angeben / sie habinds
621 1892 2324 1940 aber nit alles in geschrifft verfasset / das zu waarer und volkomner Gottsaelig-
619 1929 2331 2004 keit diene. Gleich als obs der warheit gleich sehe / daz die trüwen Apostel Christi
618 1984 2334 2056 heigind woellen boßklich der nachkommenden welt etwaz verhalten / und als ob der
618 2044 2321 2119 gelogen hab / der da spricht / Dises aber ist gschriben / auff daz so ir glaubind / ha-
620 2100 2330 2182 bind daz ewig leben. Darumm so hat Ioannes nützit underlassen alles deß daz da hat
617 2168 2320 2244 moegen zu volkomnen glauben dienen. Also hat auch Lucas nützit underlassen /
624 2217 2325 2283 also auch die andern Apostel und iünger unsers Herren Iesu Christi. Paulus
628 2273 2323 2351 hat vierzehen Episteln geschriben / die der merteyl all eins inhalts / darauß man
618 2331 2321 2408 wol kan abnemen / daz die waar volkommen leer aller Gottsaeligkeit darinn begrif-
622 2389 2325 2462 fen sye / dann sonst wurde er nit ein ding immerdar mit so vilen worten einbleüwen /
630 2446 2318 2525 so neißwan andre stuck werind / die da noch nit gleert / und aber zum heyl von noeten
625 2513 2326 2575 werind / Die wurde er on zweifel auch gschriben / und nit ein ding so offt wideraefe-
619 2563 2326 2628 ret haben. Im dritten cap. der Epistel zun Ephesern zeüget er ye heiter / das er
618 2624 2327 2689 inn den zwey ersten Capitlen der selben Epistel außgelegt habe / all sein wissen
623 2669 2322 2744 das er habe vom Evangelio / dann er spricht / Mir ist kundt worden dise gheim-
614 2726 2332 2806 nuß durch offenbarung / wie ich daoben geschriben hab auff das kürtzest / daran
621 2792 2326 2859 ir / so ir es laesend mercken moegend meinen verstand in der geheymnuß Christi.
621 2842 2328 2906 Sihe / das schreibt er nur von einer einigen Epistel / ja nur von den zwey ersten
623 2898 2329 2954 Capitlen der selben Epistel. Unnd so erst zu deren koemmend so vil langer und
621 2952 2323 3020 schoener Epistlen die er auch gmachet / Item auch andrer Apostlen Epistel & send
628 3009 2331 3090 brieff / wer wil (er hab dann kein vernunfft) koennen sagen / daz die H. Apostel in iren
630 3077 2324 3139 gschrifften ein unvolkomne leer habind hinder inen verlassen. Aber die leüt die so
628 3125 2325 3196 hefftig darumm zanckend / die Apostel habind allein muntlich aber nit gschrifft-
620 3181 2323 3251 lich alles daz zur gotsaeligkeit dienet angeben / die gond darauff umb / daz sie ire / das
592 3242 2330 3327 ist menschliche satzungen anstat deß worts Gottes moegind vkauffen und uff bringen.
