2017 3329
412 262 1921 354 consequatur in pluribus. Et eadem ratione quod multiplicantur producta in eadem natura, non est nisi ex de
412 336 1929 400 fectu producti: in eo scilicet quod non plene continet in se quod pertinet ad naturam & rationem suam. propter
419 373 1931 450 hoc enim solum plurificantur indiuidua sub eadem specie secundum Commentatorem super pri-
421 417 1924 491 mum cae. & mundo. Vbi ergo potentia perfecte semel se diffundit in actum perfectum, aliquid per-
428 474 1922 547 fectum producens, non est actio nisi vnica secundum vnicam rationem, & productum nisi vnum. secundum
431 511 1920 596 quod expositum est in praesignata quaestione de Quolibet. ⁋ Ad quintum, quod iidem actus essentiales in
431 559 1910 630 telligendi & similiter volendi trium communes sunt: quare & actus notionales fundati super ip-
419 604 1917 675 sos communes sunt tribus &c. Dicendum quod huiusmodi actus essentiales dupliciter considerari pos
428 648 1913 727 sunt. vno modo secundum se & absolute: alio modo vt habent esse in persona hac vel illa. Primo modo non fundam
422 704 1921 768 tur in eis actus notionales, quia sic essent communes omnibus personis quibus illi actus conueniunt
426 749 1898 817 vt procedit obiectio. sed fundantur in eis secundo modo. Actus enim notionales dicendi non fundanti
429 790 1920 862 super actum essentialem intelligendi, nisi prout ipse habet esse in patre. In solo enim patre ratione suae
435 836 1920 911 innascibilitatis & primitatis qua non habet esse ab alio, sed omne aliud & omnis alius ab ipso, est sce
432 883 1938 956 cunditas ad primum actum primi producti: & est foecunditas sapientiae & intellectus patris exi-
427 930 1920 1011 stentis in actu intelligendi essentialiter ad dicendum siue producendum verbum, quo perfectus est
437 976 1926 1048 totus intellectus diuinus essentialis & in se & vt est in qualibet trium personarum: vt sic pater qua
427 1029 1935 1096 si vice omnium dicat vnicum verbum perfectum, vt non oporteat aliquam aliarum personarum ver
435 1070 1928 1141 bum dicere. & per hoc impossibile est in diuinis esse aliud verbum, vt supra expositum est. Consimi
440 1115 1941 1185 liter actus notionalis spirandi non fundatur super actum essentialem volendi, nisi prout ipse habet
437 1165 1939 1232 esse communiter in solo patre & filio. In solis enim ipsis ratione communis inspirabilitatis qua non ha
447 1207 1938 1286 pent esse ab alio per spirationem: licet illud non ponatur esse notio, vt infra videbitur: sed ab ipsis ha
431 1253 1929 1328 bet esse ipsum spiratum: est foecunditas ad secundum actum productiuum: & est foecunditas amoris & vo
438 1300 1940 1370 luntatis patris & filii existentis in actu volendi essentialiter ad spirandum amorem qui est spiritus
444 1343 1944 1417 sanctus: quo perfecta est tota voluntas essentialis diuina & in se & vt est in qualibet trium personarum
455 1391 1936 1464 vt sic pater & filius quasi vice totius trinitatis spirent vnicum amorem perfectum, vt non oporteat spiritum
450 1438 1938 1518 sanctum omnino spirare aliquem amorem. & propter hoc impossibile est in diuinis esse alium amo
445 1485 1930 1567 rem spiratum siue alium spiritum sanctum. ⁋ Ad sextum quod pater per efficaciam suam dat filio quem
456 1532 1939 1611 generat vt aliam personam producat: ergo ambo dant idem spiritui sancto: Dicendum ad hoc secun
460 1576 1930 1650 dum Ricar. iiii. de trinitate cap. xi. quod sicut necesse est aliquam esse personam quae non habet esse ab
455 1624 1928 1695 alia: sic necesse est ibi esse aliquam a qua non sit aliqua alia. vtrunque namque simili ratione conuincitur.
456 1671 1932 1746 Nam si in illa vera deitate non esset aliqua persona a qua non procederet aliqua alia: sed quaelibet ex alia proce
455 1713 1942 1797 dens de se procedentem haberet, huiusmodi deductio in infinitum procederet. Et vt dicit cap. xii. haec perso
457 1762 1935 1834 na a qua nulla procedit, hoc sibi proprium habet, vt sicut non possit esse in diuinis nisi vnica persona quae est
460 1810 1934 1880 a nulla & a qua alia aut aliae, & vnica quae ab alia & a quae alia: sic necesse est tantum vnicam esse illam quae est
453 1859 1938 1933 ab alia, & a qua nulla, quia (vt dicit) si tales essent duae, nulla immediata germanitate essent coniunctae.
455 1899 1925 1973 Sed huiusmodi cam essentialior, habetur ex praedeterminatis: ex quibus etiam patet quod non procedit ex aliqua
458 1947 1929 2025 impotentia aut imperfectione talis personae quod nulla procedit ab ea: sed ex conditionis suae proprietate: quia
455 1992 1935 2078 non oportuit: quia tota foecunditas diuinae naturae in duplici productione secundum praedetermi-
470 2038 1929 2111 nata exhausta est & completa. Nec etiam procedit ex aliqua inefficacia patris & filii in spirando spiritum
470 2086 1933 2160 sanctum, quod talem personam producunt quae non potest aliam vlterius producere: licet pater personam produ
470 2129 1931 2208 cat quae vlterius producit aliam: sed procedit ex producentium & productorum conditione, quia quod filius a pa
469 2181 1928 2257 tre recipit vim productiuam personae, est quia prima productione producitur: quae ordinem habet ad secundam
457 2222 1926 2306 propter quod vis productiua secundum illam productionem ei communicatur vt cum patre producat ter
469 2266 1936 2345 tiam personam, sicut patet ex supra determinatis: & illa producta non restat vlterior, propter quod ei nul
471 2314 1935 2400 la vis productiua communicatur, quia nulla est vlterius nec esse oportet nec potest, vt patet ex
470 2384 783 2456 supra determinatis.
743 2449 1942 2533 Irca nonum, quod actus emanationum notionales generandi & spirandi sunt qua-
746 2501 1933 2577 dam intelligere & velle, siue quidam actus intelligendi atque volendi, arguitur Prio
750 2543 1926 2622 sic. vnius potentiae non est nisi vna per se operatio: quia secundum Philosophum
743 2590 1938 2672 potentiae distinguuntur per actus. sed generare & spirare sunt operationes intel
743 2636 1923 2711 lectus & voluntatis: quae sunt potentiae quaedam dei secundum modum supra de
746 2682 1927 2767 terminatum: & sunt singulae & vnicae in deo: quia in vno non potest esse nisi vna po-
724 2739 1927 2814 tentia vnius rationis. & istarum potentiarum operationes proprie sunt intelligere
440 2775 1941 2886 x & velle. ergo &c. ⁋ Secundo sic. Augustinus dicit, xv. de triniitate. cap, xv. Si potest esse in animo aliqua scien
