2017 2412
844 180 1941 232 ⁋ Praeterea secundum philosophum, eadem sunt principia essendi & cognoscendi. sed communis spiratio acti-
843 225 1950 271 ua, nullius personae est principium essendi: quia non est personae constitutiua. ergo &c. ⁋ Tertio
847 262 1951 303 arguitur quod innascibilitas non est notio: quia nihil praeter alias proprietates personales importat
849 297 1945 335 nisi negationem. Negatio autem non est per se principium cognoscendi, quale debet esse notio in di-
850 334 1939 374 uinis. aliter enim plures aliae negationes, notiones in diuinis dici deberent, vt infra magis patebit.
845 364 1938 404 ergo &c. ⁋ Quarto arguitur, quod generatio passiua & spiratio passiua non possunt dici notiones
847 397 1945 438 quia notio debet esse principium declarandi aliquod dignitatis in eo cuius est notio: quod non faciunt
844 434 1942 476 passiua generatio & spiratio: quia dicunt personam esse, sed ab alio. vbi licet sit dignitatis ipsum esse.
852 465 1948 506 nullius tamen dignitatis est ipsum esse habere ab alio: immo magis videtur esse defectus: quia quod
838 500 1949 538 habet aliquis omnino non nisi ab alio, non habet illud ex se: quod est magnae indignitatis. ergo &c.
850 537 1945 594 ⁋ Dicendum ad hoc: quod notio multipliciter dicitur. Vno enim modo dicitur aliquid notio for-
845 583 1950 631 maliter: quia est ipsa cognitio de re omnino impressa menti, sic nihil aliud est quam simplex mentis con
841 621 1945 668 ceptus in quo res cognoscitur. Alio vero modo dicitur aliquid notio effectiue: quia facit & causat
844 655 1938 695 notitiam rei in mente. & hoc contingit dupliciter: quia tale aut est aliquid extra rem, ordinem tamen
845 688 1941 737 ad rem habens: sic omnis effectus notio potest dici respectu suae causae. Vel aliquid in re: & hoc
839 722 1948 766 dupliciter. Vel vt aliquid essentiae rei quo constituitur in esse: & hoc modo definitio, & vniuersali
847 757 1945 799 ter quod est forma essentialis inre: dicitur notio rei: & hoc modo solum tres proprietates personales personarum
845 795 1947 839 constitutiuae, dicendae sunt notiones personarum. Vel vt aliquid virtute existens in eo quo res constituitur
844 825 1947 873 in esse: quemadmodum vis motiua omnium vniuersaliter consistit in vi motiua primi mobilis: & est notio
850 862 1946 905 respectu motoris primi mobilis: & hoc modo innascibile siue ingenitum, est notio patris. secundum quod
835 896 1950 942 inferius declarabitur loquendo de innascibili. Vel vt aliquid concomitans rem essentialiter in esse
848 926 1939 969 constitutam: quemadmodum accidentia sequuntur substantiam: & sunt notiones. Et iuxta hunc modum re
844 965 1945 1005 moto tamen omni modo accidentalitatis, duplex notio est in diuinis personis: quia aut consequuntur
845 996 1938 1039 personam ratione personae: vel ratione diuinae essentiae in ipsa. Primo modo communis spiratio actiua ne
839 1035 1941 1072 tio est patris & filii: ordine enim quodam consequitur foecunditas spirationis generationem, vt habitum
850 1061 1945 1107 est supra. Secundo modo vniuersaliter omnes aliae proprietates quae sunt in personis secundum essentiam
847 1097 1949 1137 siue personarum comparatarum inter se: vt sunt aequalitas, similitudo, & huiusmodi: siue singu
848 1128 1951 1178 larum personarum secundum se, vt sunt attributa essentialia, notiones dicuntur. Vnde inspiciendo dicta
850 1165 1947 1213 patet quod in proposito solum dicuntur notiones proprietates illae quae sunt personarum constitutiuae, aut in
851 1194 1944 1243 unt personis ratione qua sunt personae, non ratione qua sunt essentiae. Et tales sunt solummodo
838 1234 1938 1279 quinque: quarum numerus accipitur sic. Cum enim (secundum supra determinata) persona in deo non est
843 1273 1942 1319 nisi relatiua: et hoc secundum rationem originis: relatio autem secundum rationem originis potest esse vel vnius
851 1299 1945 1351 d vnum: quorum vnus est a quo alius: & alius qui ab alio: & vnus ab vno: sic sunt duae notiones:
838 1336 1949 1376 vna patris, vt paternitas siue generatio actiua quae alius est ab eo: alia vero filii, vt filiatio siue na
850 1366 1938 1415 scibilitas qua ipse est ab alio: vel potest esse plurium ad vnum qui est ab illis pluribus: et sic est
849 1399 1941 1443 notio communis spirationis actiuae patris & filii: vel potest esse vnius ad plures: & hoc vel vnius
856 1433 1936 1494 quo sunt plures: & sic est notio patris innascibilitas, vt infra patebit: vel vnius qui est a pluri
851 1468 1398 1506 bus: sic spiratio passiua est notio spiritus sancti.
848 1494 1945 1560 ⁋ Ad dissolutionem quorundam argumentorum distinguendum est hic de notione
847 1547 1940 1592 sicut supra distinctum est de proprietate: quoniam aliquid potest dici notio largissime, large, stricte, &
845 1576 1949 1632 strictissime. Primo modo, omnis proprietas diuina largissime accepta proprietate potest dici notio. secundum
855 1612 1947 1656 pber procedunt duo prima obiecta. Large autem loquendo de notionibus personarum, non dicuntur nisi. v. proprie
854 1651 1944 1701 ates quae sunt in personis secundum ipsas personas: non secundum essentiam communem, vt dictum est. Stricte autem lo-
861 1681 1935 1727 uendo non sunt nisi quatuor ex illis. Communis enim spiratio actiua nullam notitiam personae propriam
840 1713 1936 1768 facit. Stricte autem loquendo non potest dici notio. secundum quod procedit quarta ratio: & similiter quinta.
854 1748 1939 1793 ptrictissime autem loquendo non sunt notiones nisi tres personales proprietates. Innascibilitas enim ratione
848 1787 1938 1835 negationis quam importat, notio esse non potest, vt procedit penultima ratio Ratio autem affirmationis intel-
853 1818 1933 1860 ectae quicquod dignitatis simpliciter importat, continetur in actiua generatione & spiratione: & quo ad hoc ac
854 1849 1946 1903 llas reducitur, vt inferius patebit loquendo de innascibilitate. ⁋ Ad illud quod assumitur in tertia ra
843 1886 1938 1939 tione: quod nulla proprietas est notio, quia non est principium essendi in personis: sed solum ipsa essentia: Di
845 1919 1937 1969 cendum quod in personis & est esse & est ad aliud esse. Primum est ab essentia, & est commune tribus.
845 1952 1945 1993 Secundum vero a proprietate, & distinguitur secundum distinctionem proprietatum. dicente Augustino. vii. de
845 1985 1935 2039 trinitate. Substantia patris ipse pater est: non quo pater est: sed quo est. Et sic vno modo princi-
839 2022 1933 2072 pium & ratio cognoscendi personas est essentia: & alio modo proprietas. Sed ista propria est
