2017 3221
131 262 1600 337 personis, secundum quod sunt personae: & ideo proprie dicuntur notiones personarum & non ipsa essentia.
141 327 1590 381 ⁋ Ad vltimum quod generatio & spiratio passiuae non possunt dici notiones: Dicendum quod in eo quod est
125 373 1601 424 ab alio habere esse per generationem aut spirationem, est tria considerare. scilicet ipsum habere es
131 418 1590 470 se, quod est dignitatis, & commune omnibus, & ideo non dat rationem notionis. Et ipsum simpliciter ab alio
119 464 1610 514 habere illud, quod non ponit rationem dignitatis, neque etiam indignitatis: & ideo etiam non dat ra-
131 515 1602 567 tionem notionis. Est etiam in illo tertium considerare, scilicet habere ab alio esse sic, scilicet per na-
135 556 1603 610 turalem generationem aut spirationem, quae quia sunt nobiles modi habendi, idcirco dant rationem
129 599 1596 649 notionis. Quomodo autem sunt nobiles modi habendi, satis declaratur primo sententiarum distin
128 649 1098 713 xxv. de filio, cap. Hic quaeritur. de spiritu sancto, cap. lta etiam.
414 715 1600 791 Irca quintum arguitur primo: quod nulla proprietas in deo sit relatio, sic, proprie-
418 770 1602 833 tas in diuinis est ipsa essentia siue substantia. Paternitas enim est deitas. sed quod
443 821 1600 871 diuinis est substantia non est relatio: quia ex opposito distiguuntur sicut duo
421 864 1596 916 praedicamenta in diuinis: vt patet ex supra determinatis. ergo &c. ⁋ Secundo sic. Ve
418 916 1599 962 rissimo enti non convenit debilissimus modus essendi: quia modus debet ramendere
416 954 1602 1001 reione, quicquid in deo est, est ens nobilissimum: & modus relationis est modus entis
121 1001 1603 1056 debilissimus. dicente Commentatore super. xi. metaph. Relatio debilioris esse est inter omnia praedi-
131 1044 1605 1099 camenta. ergo &c. ⁋ Tertio arguitur quod non omnis proprietas in deo est relatio, sic secundum Damasce-
126 1090 1596 1150 num lib. i. cap. xi. Secundum omnia sunt vnum pater & filius & spiritus sanctus, praeter generationem, ingene-
122 1137 1597 1184 rationem, & processionem. sed aliae sunt proprietates praeter istas: ergo vnum sunt in eis. sed in relationi
124 1181 1592 1231 bus non sunt vnum, immo in sola substantia. ergo omnes aliae proprietates in deo substantiae sunt & non re
130 1226 1604 1281 lationes. ⁋ Quarto ostenditur quod aliqua proprietas in deo vt saltem ingenitum, non sit relatio, sic.
125 1271 1593 1319 non est relatio nisi sint duo extrema, vnum de quo dicitur, & aliud ad quod respicit. sed ingenitum
134 1320 1604 1374 non habet nisi vnum extremum: scilicet de quo dicitur, & non habet aliud ad quod dicatur. ergo &c. ⁋ Si
127 1362 1599 1412 vero dicatur secundum Augustniunum. v. de triniitate. quod dicitur ad non genitorem: hoc non potest stare: quia
134 1411 1599 1465 ille non genitor non potest esse aliqua persona diuina: vt filius vel spiritus sanctus, quia ad ipsas pater
125 1453 1595 1506 refertur aliis relationibus. eadem autem persona ad eandem non refertur pluribus relationibus:
127 1500 1604 1552 vt infra declarabitur. Et praeterea tunc non genitor esset proprietas filii, aut spiritus sancti, si-
127 1553 1605 1600 cut ingenitum patris, quod non est verum: vt infra patebit. Nec potest esse creatura, quia ad illam non
124 1589 1604 1638 habet deus aliquem essentialem respectum, nec respectu illius accipitur in deo aliqua notio: quia ni
128 1634 1593 1682 hil ponit nobilitatis in deo: & notioidebet esse proprietas ad dignitatem pertinens: nec potest sine respe
121 1680 1604 1738 ctu alicuius alterius, quia nullum est aliud: & respectu eius quod omnino nihil est, nihil magis acci
130 1720 1604 1781 pienda est aliqua notio in deo quam respectu creaturae, quare &c. ⁋ In contrarium est, quoniam quicquid
128 1772 1604 1822 est in deo praeter substantiam relatio est. Plura enim praedicamenta secundum superius habita in deo non
121 1817 1603 1865 sunt. omnes proprietates in deo sunt aliquid praeter substantiam. dicente Augustino libro nono de
125 1865 1605 1919 ciui. dei. ldeo simplex persona dicitur: quia est hoc quod habet, excepto quod relatiue quaeque perso-
124 1905 613 1965 na ad alteram dicitur. ergo &c.
134 1945 1599 2013 ⁋ Dicendum ad hoc secundum iam determinata, quod proprietates in diuinis nihil aliud
112 2003 1613 2064 sunt quam quaedam qualitates substantiae, & sic quamquam re sunt ipsa substantia siue essentia (paternitas enim
108 2054 1614 2106 est deitas, & similiter caetera huiusmodi) tamen inquantum proprietates sunt, alia est ratio ipsarum, alia
131 2098 1596 2146 substantiae: quae non potest esse ratio aliqua absoluta, quia necessario poneret praeter substantiam ali
122 2140 1590 2199 quam rem absolutam in qua fundaretur & esset in deo compositio. Oportet ergo quod sit ratio relati
121 2194 1603 2248 ua: quae non requirit nisi rem absolutam vt eius fundamentum. sed aliter importatur respectus si
116 2240 1600 2291 ue relatio per proprietates substantiae quae sunt attributa, & per proprietates personarum, quae verius
122 2276 1600 2337 proprietates dicuntur: quia illae, vt bonitas, veritas, & huiusmodi, significant ipsam essentiam sub ra
125 2328 1590 2387 tione respectus: vt supra determinatum est: non sic autem proprietates personarum: sed significant suo
122 2372 1594 2425 nomine solum respectus: vt paternitas non essentiam significat cum respectu ad alium: hoc enim significat
128 2413 1602 2470 persona quae est pater: vt infra dicetur: sed significat purum respectum quo pater est pater, & sic de cae
123 2464 1599 2512 teris. Vnde dicit Magister id est sentem. distin. xxvii. cap. Nec tamen. Patris nomen non tantum relationem
127 2506 1593 2557 notat: sed etiam hypostasim. i. substantiam significat. ita & filius & spiritus sanctus. Relationum vero
128 2551 1583 2621 vocabula: scilicet paternitas, filiatio, processio, gignere, vel gigni, procedere:, ipsas tantum relationes.
132 2621 1584 2692 ⁋ Ad primum in oppositum, quod proprietas est ipsa essentia: vt paternitas est deitas &c.
131 2685 1596 2741 Dicendum quod circa significatum dictionis licet realitas sit eadem proprietatis siue respectus & sui fun
128 2733 1591 2791 damenti in quo fundatur, quae significatur & nomine fundamenti, & nomine proprietatis tam in
