2017 2423
841 175 1937 241 deo quam in creaturis: vt in sequente quaestione declarabitur: vt propterea in diuinis proprietas prae-
832 224 1928 270 dicetur de essentia, & econuerso: vt infra declarabitur exponendo modos loquendi & praedicandi
829 263 1938 303 in diuinis: semper tamen modus alius est huius & illius: qui licet ex opposito distinguuntur inter se, non
830 301 1936 345 tamen respectu sui fundamenti. immo in ipso conveniunt. Praedicamentum enim relationis in realitate a rea-
829 327 1941 371 li tatibus praedicamentorum super quas fundatur non distinguitur: sed solum in modo & ratione
829 363 1936 417 praedicamenti: vt superius expositum est. Et sic ratione rei in diuinis substantia est relatio: licet non
833 401 1938 437 ratione modi: & ex hoc contingit, quod licet proprietates sint ipsa diuina essentia, tamen proprieta-
835 434 1944 475 tibus distinguuntur diuinae personae & non essentia, secundum quod determinat Magister senten. i. di-
838 464 1939 515 stin. xxxiii. per totam. Et sic vere contingit proprietates poni in deo esse relationes, non obstante quod
835 495 1939 546 sunt ipsa diuina essentia. ⁋ Ad secundum quod modus debilissimus essendi est relationis: qui non de
831 530 1935 577 bet conuenire enti nobilissimo: Dicendum quod in creaturis modus essendi relationis etiam quae est re
832 564 1933 615 latio secundum esse, debilissimus est: quia est in eis per dependentiam quandam non solum ad realitatem
832 597 1939 652 sui fundamenti siue subiecti: sed etiam sui obiecti, quia in diuersis subiectis fundantur semper
840 633 1941 679 in creaturis relatiua secundum esse: vt paternitas in substantia patris, & filiatio in substantia filii, & si
833 673 1928 716 militudo in duabus albedinibus, ita quod si realitas destruatur in obiecto, etiam deficit relatio in vtroque
838 708 1939 751 extremo. Vnde quidam putabant relationem esse de secundis intentionibus, & rem rationis in animo so
829 734 1938 785 lum existentem. Non sic autem est circa relationes reales in diuinis: quia in diuinis non est relatio
838 768 1936 817 in vno extremo per aliquam dependentiam: sed solum per ordinem quendam ad aliud extremum
826 806 1935 854 eo quod relatio in vtroque extremo fundatur super eandem essentiam. Hoc modo quod naturaliter est sub
836 835 1933 889 huiusmodi respectibus, sine illis esse non potest, plusquam sine suo modo essendi qui proprius est
839 874 1932 915 ei secundum quod est substantia siue essentia. Propter quod in diuinis non magis debilis est modus relatio
840 904 1935 952 nis quam substantiae: nec res relationis quam substantiae: quia est vna & eadem. ⁋ Ad tertium dicendum quod Damascenus
841 944 1935 992 oquitur de proprietatibus strictissime: & sub vna illraum conprehendit processionem actiuam & passi-
841 973 1942 1025 uam, & sub ingeneratione comprehendit generationem actiuam: vt infra videbitur. In caeteris
841 1010 1932 1059 autem proprietatibus conueniunt: quia substantiales sunt: vt similitudo, aequalitas, & huiusmo
836 1040 1938 1085 di. & ideo per hoc quod sunt vnum in istis, non excluditur quin sunt vnum in sola substantia:
851 1076 1939 1128 uia illarum vnitas in personis est per vnitatem substantiae: vt infra declarabitur. ⁋ Ad quartum
844 1109 1942 1161 le ingenito, quod non est relatio, dicendum est quod hoc non est verum. Ad cuius intellectum sciendum
844 1144 1944 1187 st quod ingenitum ad aliud dicitur non ad se. quod ostendit Augustinus. v. de triniitate. cap. vii. sic in-
831 1180 1941 1229 quiens. Negatiua porro ista particula non, id efficit: vt quod sine illa relatiue dicitur, eadem praepo-
839 1214 1936 1263 sita substantialiter dicatur: sed id tantum negatur, quod sine illa agebatur, sicut in caeteris praedicamentis:
825 1248 1935 1300 velut cum dicimus homo est, substantiam designamus: qui ergo dicit non homo, non aliud genus prae-
838 1279 1939 1326 dicamenti nunciat: sed tantum illud negat &c. Non ergo receditur a praedicamento relationis cum
826 1316 1933 1358 dicitur ingenitus. Sicut enim genitum non ad seipsum dicitur, sed quod ex genitore sit: ita cum dicitur ingenitus
831 1349 1947 1391 non ad seipsum dicitur, sed quod ex genitore non sit, ostenditur, quia sicut filius ad patrem, & non filius ad non patrem
831 1386 1933 1430 refertur, ita genitus ad genitorem, & non genitus ad non genitorem referatur necesse est. Sed quia ista re
826 1412 1939 1457 latio negatiua est, ideo aliqui negabant ingenitum esse relationem: & de numero. v. notionum pone-
826 1449 1939 1501 bant tantum quatuor illarum esse relationes. Et verum est quod non sint nisi quatuor positiuae, negatiua tamen
839 1490 1939 1532 non minus est relatio secundum dicta Augustini quam aliae, & hoc realis: quia sicut ex natura rei absque in
829 1522 1934 1569 tellectus consideratione habent fundari illae affirmatiuae, similiter & ista negatiua, quae facit relatio-
835 1551 1941 1600 nem realem: vt infra declarabitur. ⁋ Quia ergo arguitur quod non genitus non dicitur ad non genitorem
835 1593 1944 1637 vt ad aliquam personam diuinam, aut ad creaturam: Dicendum quod bene verum est, immo refertur ad aliud
834 1616 1932 1675 quod nec est, nec esse potest in rerum natura: vt ad non genitorem. Et quod arguitur quod respectu talis non
843 1651 1941 1707 otest haberi notio: Dicendum quod verum est ratione negationis purae, aut relationis negatiuae. est
829 1694 1942 1744 tamen notio ratione affirmationis cointellectae: vt infra patebit. ⁋ Aliter autem respondet Prae-
837 1729 1939 1775 positinus sic dicens. Ad hoc quod obiicitur: quod si innascibilitas sit relatio, oportet quod alia sit correla
821 1763 1939 1809 tio, sic respondemus: quod non omnis relatio habet correlationem. Nam quaedam relatio inest vel adest
830 1785 1936 1840 creaturae respectu creatoris: nulla tamen inest vel adest respectu creaturae. Quod verum est secun
830 1822 1936 1873 dum rem. inest tamen ei siue adest secundum rationem & considerationem intellectus. Et sic in
826 1858 1942 1909 proposito adest relatio alteri extremo secundum considerationem intellectus negatiue, & sic
832 1891 1936 1943 nec est, nec potest esse aliquid in re. Praepositinus autem dicit quod ingenitum dicitur relatiue ad
820 1924 1939 1971 filium & spiritum sanctum, sic inquiens. Praeterea proprietate illa dicitur referri ad filium & ad
820 1960 1936 2010 spiritum sanctum, quia per eam ostenditur remoueri a patre proprietas filii, & proprietas spiri
820 1997 1567 2043 tus sancti, quod non vsquequaque absurdum est: vt infra videbitur.
