2017 3155
159 256 1593 330 deo in deo nullo modo ponitur nunerus simpliciter & absolute, sed sub determinatione: dicendo quod in deo est
159 315 1600 370 numetrus attributorum & personarum, Et est iste alius a nunero formali, & numero accidentali mathematico, conve
159 361 1593 416 niens tamen cum vtroque: sed plus cum nunero formali, & maxime plurium differentium specie aut etiam genere. Conue
170 404 1589 460 it enim cum numero mathematico, quia ille a radice formae vnitatis oritur: & numerus personarum & diuinorum
170 447 1595 505 attributorum ortum hi a radice formae deitatis, quae singularitas & vnitas quaedam est. Sed differt in hoc, quod in
167 494 1597 553 nuero mathematico vnitas diuiditur vt fiat nunerus, in nunero autem personarum & attributorum vna & ea-
170 539 1588 598 dem in singulis coniter habetur. & ita per ipsam non numeratur, sed per respectus formales in ipsa, vt supra ha-
166 583 1599 640 bitum est de attributis, & infra dicetur de personis. Illi autem respectus formales quasi specie differunt, vt dictum
157 626 1603 679 est. Et in hoc differt nunerus iste a nunero formali: quod in illo numerata nunquam radicantur in vna forma
152 673 1600 731 singulari sicut in isto: & in illo numerantur per formas absolutas: in isto vero solum per fomales respectus. Et
158 721 1589 775 sicut in praecedente quaestione vnitas singularis diuinae substantiae in tribus personis est ratio quare in deo non
161 770 1605 820 potest esse vniuersale, sic est ratio quare in eo non potest esse nunerus simpliciter. Vnde Aug. lib. i. contra Ma-
165 813 1607 865 ximinum Arrianum qui personas separauit, dicit. c. viii. sine causa putas nos nunero coartari cum deitatis po-
159 851 1596 910 tentia etiam rationem numeri excedit. Et quod istam potentiam appellat qua singularis essentia potest simul
161 895 1595 954 esse in tribus, manifestat per illud quod continue subdit dicens. Si enim animae multae hominium accepto spiritu scton,
163 941 1611 1005 quodammodo conflatae igne charitatis vnam animam fecerunt: quanto magis nos vnum dicimus semper sibi inuicem
162 996 1431 1047 & inseparabiliter & ineffabili charitate cohaerentes patrem & filium & spantum sanctum:
158 1016 1599 1094 ⁋ Ad primum quod pater & filius & spiritus sanctus, quia sunt tres ad minus differunt
165 1082 1600 1147 numero: Dicendum reuera quod vnum nunero est hoc vnum quod cum alio vno est constituens nunerum. Quare cum
171 1129 1597 1191 vnitas personae cum persona non constituit numerum, vt dictum est, non potest dici vnum nunero. Sed est aliud ge-
178 1184 1606 1229 nus vnitatis quam sit in creaturis, sicut & in deo est alia ratio definitionis suppositi quam sit indiuiduatio-
169 1216 1606 1272 nis in creaturis, vt dictum est supra. vt secundum hoc in trinitate sit ponere vnum & vnum & vnum: sed non numerum
164 1264 1607 1324 secundum quod dicitur in li. de fide c, xv. Cum tertio repetitur vnum, non nunerus coaceruatur sed vnum esse aliud asseritur
171 1309 1608 1369 gignens, genitus, & procedens, tres quidem personae: sed substantia vna. ⁋ Ad secundum de Damascenus dicendum quod non lo-
164 1356 1610 1414 quitur ibi de nunero simpliciter & absolute, sed cum determinatioe scilicet personarum, vt patet inspicienti. ⁋ Ad ter-
174 1395 1618 1457 tium quod multitudo est numerus: Dicendum quod cum nomen non imponit nisi qui nouit rem. secundum Commen. ix. Meta.
170 1443 1620 1498 secundum quod res nobis sunt magis notae & prius. secundum hoc a nobis prius sunt rebus nomia imposita. Nunc
170 1492 1609 1543 autem ita est secundum philosophum. x. Meta. quod multitudo est nobis notior quam vnitas, sicut compositum quam simplex,
173 1533 1617 1592 vt habetur in principio Phyce. Et ideo multo siue multitudini nomen prius est impositum, & deinde vnita
171 1582 1616 1637 ti. Propter quod multum imponitur a modo affirmationis. Multum enim secundum philosophum est vna plura, id est ens diuisum per
169 1630 1619 1686 vnitates plures. Vnum vero significat modo negationis & priuationis illius diuisionis quae significatur nomine
173 1670 1619 1726 multi. Vnum enim est ens indiuisum secundum quod haec manifesta sunt ex supra determinatis. Est tamen aduer
177 1713 1621 1773 tendum quod licet diuisio secundum modum nominis positiue significat. secundum rem tamen non nisi priuationem dicit. Di-
180 1755 1621 1816 uisio enim non est nisi aliquorum abinuicem amotio. Econtrario autem indiuisio licet secundum modum nomins signi
174 1801 1620 1863 ficet negationem siue negatiue: illa tamen negatio non est nisi negationis, & ita secundum rem vera positio. quae
173 1858 1624 1903 tanto maior est quanto res simplicior & maioris vnitatis. Multitudo ergo & multum & generaliter omnes
176 1893 1616 1956 termini nuerales suo nomine semper important vnitatum abinuicem separationem & diuisionem, quae secundum rem est
173 1934 1623 2001 negatio vnionis. Quia igitur in deo nulla est vnitatum abinuicem separatio aut diuisio, neque locum habet
175 1976 1630 2032 aliqua illius vnionis negatio quae est in verissima vnitate essentiae deitatis, in qua tres personae vere
179 2028 1628 2086 sunt vnum: ideo in deo non cadit nomen multitudinis aut multi simpliciter & absolute: sicut neque nomen
178 2070 1618 2123 nueri. Et trinitas personarum non est simpliciter multitudo: quia licet sit trium, non tamen est earum diuisio: sed indi
176 2111 1627 2170 uisa vnitas. Neque tres personae sunt multae similiter eadem ratione: sed sunt multae personae: siue in personali
175 2158 1619 2221 tate: sicut multitudo & nunerus earum non simpliciter est nunerus, sed personarum tantum, vt dictum est. Quia si di
180 2199 1626 2266 catur quod in personis est distinctio licet non diuisio, & secundum hoc sunt ibi vere & simpliciter tres vnitates.
176 2253 1623 2311 ergo & vera multitudo siue nunerus: Dicendum secundum praedicta quod non sequitur, quoniam non sunt huiusmodi vni-
172 2291 1622 2349 tates quasi spcriesu eiusdem, quales debent esse vnitates quae constituunt nunerum simpliciter:r sed sunt ad modum quo in
175 2337 1619 2400 creaturis sunt diuersae vnitates suppositoram secundum speciesum diuersorum, in quibus non est nunerus simpliciter, sed
180 2381 1616 2445 cum determinatone nunerus formarum, vt patet ex supra determinatis. Et iuxta hunc modum in deo trium
182 2425 1479 2490 personarum non est aliquis nunerus simpliciter, sed cum determinatione tantu scilicet suppositorum relatiuorum.
477 2470 1616 2525 remca. 4 arguitur quod in deo sit ponendum totum virtuale siue potestestatiuum. Primo sic. totum il
476 2521 1619 2570 lud quod intrat secundum totam naturam suam quidlibet illorum respectu quorum dicitur totum, est to
469 2561 1622 2621 tum potentiale. Haec enim est natura totius virtualis. Quod pta per Boe. li. diuisionum, assignam
473 2610 1622 2664 tem differentiam inter totum virtuale & totum in quantitate: in hoc scilicet quod totum virtuale vt
470 2655 1617 2708 substantia animae iungitur potentiis, quod non sit in toto secundum quantitatem: & similiter praedica
450 2686 1623 2749 tur de qualibet parte: quod non contingit in toto secundum quantitatem, Deus secundum totam suam
171 2743 1633 2801 naturam intrat quodlibet attributurum eius, & quaecunque considerantur in eo ad quae dicitur totum: vt habitum est, &
