2017 3222
437 259 1908 336 absoluti super quem fundatur, sicut & significant omnia nomina specierum relationis: vt paternitas, fi-
441 326 1900 381 liatio, & huiusmodi. & sic in diuinis significat rem quae est substantia, & est substantia, sed sub ratione respe
437 371 1904 426 ctus significata. Est enim quo ad hoc differentia inter significationem respectus in nominibus attri-
441 421 1904 471 butoru quae sunt sapientia, bonitas, & in nominibus proprietatum quae sunt paternitas, filiatio.
428 462 1919 518 & in nominibus personarum quae sunt pater, filius. Quoniam attributorum nomina significant substam
440 505 1905 565 tiam sub ratione respectus rationalis, & non imponuntur ad significandum respectum: sed ipsam suba
428 559 1912 608 stantiam sub ratione respectus. Nomina vero proprietatum imponuntur ad significandum respectum
428 604 1910 652 fundatum in substantia, & non substantiam sub ratione substantiae: sed solummodo includunt eam in sua
431 640 1911 698 significatione. Nomina vero personarum imponuntur ad significandum substantiam sub ratione respe
440 684 1926 742 ctus: ita quod etiam significat ipsum realem respectum, & ab illo imponuntur principaliter. ⁋ Ad aliud,
441 730 1905 793 diuisum in diuinis consideratur ratione & cognitione: Dicendum quod in diuinis diuisum dupli-
432 776 1920 832 cem habet comparationem: vnam ad id quod cone est: aliam ad suum condiuisum. Primo quidem modo consideratur
435 824 1921 885 ratione & cognitione: quia differunt sola ratione substantia & proprietas: non autem secundo modo. Sed ista ramemn
440 869 1920 928 sio est contraria dicto Damascenus quia comparat contrario modo cone & diuisum in creaturis. Dicit enim
444 916 1926 976 expresse quod diuisum consideratur re: ita quod diuisa sub communi inter se differunt re. Ergo secundum men-
437 963 1923 1024 tem eius, in diuinis diuisum consideratur ratione. id est quod distincta sub communi inter se sola ratio-
437 1021 1926 1069 ne differunt. ⁋ ldeo aliter dicendum: quod licet in deo (vt dictum est) proprietas significat substan-
437 1053 1921 1106 tiam: non tamen est distinctiua personae vt est substantia: sed solum vt est respectus: vt sic sit alius
437 1095 1919 1159 modus substantiae vt est substantia, & alius vt est sub ratione respectus. lta quod diuinarum personarum
440 1143 1918 1202 differentia penes huiusmodi modos rationis est respectu differentiae duarum personarum in diui-
438 1188 1922 1245 nis secundum substantias absolutas. & ita quo ad hoc secundum intentionem Damasceni diuisum considera
434 1234 1929 1291 tione siue ratione est. Et hoc modo ad modum respectus aspiciendo dicit Boethius, secundum quod iam ha
434 1279 1925 1336 bitum est, quod relatio non dicit rem sed modum solummodo. ⁋ Ad vltimum quod relatio personarum inter
434 1335 1927 1385 se similis est relationi eiusdem ad se, quae non est nisi secundum rationem: Dicendum quod verum est quo ad hoc
443 1372 1916 1436 quod relatio ex vtraque parte fundatur super idipsum re. Differt tamen quo ad hoc quod ibi duplicatio
441 1428 1917 1477 relationis super idem & extremorum relatorum distinctio est ex sola ratione & consideratione
436 1465 1245 1525 intellectus: non sic in proposito: vt visum est supra.
1130 1511 1400 1605 Articu. LVi.
872 1572 1923 1659 :quitur Artic. LVl. de proprietatibus sed specialiter per-
857 1646 1923 1701 sonarum realibus, in comparatione ad ipsas personas. vbi quaerun-
852 1694 1062 1753 tur quatuor.
854 1706 1617 1788 Primum est: vtrum proprietates sint in personis.
860 1786 1843 1841 Secundum: vtrum in eadem persona sint plures proprietates.
859 1832 1593 1879 Tertium: vtrum sint constitutiuae personarum.
873 1875 1918 1943 uartum: vtrum ambo simul constituant personam, scilicet proprie-
848 1921 1162 1984 tates cum essentia.
710 2012 1920 2071 Irca primum arguitur quod proprietates non sunt in personis: Primo sic. Quid solum
716 2064 1923 2120 convenit alicui ex habitudine eius ad alterum, nihil est in illo, siue eorum quae sunt
715 2106 1916 2154 illius: quia habitudo talis ad ipsum nihil dat ei cum adest, & nihil aufert cum
710 2149 1926 2204 abest, proprietas relatiua conuenit personae ex sola habitudine eius ad alterum
714 2196 1917 2242 quae cum adest, conuenit ei proprietas relatiua, & non conuenit ei cum abest. dicente
670 2236 1931 2295 Boethio libro de triniitate. ca. xiii. vbi loquitur de relationibus proprietatum. Perspi
433 2299 1917 2341 cue ex alieno aduentu constare perspiciuntur: si auferas seruum, abstulisti & dominum. An non etiam
428 2339 1923 2391 si abstulisti albedinem, abstulisti quoque album: Sed interest: quod albedo accidit subiecto: sed potestas
435 2390 1915 2435 qua seruus coercetur, quoniam sublato deperit seruo, constat non eam per se domino accidere:
444 2431 1913 2483 sed per seruorum quodammodo extrinsecus accessum, non igitur vt concludit dici potest praedicatio
435 2470 1917 2526 ne rclatiua quicquam rei de qua dicitur, vt iam supra. ergo &c. ⁋ Secundo sic. ita simplex est: persona
442 2516 1908 2574 in diuinis vt essentia. sed proprietates essentiae, vt attributa essentialia, bonitas, veritas, & huius-
440 2560 1920 2617 modi, propter essentiae simplicitatem non dicuntur esse in essentia: sed solum modi quidam intelli-
440 2615 1904 2666 gendi circa ipsam. ergo similiter nec proprietates sunt aliquid in persona: sed solum modi circa per
431 2656 1909 2715 sonas. ⁋ Tertio sic. Proprietas relatiua est in illo, in quo essentialiter fundatur. vt similitudo vnius
440 2695 1922 2755 albedinis ad aliam, quia essentialiter fundatur in albedine est in albedine. vnde & denominat eam,
441 2740 1908 2810 dicendo quod albedo est similis albedini, proprietas quaelibet relatiua in diuinis essentialiter fun-
