2017 3280
103 273 1602 344 & non est relatio aliud quam ipsa essentia: tunc ergo relatio non esset constitutiua personae vt habet respe
94 333 1596 385 ctum ad suum correlatiuum: sed vt est quid absolutum in ipsa essentia. & sic personam absolutam constitue
107 385 1596 435 ret, non autem respectiuam: cuius contrarium iam determinatum est. Esset etiam essentia ex seipsa persona:
101 425 1594 478 quod est contra Augustinum. vii. de triniitate. vbi vult quod persona non dicitur nisi relatiue: essentia autem non
107 475 1596 522 nisi ad se, quia (vt dicit) si essentia relatiue diceretur essentia, essentia ipsa non esset essentia. Si primo modo: aut
106 516 1591 564 ergo essentia & relatio constituunt personam vt duo quae sunt duae res, aut quae non sunt duae res. Si primo mo
101 560 1590 609 do, cum ergo (vt iam dictum est supra) essentia in persona est aliquid excepta relatione: & similiter re
105 607 1587 661 latio est aliquid praeter essentiam: & sic neutrum eorum includit alterum: essent ergo in deo tres res relationum
102 652 1589 708 personalium, & quarta praeter illam: & esset in deo rerum quaternitas: quod falsum est. Si secundo modo, aut ergo
100 700 1582 757 non sunt duae res quia neutrum eorum est res, aut quia alterum est res tantum, alterum vero non res. Non primo
102 744 1597 800 modo: quia secundum Augustinum deitas est quaedam summa res quae trinitas est: & quia tunc persona non
100 788 1580 837 esset res: cuius contrarium vult Augustinusi. i. de doctriu,. christiana. ex non rebus autem non constituitur
107 834 1585 880 res, sicut ex non substantiis non constituitur substantia. Non secundo modo: quia illud non esset nisi quia
107 879 1591 930 essentia est res: relatio vero non res. sed relatio non res non est nisi intentio quaedam secunda: & sic cum
107 925 1586 977 intentio sit ens rationis, persona in deo esset aliquid naturae & aliquid rationis, aliquid rei & aliquid inten-
104 969 1596 1023 tionis: quod absurdum est. nullo modo ergo ex essentia & relatione persona constituitur in diuinis. ⁋ Secundo
108 1017 1580 1069 sic. si persona constitueretur ex essentia & relatione, tunc non generaret de se intellectum simplicem: sed con
113 1063 1578 1117 positum, comprehendendo in persona non hoc tantum, sed hoc & aliquid aliod ab hoc. Quare cum secundum Philoso-
114 1109 1590 1163 phum vnumquodque sic se habet in esse & veritate sicut se habet in cognitione: esse ergo verum personae diui
101 1157 1588 1208 nae compositum esset: quod falsum est, quia in deo nulla potest cadere compositio secundum supra determina
98 1184 1602 1251 ta. ⁋ In oppositum est illud Augustiniuni vii. de trinitate. Si pater non est aliquid ad seipsum, non est omnino
109 1242 1585 1300 qui relatiue dicatur ad aliud. dicitur ergo pater relatiue, & est aliquid ad seipsum. ad se autem non est ni
116 1291 1586 1345 si continendo in se essentiam. relatiue autem non dicitur nisi includendo in se relationem, vt patet ex di
110 1333 1543 1390 ctis, non continet autem haec nisi vt constituentia ipsum & quae sunt de significato eius. ergo &c.
122 1378 1585 1448 ⁋ Dicendum ad hoc, quod in omni prsona & supposito singulari oportet esse duo: quo
111 1432 1601 1508 rum vnum est natura quae ex se communis est quae aliquid existit: & proprietas secundum quam subsistit, quae ipsum per
110 1481 1582 1528 subsistens determinatur vt modo singulari determinato & incommunicabili subsistit: quae necesse est
110 1525 1588 1576 simul includi in significato personae seu suppositi singularis. Verbi gratia suppositum hoc singulare quid
110 1582 1576 1632 est Petrus, existit ex natura humanitatis, quae secundum se conmunis est, & determinatum atque singu
109 1619 1578 1675 rem modum subsistendi habet ex limitatione quadam & determinatione ipsius naturae qua habet
119 1660 1591 1710 esse haec humanitas, secundum quod habitum est supra: quae necessario cadunt simul in significatio-
110 1704 1586 1762 ne suppositi singularis. Et sicut est in supposito creato cum limitatione atque determinatione simul
109 1755 1578 1807 naturae & suppositi: sic est in supposito increato absque omni limitatione, & etiam absque determinatione na
117 1800 1585 1860 turae sed suppositi tantum. Sicut enim in esse naturae creatae homo secundum quod homo habet esse homo
115 1845 1578 1901 simpliciter ex corpore & anima simpliciter, & iste homo ex hoc corpore & hac anima. secundum Philosophum. viii.
126 1892 1577 1948 metaphysicae: & sicut in esse quiditatiuo homo simpliciter est animal rationale simpliciter, & iste homo est
116 1935 1583 1993 hoc animal & hoc rationale, secundum Auicen. in metaphysica sua: ita quod l haec seu hoc dicunt proprietatem deter
116 1982 1585 2037 minationis secundum quam suppositum subsistit singulariter: vt de ratione & natura singularis subsistentis
113 2031 1574 2084 & similiter nominis significantis ipsum non solum sit res & natura qua existit, quae exprimitur nomine hominis, animatua
115 2073 1587 2128 & rationalis: sed etiam ipsa proprietas qua determinatur natura in ipso: sic in esse naturae increatae, Deus enim se
125 2114 1571 2170 cundum quod deus habet simpliciter esse deus ex deitate simpliciter: & iste deus a deitate squantum ex se
119 2157 1597 2213 est haec & singularis secundum modum supra determiatum: non vt ly haec vel hic dicat aliquam proprietatem de
116 2204 1587 2269 terminantem & contrahentem: sed in natura rei ex se existentem: vt non sit aliud dicere deus & iste deus, sumen
123 2250 1582 2306 do ly iste non nisi essentialiter. multo enim verius eadem est ratio dei & huius dei, quia non est alter deus quam
119 2301 1584 2355 iste: quam hominis & huius hominis: quia praeter istum est alius. Sed cum iste vel hic sumitur personaliter secundum quod piter est hic in
128 2349 1578 2401 deitate subsistens, & filius est alius ab eo: ly hic & alius dicunt proprietatem determinatiuam non essentiae: sed supr
123 2389 1584 2445 positi: secundum quam singularitate suppositi singulariter subsistit. vt de ratione & natura talis singularis
119 2432 1579 2483 subsistentis & similitur de ratione nominis significantis ipsum non solum sit res & natura communis quae exprimitur nomine dei:
119 2478 1584 2536 sed est ipsa proprietas quae determinatur non natura in essendo: sed ipsum suppositum in tali modo singulari
131 2521 1585 2579 & inconicabili subsistendo. Quare cum ex illis vnumquodque dicitur constitui quae de natura eius & significato sui
125 2567 1577 2622 nominis existunt: simpliciter dicendum quod persona in deo constituitur ex essentia & proprietate: vel
123 2614 1588 2674 potius essentia & proprietas ipsam personam constituunt. dicente Damasceno libro tertio cap. vi.
125 2663 1584 2722 Quod commune est cum proprietatibus, habet hypostasis, id est persona vt talis proprietas: quia
123 2706 1584 2763 sic est persona personae intranea, & non inhaerens: vt accidentalis, sed essentialis ei in quo est,
128 2749 1586 2824 dicatur proprie insistens supposito, & non assistens, quasi iam constituto conueniens ex eius
