2017 3284
96 294 1595 367 importare aliquid dignitatis. Et puto talem modum priuationis in creaturis inueniri non posse. Ne
92 362 1598 418 gatiue vero ingenitum potest poni dupliciter: vno modo absolute: alio modo circa subiectum aliquod
107 408 1596 462 positiuum. Negatio primo modo est negatio extra genus: & indifferenter convenit enti & non enti: quemad
98 453 1591 511 modum non homo vel non iustum dicitur chimaera & tragelaphus, leo & asinus. Sic non genitum siue ingenitum
106 494 1593 552 non est proprietas in diuinis. Secundo modo dicitur aliquid ingenitum, quia est secundum aliquem modum
105 540 1596 592 essendi: sed non per modum generationis habet illum. & est negatio in genere. Sed hoc contingit tripliciter,
98 586 1588 648 quia ingenitum dicitur aliquid vno modo, quia non est terminus generationis per se, habitum tamen in ge
108 630 1587 684 nerato per generationem. Sic diuina essentia dicitur esse ingenita: & similiter secundum philosophos ma
107 677 1583 722 teria prima. Alio modo quia non est per se terminus generationis, nec habens esse in alio per generatio
108 723 1582 780 nem, sed per aliam productionem, quae tamen non est sine generatione. Hoc modo secundum Hieronysius. spiritus sanctus
102 766 1589 829 ingenitus dicitur, quia per processionem habet esse a pratre, sed non per natiuitatem: & secundum philoso
91 811 1597 871 phos mundus: quia effectus est a deo nec genitus: non tamen sine generatione: quia processio spiritus sctuim & factio mundi
101 864 1587 918 non sunt sine generatione verbi praeuia vel quasi praeuia. Tertio modo dicitur aliquid ingenitum, quia
110 904 1591 959 a nullo habet esse per generationem, qua. scilicet neque secundum se est terminus generationis, neque esse habet
109 949 1593 997 in alio per generationem (dico sicut aliquid geniti) neque per aliam productionem omnino ponentem aut suppo
101 995 1594 1053 nentem aliquo modo generationem. & per hoc id quid sic abnegatur esse genitum, quia generatio diuina necessario est
108 1047 1588 1099 prima omnium productionum, ipsum dicere ingenitum, idem est cum eo quod est nullo modo esse ab alio.
113 1080 1583 1141 Quod enim sic est ingenitum quod nullo dictorum modorum habet esse per generationem, nec habet etiam
97 1129 1590 1187 esse per spirationem, nec per quemcumque alium modum ab alio. Vnde dicit Ric. vi. de Trini. Solus pater a
109 1173 1594 1224 nullo est: idcirco nulla ratione genitus dici potest: merito ergo ingeniti nomen accepit. Spiritus sanctus
111 1221 1585 1283 genitus non dicitur, ne qui filius non est, filius esse putaretur: nec tamen ingenitus dicitur, ne eo ipso is qui a se-
109 1277 1587 1327 metipso non est, aliunde originem habere negaretur. Et hoc est ingenitum quod conuenit soli patri, & inclu
98 1315 1586 1369 dit inspiratum, quia vt dicit Alexander in summa sua, posterior est habitudo spiratio quam natiuitas.
101 1356 1581 1409 Et quia illa est prior habitudo, illa ablata omnis posterior remouetur. Sed large vtitur nomine prioris & po
105 1400 1593 1465 sterioris, qualiter nos non auderemus vti. Et ideo sumendo ingenitum tam largo modo vt convenit patri
101 1447 1587 1506 & genitum secundum quod conuenit soli filio, spiritus sctuns nec dicitur genitus, quia non est filius: nec igenitus,
105 1505 1594 1554 quia non est pater. secundum Augustinum ad Orosium, vt recitat Magister id est sententiarum distinctio. xiii.
104 1541 1590 1602 cap. Nunc considerandum. & tribus capitulis sequentibus. Nec facimus differentiam inter ingenitum & non geni
100 1583 1591 1639 tum: licet aliqui dicant spiritum sanctum dici non genitum, licet non igenitum. vt tagit Magister dist. xxviii. in ca.
104 1631 1584 1687 dem solet, quia vt dictum est ly in, non stat ibi priuatiue loquendo proprie de priuatione, scilicet secun-
111 1674 1593 1736 dum tres modos praedictos. Communiter autem loquendo de priuatione, appellando priuationem quando circa sub
95 1716 1575 1777 iectum existens negatur aliquid quod in alio aut est dignitatis, aut saltem non est alicuius indignita
111 1770 1587 1824 tis, sic ingenitum priuatiue accipitur, vt iam dictum est: nec plus conuenit spiritui sancto dici ingenitum
94 1812 1592 1873 hoc modo priuatiue, quam non genitum negatiue, vt patet ex dictis. ⁋ Ad quartum quod Ambrosius reprehendit
107 1861 1596 1917 eos qui ingenitum patri attribuunt: Dicendum ad hoc, quod ibi disputat Ambrosius contra haereticos quid ne
95 1913 1586 1961 gabant hoc nomen Homousion debere recipi in diuinis, quia non inuenitur scriptum, vtebantur tamen hoc no
97 1958 1573 2007 mine ingenitum de patre loquendo: ad probandum quod pater & filius non sunt eiusdem substantiae: quia (vt
100 1995 1587 2053 dixerunt) genitum & ingenitum non possunt esse eiusdem substantiae: cum tamen potius inueniatur scriptum illud quod
105 2038 1579 2096 significatur hoc nomine homousion, quid est esse vnius substantiae, patrem scilicet & filium: quam quod pater sit ingenitus.
106 2084 1584 2142 Vnde reprehendit eos non propter nomen ingenitum, quasi non esset conveniens eo vti in diuinis, sed pro
104 2132 1586 2181 pter ipsos vtentes, ad reprimenda. scilicet eorum proteruiam, quia. scilicet nolebant vti hoc nomine homousion contra
101 2173 1572 2228 se: quia scriptum non erat: sed vtebantur hoc nomine ingenitum pro se, quod minime scriptum erat, secundum quod
98 2218 1582 2271 haec patent ex disputatione Augustinus in Epistola contra Poscentium Arrianum in principio, & in libro ad Optatum
104 2264 1568 2324 contra Felicianum Arrianum in principio. Vnde postquam dixit Ambrosius, Ingenitum in diuinis scripturis nusque
101 2314 1578 2360 iuenio, non legi, non audiui, continuo subdit. Cuius ergo mutabilitatis sunt homines vt nos dicant ea vsur
101 2360 1603 2416 pare quae non sunt scripta, cum ea quae sunt scripta dicamus: & ipsi obiiciant quid scriptum non sit: immo sibiipsis ad
107 2403 1587 2455 uersantur, & auctoritati calumniae suae derogant. ⁋ Ad quintum dicendum secundum quod iam expositum est, quod ingenitum
95 2451 1575 2503 non notificat ratione qua est negatio pura, sed ratione qua est circa positiuum substratum. ⁋ Ad sciendum
104 2497 1576 2543 autem distincte quid sit illud positiuum substratum: Sciendum quod ingenitum dupliciter potest considerari: vno modo
102 2537 1579 2594 simpliciter & secundum se: alio modo vt consideratur circa naturam diuinam. Si primo modo sic substratum non est
98 2587 1587 2645 uisi essentia. Ingenitum ei dicitur suppositum quodcumque siue absolutum siue respectiuum habens essentiam aliquam ex se
106 2630 1571 2690 formaliter ita quod a nuilo principiatiue. & secundum hoc persona patris si per impossibile posset esse persona, aut hy
95 2676 1578 2736 postasis absque proprietate paternitatis quae essentiam deitatis non haberet ab alio, ingenita esset, absque eo quod
107 2719 1581 2771 negatio huiusmodi haberet aliquod relatiuum substratum, vt iam amplius patebit. Si Secundo modo, sic
98 2767 1582 2838 substratum est illi negationi aliquid tripliciter. Vno modo vt in quo habet fundari: alio modo vt quo
