2017 3246
74 292 1547 360 trem etsi non esset ingenitus. Ratione tamen materiae in diuinis nec est ingenitum nisi sit pater:
80 348 1550 408 nec pater nisi sit ingenitus: ita tamen quod paternitas potius sit ratio ingeniti quam econuerso. propter quod
79 391 1551 461 paternitas est proprietas constitutiua patris, &: non econuerso: vt ideo ingenitum sit vere proprie-
74 431 1560 497 tas patris in diuinis, vt infra amplius patebit. ⁋ Ad septimum quod genitum esse ponit dignitatem in
73 483 1554 548 filio, ergo ingenitum esse quod est eius priuatio siue negatio, nullam ponit dignitatem in patre: Dicen
86 534 1550 587 dum quod differt dicere positiue ab alio esse simpliciter & absolute, & ab alio esse modo determinato,
68 585 1560 635 scilicet per generationem aut per spirationem. Esse enim ab alio simpliciter, nihil ponit dignitatis in
86 619 1550 677 persona quae habet esse ab alia. Esse vero ab alio sic, scilicet per generationem aut per spirationem-
82 664 1564 725 rationem dignitatis ponit, vt infra declarabitur. Et propter hoc ingenitum inquantum stricte sumi
97 707 1552 776 ur secundum quod etiam conuenit spiritui sancto, scilicet inquantum idem est quod non esse ab alio per ge
95 757 1566 818 erationem, nihil dignitatis importat, nec est notio aut proprietas in aliqua persona diuina, simili
95 800 1554 861 er nec inspiratum. & hoc modo loquendo de ingenito, bene procedit obiectio. Sed (vt dictum est)
99 859 1563 914 ngenitum quod dicitur de patre, idem est quod nullo modo esse ab alio. Sed quia nomen positiuum
114 892 1569 949 in est impositum modo essendi ab alio simpliciter: sicut generari est nomen essendi ab alio mo-
108 935 1565 993 o determinato, similiter & spirari: ideo proprietas ista sumitur per negationem primi modi proce
110 990 1560 1041 endi determinati, quia illo negato intelligitur negari omnis alius, vt dictum est, & inferius am-
101 1037 1561 1091 lius dicetur. Et sic nomine ingeniti vt est notio patris, intelligitur non esse ab alio simpliciter, se-
108 1072 1563 1133 undum modum praedictum, & priuat siue negat circa ipsum esse ab alio simpliciter, quod in nullo ra-
97 1114 1559 1177 ionem dignitatis habet. Non enim est dignitatis in filio quod non est ab alio, sed quod est sic ab alio, sci
96 1164 1551 1227 icet per generationem: non tamen sequitur ex hoc quod sit in filio aliquid indignitatis. ⁋ Dicendum
92 1206 1553 1273 ergo ad octauum: quod non est verum illud propositum. Priuatio aut negatio non est aliquid dignita-
89 1254 1566 1316 tis in vno, nisi positio sit aliquid indignitatis in alio. hoc enim non est verum nisi vbi positiuum se
94 1299 1557 1362 cundum nomen, priuatiuum est secundum rem, quemadmodum secundum quod assumitur corrupti
89 1345 1557 1406 bile & mortale dicunt defectum virtutis permanendi in esse. Propter quod talis priuatio & habitus ne
101 1395 1563 1455 cessario sunt circa diuersa secundum substantiam. Et est priuatio siue significatum modo priuatiuo cir
88 1436 1566 1498 ca substantiam superioris gradus, & significatum modo positiuo circa substantiam inferioris gra-
89 1482 1557 1546 dus, quae deficit ab aliquo quid est in substantia superioris gradus. Ex quo contingit quod positio indignita
92 1527 1554 1588 tis est: Priuatio vero dignitatis. Vbi autem quod positiuum est secundum nomen, non est secundum rem priuatiuum, li
101 1575 1569 1634 cet non sit dignitatis neque indignitatis, & quod priuatiuum est illius est simpliciter dignitatis, vt in pro
94 1625 1569 1691 posito: non est verum illud quod proponitur. Et quod in proposito priuatiuum sit dignitatis, positiuum
98 1662 1566 1726 vero non sit indignitatis, contingit quia habent esse circa eandem substantiam numero. dicente Hil. ix.
102 1717 1555 1770 de Trinita. cap. xxvii. Si donantis auctoritate pater maior me est, nunquid per doni concessionem mi
92 1754 1560 1822 nor filius est: Maior vtique donans est: sed minor iam non est cui vnum esse donatur. Habes & in
94 1808 1562 1860 donantis auctoritate quia maior est: & in donati concessione quia vnum sunt. & cap. xxviii. Maior ita
99 1844 1562 1916 quod pater est dum pater est: sed filius dum filius est, minor non est. Natiuitas filii patrem constituit maiorem:
104 1890 1562 1952 minorem vero filium esse natiuitatis natura non patitur. Non habet natiuitas itaque ignobilitatem, quia in for
105 1934 1566 1997 madei est qui ex deo nascitur: & cum differre significatione ipsa aestimetur innascibilitas a natiuitate
97 1978 1569 2050 natiuitas tamen non est extra innascibilitatis naturam, quia non sumpsit aliunde quod subsistit. Et si-
95 2022 1563 2089 cut est de natiuitate siue esse ab alio nascendo, quod non ponit minoritatem aut indignitatem in nato,
109 2077 1558 2140 quia nascendo idem esse, & tantum quantum habet pater accepit, & tamen innascibilitas aestimatur
101 2115 1560 2190 alicuius dignitatis a natiuitate, hoc est respectu natiuitatis: sic est de esse ab alio simpliciter: quod
108 2158 1563 2223 nihil ponit indignitatis in eo qui est ab alio propter idem, & tamen non esse ab alio ponit respectu
107 2204 1566 2267 illius rationem dignitatis multo potius quam respectu natiuitatis, quia illa ex se rationem dignitatis
103 2252 1571 2313 importat, vt infra patebit. Quare autem huiusmodi dignitas aut maioritas dignitatis in vna per
114 2299 1563 2378 ona respectu alterius, non ponit in illa alia indignitatem aut aliquam minoritatem, debet declara
111 2353 817 2431 ri inferius loquendo de aequalitate personarum.
359 2440 1560 2502 lrca secundum arguitur quod ingenitum non sit alia proprietas in patre ab illa quae
362 2484 1559 2547 est generare siue paternitas. Primo sic. in diuinis non est minus simplex persona
393 2524 1574 2595 essentia. sed propter essentiae simplicitatem omnes proprietates essentiae sibi
368 2569 1576 2641 inuicem coincidunt, quia veritas est bonitas & econuerso, quare & propter perso
361 2614 1575 2678 nae simplicitatem omnes proprietates personae vnius coincidunt, vt verum sit dice
365 2666 1582 2723 re quod ingenitum sit generare aut paternitas, ergo &c. ⁋ Secundo sic. ingenitum
353 2704 1584 2765 in patre auctoritatem importat. dicente Hil. iiii. de Trinita. cap. iii. Nouit ecclesia
103 2749 1579 2820 vnum deum ex quo omnia, & vnum deum dominum nostrum lesum Christum per quem omnia, ab vno vni-
