2017 3266
420 265 1921 348 uersorum originem, per vnum cunctorum creatorem. In vno ex quo, auctoritatem innascibilitatis in-
428 346 1918 394 telligit. Et cap. v. lpse enim pater eius quem genuit auctor ostenditur, id habens nomen quod neque na
423 392 1915 438 tum neque ex alio profectum intelligatur: ex quo is qui genitus est subsistere docetur. Sed pater aucto
431 426 1910 486 ritatem principalem non habet nisi paternitate & generatione qua respicit alium, non est enim auctori-
420 475 1917 527 tas nisi ad alium qui habet aliquod ab auctore. ergo &c. ⁋ Tertio sic, & est ratio Praepositini. eo quo
422 524 1908 578 pater est pater est haec persona. sed eo quo est haec persona est innascibilis: ergo eo quo pater est pa-
422 561 1918 624 ter, pater est innascibilis: innascibilitas ergo est paternitas. ergo &c. ⁋ Quarto sic. secundum quod di-
422 619 1920 668 cit Augustinus de fide ad Petrum, non est dicendum spiritum sanctum ingenitum, ne duos esse pa-
429 652 1917 713 tres confiteri compellamur. ad hoc autem non compelleremur nisi innascibilitas esset paternitas: vt spi
424 700 1918 760 ritus sanctus esset pater innascibilitate, sicut & ipse pater paternitate. ergo &c. ⁋ In contrarium est: quo
427 750 1917 804 niam vt Augustinus dicit. v. de triniitate. si filium non generaret nihil prohiberet eum dicere ingenitum.
434 786 1275 855 non autem diceretur pater, vt infra videbitur. ergo &c.
449 848 1926 943 ⁋ Aliqui dicunt secundum quod recitat Praepositinus, quod id quod pater significat affir-
414 926 1919 981 mando, significat non genitus vel ingenitus negando: & propter hoc dicunt quod ingenitum non signifi-
428 982 1923 1034 cat aliud quam paternitas. Et quod vult Augustinus quod alia est notio qua pior est pater: alia vero quae est ingeni
444 1026 1932 1072 tus, exponunt sic. i. alio modo notificatur pater per hoc nomen pater, alio modo per hoc nomen ingenitus
441 1069 1933 1127 Variis enim modis in sacra scriptura notificantur personae, nec necesse est esse tot proprietates quot
447 1116 1932 1166 vocabula quibus notificantur. Quod non est verum: quia aliqua ratio dignitatis importatur nomine in-
439 1163 1926 1224 geniti alia quam nomine patris: quia vna earum ex ratione qua proprietates sunt, non habet habitudinem
431 1207 1929 1263 ad aliam. solummodo enim ratione naturae diuinae contingit quod non est ingenitum nisi generans: nec
444 1252 1923 1316 econuerso: nec potest esse, vt patet ex praedictis in quaestione praecedente, & amplius dicetur in se-
462 1300 1917 1354 uenti quaestione. ⁋ Dicendum ergo quod alia est proprietas patris ingenitum, & alia paternitas: quia pa-
439 1350 1920 1408 ternitas est proprietas qua pater est, & qua habet respectum positiuum ad illum qui a se est: & inge
440 1388 1926 1457 nitum est proprietas qua habet respectum negatiuum ad non a quo est, secundum modum praedictum.
433 1432 1218 1499 & est vtrumque dignitatis ratio in patre, vt dictum est.
444 1494 1929 1583 ⁋ Ad primum in oppositum: quod omnens proprietates essentiae coincidunt, ergo &
453 1558 1926 1619 sonae: Dicendum quod non est simile, quia secundum praedicta proprietates essentiae differunt tantum se
444 1616 1915 1674 cundum rationem & per intellectus considerationem: non autem proprietates personae: sed differunt ex na
434 1659 1917 1719 tura & habitudine rei ex se praeter intellectus considerationem, secundum praedicta. Propter quod quantum est ex
441 1710 1926 1769 natura rei coincidunt proprietates essentiae non autem personae. Nec est illius coincidentiae causa simplicitas ex
440 1760 1925 1817 parte proprietatum essentiae: nec istarum non coincidentia repugnat simplicitati ex parte personae: quia
448 1797 1928 1846 non sunt nisi respectus in ea: qui nullam compositionem ponunt, vt dictum est. ⁋ Ad secundum, quod secundum Hila.
449 1842 1922 1891 Ecclesia in vno ex quo auctoritatem innascibilitatis intelligit &c. Dicendum quod reuera patri convenit aucto
443 1889 1917 1952 ritas ex hoc ipso quod alius habet esse ab ipso: non autem ex eo quod non est ab alio. Nihil ei est auctoritas nisi quasi quae
441 1935 1926 1998 dam maioritas illius cuius est auctoritas respectu alterius, & hoc vniversalex eo solum quod ab hoc ille habet esse: secundum
453 1989 1923 2042 per in diuinis pater habet auctoritatem quasi maioritatl super filium. dicente Hila. xi. de triniitate. cap. v. In eo quod
446 2026 1927 2080 pater maior est, confessionem paternae auctoritatis intellige. Dum non a se facit id quod agit secundum natiuita-
440 2075 1923 2134 tem, sibi pater est auctor. Et per eundem modum pater & filius habent auctoritatem respectu spiri
446 2119 1923 2174 tus sancti. dicente Hila. ii. de triniitate. cap. xv. De spiritu nec tacere nec loqui necesse est: qui a patre &
434 2160 1911 2211 filio auctoribus confitendus est. Vel dicitur auctoritas non solum quia quasi maioritas est huius ad hunc
442 2210 1916 2270 quia hic ab illo: sed etiam quia in substantia ille a quo aliud est, est supra illud quod ab ipso est. & secun
436 2264 1915 2314 dum hoc dicitur quod trinitas auctoritatem habet super creaturas. Vnde vbi dicit Hila. In vno ex quo
439 2298 1920 2355 auctoritatem innascibilitatis intelligit, continuo subdit. In vno per quem, potestatem nihil differen-
440 2355 1914 2404 tem ab auctore veneratur: cum ex quo & per quem ad id quod creatur & in his quae creata sunt
446 2392 1912 2439 communionis auctoritas sit. Vnde quia patri ex eo quod est ingenitus non convenit quod alius sit ab ipso: sed po-
440 2439 1908 2496 tius ex eo quod est piti: idcirco auctoritas, non convenit ei ratione ingeniti, sed ratione paternitatis: sed ratione in
443 2484 1913 2542 geniti convenit ei quod non habet sibi auctorem. Vnde illud dictum Hila. auctoritatem innascibilitatis, debet intelli
458 2532 1918 2591 gi resoluendo substantiuum in adiectiuum sub hoc sensu. auctoritatem innascibilitatis id is. innascibi-
444 2571 1912 2635 lis. Verum est enim (vt dictum est) quod auctoritas debetur innascibili, sed non innascibilitati: vt innasci
444 2624 1920 2681 bilitas sit ipsa auctoritas: vel quod ratione innascibilitatis conueniat ei auctoritas: sed potius ratione
451 2674 1911 2729 paternitatis. Et hoc secundum modum quo illud aliud dictum eius. xi. de Trinitate cap. xv. Deus
455 2711 1913 2770 quidem piter natiuitatis est. debet exponi, idest illius quid natus est. Sed contra videtur esse dictum sequens. Ipse
439 2758 1922 2832 enim piter eius quem genuit auctor ostenditur. Dicendum quod in diuinis duplex est ratio siue modus auctoritatis: vnus prim
