2017 3248
417 250 1905 338 cendum quod verum est quando vtraque comparatio positiua siue affirmatiua est: & est vtraque proprietas secundum
420 324 1902 382 vtramque comparationem extra rationem subiecti: quemadmodum extra rationem hominis sunt risibile & simile.
410 373 1900 428 Non autem quando altera est negatiua & altera affirmatiua: & vna proprietatum est de ratione & constitu-
410 420 1896 488 tione subiecti aut quasi subiecti, & non altera: quemadmodum ingenitum non est de constitutio-
419 477 1197 522 ne personae patris vt est paternitas: vt iam dicetur.
700 487 1904 565 Irca quartum arguitur: quod ingenitum sit proprietas constitutiua personae pris, Primo sic.
707 555 1900 607 Damascenus. i. lib. c. x. loquendo de diuinis personis dicit sic. Oia quaecumque habent:
713 603 1897 657 noc est quiapiter habet ea praeter ingenerationem, generationem, & processionem. In his
704 643 1900 698 enim solis hypostaticis proprietatibus abiuicem differunt hae tres hypostases non sub
709 690 1896 740 stantia. Characteristicae vero hypostaseos, non sunt autem characteristicae & di-
685 726 1902 795 stinctiuae nisi quia sunt personae constitutiuae. Constituit ergo ingeneratio personam
428 782 1904 840 patris sicut generatio personam filii, & processio personam spiritus sancti. ⁋ Secundo sic. Hila. dicit. iiii. de trinitate.
409 828 1921 886 ca. xv. Neque consortem nomen vnigeniti admittit, sicut non recipit innascibilis eo quod innascibilis participen.
419 875 1908 933 Vterque itaque vnus est solus. proprietate videlicet in vnoquoque & innascibilitatis & originis. est ergo
415 920 1916 979 pater vnus solus proprietate innascibilitatis, sicut filius proprietate originis. sed ex eo res habet esse &
413 964 1915 1022 esse vna: ergo & proprietate innascibilitatis persona habet esse persona sicut & vna: hoc autem non est ni
423 1011 1905 1071 si quia est constitutiua personae. ergo &c. ⁋ Tertio sic. Dignius est habere perfectionem non ab alio quam ipsam con
414 1056 1908 1111 municare alii. sicut maior est dignitas in rege quod ipse a nullo teneat regnum suum, quam quod faciat alios
419 1102 1922 1162 participes regni sui. dignior est ergo proprietas quae est ingenitum, quam illa quae est generare. dignum autem
418 1154 1917 1206 est quod dignam personam dignior proprietas constituat. ergo &c. ⁋ In contrarium est, quoniam personam non constituit
418 1195 1917 1252 proprietas nisi quae eam ab alia distinguit persona: quia relatiua oppositio multiplicat trinitatem. sed personam
430 1247 1923 1297 patris non distinguit ab aliquo inascibilitas: sed paternitas & processio actiua: quia solum per has proprie
421 1286 1909 1344 tates habet respectum ad illas. ergo &c. ⁋ Praeterea proprietatibus pluribus in eadem persona existentibus non
417 1328 1921 1388 est personae constitutiua nisi prima illarum. Aliter enim illa prima non est proprietas personae sed essentiae, quod
416 1374 1924 1437 non est verum, quamquam omnes fundentur in essentia, quare cum secundum determinata in praecedente
439 1429 1494 1483 quaestione paternitas est proprietas prima respectu ingeniti. ergo &c.
434 1449 1912 1535 ⁋ Dicendum ad hoc: quod persona in diuinis quia est quis subsistens relatiue, pro-
434 1520 1923 1582 prietate qua constituitur subsistit & refertur ad alterum, a quo per hoc distinguitur. Relatiue au-
416 1576 1922 1626 tem non potest subsistere proprietate negatiua: sed solum positiua. Proprietate enim negatiua non po-
416 1613 1926 1673 nit illum ad quem est: sed denegat potius ipsum. & ideo quantum est ex se, posset esse suppositi absoluti
431 1661 1906 1717 vt praedictum est: quia non ponit id cuius est fore distinctum ab alio. Non enim ponit alium subsistentem: & non
436 1705 1919 1762 est distinctio nisi inter subsistentes. lta quod si non esset alia proprietas constitutiua personae cuius proprie-
424 1750 1923 1803 tas est ingenitum, quae proprietas constitutiua esset relatiua & affirmatiua, nullo modo persona illa ex eo
434 1799 1919 1856 quod persona est, relatiua esset ad principiatum: sed esset persona absoluta: & si paternitate esset relatiua ad
435 1840 1917 1897 personam filii productam a se, paternitas sua non esset proprietas personalis sed personae tantum: quemadmodum, proprie-
437 1894 1921 1943 tas spirandi qua pater refertur ad spiritum sanctum, non est personalis sed personae tantum. & sic relatio in diui-
431 1930 1914 1988 nis non multiplicaret trinitatem nisi quo ad duas personas constitutas proprietatibus relatiuis quae sunt
423 1978 1920 2037 filius & spiritus sanctus. Ingenitum enim quantum est ex se, non ponit respectum nisi ad principium: &
423 2024 1914 2073 nullo modo ad principiatum, nisi ratione naturae dinae in quae est, supponendo quod ille cuius est, necessario est a quo
437 2069 1911 2121 alius est: ita quod ratio illa quae alius est ab ipso, prior est quam illa quae non est ab alio. secundum praedicta. Proprietas autem quae
431 2111 1916 2169 prima est, necessario est personae constitutiua: aliter enim illa non esset proprietas personae sed essentiae: quod non est
427 2157 1916 2211 verum: quia essentiae non assignantur proprietates nisi attributales. Ingenitum ergo nullo modo potest esse pro
446 2207 1907 2265 prietas constitutima personae. Vnde & dicit Praepositinus. Innascibilitas non proprie ostendit quod sit: sed quod ipse
427 2256 1908 2310 a nullo sit. & ideo magis paternitas quam innascibilitas proprietas personalis dicenda est. Propter quod & Au
429 2297 1911 2355 gustinus loquens de proprietatibus personalibus constitutiuis, negat igenitum siue non natum esse, proprium pris
431 2343 1909 2399 sic inquiens. Neque enim in illa trinitate, proprium est solius pris quia non est natus ipse: si quod vnum filium genuit. Neque
428 2394 1925 2446 proprium solius filii quia non genuit ipse: sed quia de pris essentia natus est. Neque proprium spiritus sancti quia nec
431 2431 1911 2478 natus est nec genuit: si quia solus de pilre filioque procedit. Praepositinus tamen dicit in summa sua sic. Non est ratio quaere
438 2478 1902 2540 paternitas est magis personalis proprietas quam innascibilitas: & vix aut nunquam poteris inuenire rationem.
446 2520 1902 2587 ⁋ Ad primum in oppositum de dicto lonenis Damasceni, dicunt aliqui quod ibi sumit genera
441 2577 1902 2632 tionem large ad actiue & passiue dictam: vt comprehendat duas proprietates: quaerum vna est constitutia perso-
435 2625 1909 2668 nae pris: alia vero personae filii. Et quod ibi tangit igenerationem hoc non facit quia personam constituat: sed quia pro
437 2666 1913 2733 pria est vni personae quae per illam differt ab aliis duabus. S huic repugnat littera, quae dicit has tres esse hypostati
438 2716 1913 2778 cas propretates & characteristicas hypostaseos, quod non esset verum nisi quaelibet illarum esset tal. secundum quod processit
444 2754 1909 2833 obiectio. lon dicendum secundum praedicta superius, quod ibi sub ingenare comprehendit generare: quia vt dictum est, fele con-
