2017 3242
451 289 1923 354 agit nisi res intellecta: vt secundum se est quoddam intelligibile: cuius actio pure naturalis est, non per
440 339 1931 396 cognitionem: quemadmodum calidum agit calefactionem. Propter quod talis actio nullo modo est di-
434 393 1931 448 cere: quia dicere est actio quae fit per cognitionem. Vnde isto modo ponere generationem in di-
441 443 1929 490 uinis, non est ponere ipsam modo intellectualis operationis, sed praecise naturalis: nec est genera
440 479 1925 530 tio notitiae de notitia: sed de re cognita: vt dictum est. Licet ergo aliquid sit in seipso: non solum
446 531 1928 581 vt idem per essentiam: sed vt comprehensum a se in intelligendo: non ex hoc verbum est ipsum
446 572 1922 630 comprehensum aut intellectio: sed solummodo illud intellectum quod est in intelligente per
440 619 1935 674 actum intellectus qui est dicere, verbum eius est. Et tale est omne quod dicimus intelligi in-
446 660 1935 716 tellectu declaratiuo siue manifestatiuo: quoniam talem intellectum non agit res intellecta vt est
448 711 1937 765 res secundum se: sed vt iam est intellecta & forma intellectus per actionem intelligendi simplicis
445 752 1929 804 notitiae qua intellectus sic informatus est intelligere quoddam in actu: ita quod totus intellectus vt sic
446 797 1928 854 informatus est, & intelligere quoddam in actu, est quoddam intelligibile: quod quemadmodum quod
440 844 1945 896 dam obiectum natum est quasi reflecti in ipsum intellectum eundem, vt intellectus est purus, mouendo ipsum
451 888 1938 942 ad actum intelligendi seipsum iam informatum actu intelligendi simplicis notitiae. Talem autem actum
440 935 1929 996 non agit res intellecta vt res est secundum se: sed vt iam intellecta est: immo ipse intellectus vt iam
445 991 1925 1038 est intellectus & intelligere quoddam in actu per ipsam rem intellectam: propter quod non est praecise na-
452 1026 1937 1086 turalis: sed naturalis per cognitionem: & ab intellectu informato notitia simplicis intelligentiae qua
449 1072 1934 1128 intelligit rem intellectam, generatur in eodem notitia declaratiua qua intelligit se intelligere rem
446 1121 1937 1176 intellectam. Propter quod proprie dicitur esse modo operationis intellectualis, & est generata no
441 1162 1940 1215 titia de notitia: videlicet de notitia simplicis intelligentiae, notitia manifestatiua siue declarati
449 1212 1935 1268 ua illius notitiae quae concepta est simplici intelligentia: quae quia sic generatur & de tali gene-
443 1254 1945 1308 rante, eius generatio proprie dicere quoddam est, & eius genitum proprie verbum generantis est. De talis
445 1300 1932 1362 igitur verbi emanatione oportet nos videre quomodo vere & secundum naturam rei debeat dici ge
439 1349 1941 1407 neratio: sed modo intellectualis operationis. ⁋ Dicendum igitur quod secundum supra determinata ipsa
448 1395 1945 1444 diuina essentia est fundamentum omnium diuinarum proprietatum: sed quasi primo constitutiua pro
446 1436 1944 1495 prietatis personae primae: sub qua quidem proprietate inquantum est vt quoddam intelligere essentiale in
430 1483 1938 1533 intelligente (vt iam dictum est) est primo foecunda ad actum primae emanationis qua emanat persona prima
439 1533 1928 1581 emanans. Ex cuius modo emanandi clare patet quod debet dici vera generatio. Intellectus enim diuin
439 1577 1932 1630 nus in persona illa prima quae non est ab alia, a qua procedit ista prima emanatio, vt secundum iam dictum
439 1622 1930 1673 modum est intelligere quoddam in actu, est ratio qua habet elicere actum huiusmodi emanationis. Et
443 1662 1925 1718 est illud intelligere in tali persona, sicut actualis memoria: quam oportet esse actualem: quia ex quo per
440 1711 1942 1768 fectissima est ista emanatio, debet esse summe actuale id quod est ratio eliciendi ipsam. Et est il-
445 1762 1926 1813 le actus intelligendi secundum quem est in actu, pure essentialis: in quo sunt idem re, differentia sola ra-
439 1800 1937 1854 tione, intelligens, intellectum, actus intelligendi, & caetera huiusmodi. ldem vero intellectus
440 1851 1927 1903 in eadem persona existens, vt est quasi in potentia ad actum intelligendi declaratiuum, est id
440 1899 1922 1946 a quo habet produci emanans quod est ipsa notitia declaratiua siue intellectio in actu intelli-
440 1942 1920 2000 gendi declaratiuo existens in persona a qua emanat: vt verbum in intelligentia non inhaerens sed suba
453 1986 1923 2045 sistens, & declaratiuum notitiae illius a quo formatur, distinctum ab eo in quo est. dicente Damasceno
449 2034 1923 2092 assignando differentiam inter verbum nostrum & verbum diuinum. lib. i. c. vi. Semper habet suiipsius
452 2085 1922 2139 verbum, non secundum verbum nostrum non subsistens, sed subsistens, omnia habens quaecumque genitor
450 2124 1926 2176 habet. Sicut enim verbum nostrum de intellectu nostro procedens, neque per omnia idem est cum
446 2173 1930 2225 intellectu, neque omnifariam aliud: nam ex intellectu ens aliud est praeter ipsum: ipsum autem intellectum in
446 2218 1926 2274 apertum ducens: neque adhuc omnifariam aliud praeter intellectum: sed secundum naturam vnum ens aliud
442 2263 1923 2313 est subiecto: ita & dei verbum in eo quidem quod subsistit secundum se, distinguitur ab eo a quo habet exi-
447 2303 1932 2362 stentiam: in eo vero quod eadem ostendit in seipso quae circa deum inspiciuntur, idem est secundum naturam cum
441 2353 1936 2409 illo. Sicut enim quod in omnibus perfectum, in patre consideratur, ita & in eo quod ex eo genitum est verbum
441 2406 1932 2454 considerabitur. Cuius reuera emanatio ex modo emanandi ostenditur vera generatio: quia ex hoc ema
433 2447 1923 2491 natio dicitur vera generatio quod agens est in actu secundum formam qua agit, & hoc imprimendo for-
443 2493 1932 2545 mam eius in subiecto passibili materiali, & per hoc producendo sibi simile in natura & forma:
459 2538 1922 2594 quemadmodum ignis generat ignem ex materia, & homo hominem. Per omnem autem talem modum emanat in di
443 2588 1925 2642 uinis persona a persona, propter quod vera & naturalis debet dici generatio. ⁋ Quia autem ita sit, patet ex
437 2628 1920 2682 comparatione huius emanationis ad illam quae est vera generatio in creaturis: quae in hoc solo differunt:
448 2679 1926 2735 quod ibi agens formam suam naturaliter imprimit in exteriorem materiam, aliam secundum numerum ab illa quae
440 2718 1923 2773 in se est sub sua forma: propter quod etiam communicat ei aliam formam secundum numerum, & produ
440 2768 1907 2829 cit aliud re absoluta. Hic autem persona a qua est prima emanatio, suam formam quae est quae
