2017 3257
101 276 1567 347 no nulla conuenit potentia: quia nullum potest producere: vt spiritus sanctus: alicui vero vna
103 337 1569 390 tantum: quia tantum vnum potest producere vt filius spiritum sanctum tantum: alicui vero omnis: quia omnem pro
101 381 1566 436 ducibilem in diuinis potest producere vt pater. Propter quod isto modo solus pater dicitur omni-
115 428 1557 483 otens. Vnde dicendo, omne quod potest pater potest filius, potest & spiritus sanctus, verum est: di-
98 476 1560 529 cendo veroiomnem quem potest pater potest filius, potest & spiritus sanctus, falsum est. Pater enim
107 518 1567 578 potest producere filium quem non potest producere filius nec spiritus sanctus: & vterque spiritum san
100 567 1566 622 ctum, quem non potest producere spiritus sanctus. Vnde si arguatur sic: Omne quod potest pater potest
104 611 1564 668 filius, potest & spiritus sanctus: filium potest producere pater: filium ergo potest producere filius, potest &
101 659 1563 710 spiritus sanctus: non sequitur, quia argumentum peccat in forma conmutando quid in ad aliquid. Et
105 701 1554 758 hoc, quia vt dictum est supra secundum Magistrum Sententiarum, posse generare filium: non est posse alquid sed ad
104 746 1566 805 aliquid. & ly omne distribuit pro eo quod est quid tantum. Si vero arguatur sic: quemcunque potest pater produ
100 796 1566 851 cere potest producere filius aut spiritus sctuns: filium potest pter producere: ergo filium potest producere filius aut spiritus
109 836 1560 894 sctuns: bene sequitur: sed argumentum peccat in materia. maior enim est falsa. Secundum vero tertium modum omnipo-
98 881 1565 934 tens simul distribuit pro absolutis & rebus & suppositis: & cum hoc etiam pro suppositis relatiuis. Et
103 932 1565 989 ideo istis vltimis duobus modis solus pater omnipotens dicitur: & non est nisi vnus omnipotens vno personaliter
98 974 1562 1032 accepto: quia de patre verum est dicere quod potest aut potuit producere omne & omnem: non autem verum
104 1021 1564 1076 est dicere quod filius aut spiritus sanctus potuit producere omne & omnem: quia licet potest filius
113 1059 1566 1120 producere omne: non tamen omnem: & hoc non quia non potuit: sed quia non oportuit, vt supra
98 1124 1557 1169 expositum est. Quemadmodum etiam potest dici de patre quod non genuit duos filios non quia non po
104 1155 1566 1213 tuit: sed quia non oportuit. Et sic est aliquid proprium quod pertinet ad omnipotentiam patris: quod non pertinet ad
111 1198 1565 1259 omnipotentiam filii: aut spiritus sancti: quod nullum est inconueniens: quia potentia aut omnipo
101 1253 1568 1302 tentia etsi dicat substantiam, non tamen nisi vt tracta est ad relationem secundum superius dicta.
97 1296 1559 1348 quia potentia, propria patri significat substantiam sub vno modo existendi determinato: quem quidem
104 1348 1566 1398 modum non significat potentia sed paterna proprietas: quae secundum Damascenum lib. i. ca. ix. non signifi-
98 1387 1562 1438 cat substantiae differentiam aut dignitatem: sed modum existentiae. vt in hoc differat significatio substam
102 1425 1570 1481 tiae, potentiae, proprietatis: quod substantia significat rem absolutam simpliciter: Potentia vero si-
91 1469 1570 1529 gnificat eandem rem: non autem aliquam differentiam eius: neque ipsum modum existendi, sed ipsam rem
104 1520 1560 1575 solam vt sub illo modo existit: siue sub illo modo existentem. Proprietas vero significat non sub
95 1564 1562 1620 stantiam neque differentiam substantiae: sed praecise modum existentiae: qui est quasi differentia personae cuius
107 1614 1558 1669 est ille modus existendi: & sub quo substantia existit in persona. Qui modus cum est, proprius vni perso
104 1667 1566 1713 nae, substantia sub illo existit tantum in vna persona & non in alia. Et propter hoc ipsa substantia est aliqua
101 1703 1560 1761 potentia in illa persona & illius personae, quae non est in alia & quae non est alterius personae. Sed sic am-
110 1746 1559 1801 pliando significatum & distributionem omnipotentiae vt soli patri conveniat, non loquuntur sancti de
106 1802 1554 1850 omnipotentia dei: sed solum secundum quod dicit posse quid quod est omne agere vel operari, vel opeatum
111 1842 1549 1895 quod est absolutum quid: siue sit aliqua actio, siue operatio essentialis in deo manens intra, siue transiens
106 1890 1557 1940 in creaturam siue respectu creaturae extra, siue sit ipsum extra operatum. Posse autem ad aliquid vt actio-
104 1933 1553 1982 nem relatiuam vel suppositum relatiuum productum per actionem relatiuam, non comprehendunt sub
101 1971 1560 2029 omnipotentia, neque etiam potentiam quae est ad talem actum dicunt pertinere ad omnipotentiam. Vnde
104 2019 1555 2075 & potentia quam dicunt sancti conem tribus personis, est potentia pure essentialis & respectu actus
101 2063 1554 2115 essentialis. Est enim potentia ad actus notionales quasi medium inter pure notionalia & pure
100 2113 1555 2166 essentialia in eo quod est substantiale tractum ad notionale secundum praedicta: omnipotentia autem inter pu
110 2152 1546 2206 re essentialia computatur. dicente Ambrosio. ii. de trinitate. exponendo illud loannis. v. Omnia quae ha-
112 2203 1544 2257 bet pater mea sunt. Quae sunt omnia: Non vtique locutus est de creaturis. Haec enim facta sunt
104 2257 1557 2304 per filium. Sed ea quae pater habet. i. aeternitatem, maiestatem, deitatem, quae nascendo possedit. Er-
110 2293 1555 2350 go cum ea habet quae pater habet (Scriptum est enim, Omnia quae habet pater mea sunt) omni
114 2345 1561 2392 potentem esse dubitare non possumus. Vnde & per posse ea quae pertinent ad actiones essentiales dei,
110 2390 1555 2440 probat filium esse aequipotentem patri subdens. Certe ostendat aliquis quid sit quod non possit dei fi-
110 2424 1554 2476 lius. Quis ei adiutor cum caelum faceret fuit: quis adiutor cum conderet mundum: An quid in con
107 2474 1556 2532 stitutione angelorum & dominationum adiutorio non eguit, eguit vt hominem liberaret: Scriptum est in
98 2518 1560 2567 quit. Pater si possibile est transfer a me calicem hunc. Et ideo si omnipotens est, quomodo de possi
104 2566 1554 2615 bilitate ambigit: Ergo quia omnipotentem probaui, probaui vtique ambigere non posse eum de possi-
102 2608 1553 2668 bilitate. Ecce plane per illas actiones dicit se probasse filii omnipotentiam. Vnde & per huiusmodi
107 2662 1558 2711 actiones filius probat quod sit patri aequalis secundum diuinitatem. dicente Ambrosio ibidem. Dei filius vt
107 2701 1551 2752 dei se filium & aequalem probaret, quaecunque inquit pater fecerit, eadem & filius facit similiter
102 2747 1564 2803 Hlinc etiam dicit Hil. x. de triniitate. In eo vero quid dicitur Pater maior, confessionem paternae aucto-
