2017 3269
443 275 1952 344 aut manifestando aliquid. Sed in tertio & in quarto dicens: ita dicit verbo vt formali ratione: quod etiam
457 330 1948 384 dicit in verbo vt in libro: vel sicut in speculo in quo omnia velut descripta relucent. Et in istis duobus mo
448 378 1953 425 dis construitur vt formali ratione manifestatiua eorum quae dicuntur verbo. Sed ptur dicit verbo quia profert ver
446 421 1944 471 bum: filius dicit verbo, quia ipse est verbum: spiritus sanctus dicit verbo: quia in suo intellectu essentiali habet
451 469 1953 528 ipsum verbum: creatura vero intellectualis dicit verbo solummodo quia intuetur verbum. Quod etiam cone est in di
448 512 1952 563 cere patris, & filii, & spiritus sancti. tale enim dicere vt terminatur ad id quod verbo dicitur, supponit in
446 561 1944 610 dicente actum, quid est intelligere ipsum verbum quo dicit. Nullus enim dicit verbo nisi intelligendo ipsum verbum
449 608 1944 659 & in verbo ea quae dicere & manifestare intendit ipso verbo. ipso enim verbo propalatur dicentis intentio: quam
442 657 1959 712 in offerendo verbum ipso verbo & in verbo intendit monstrare illi cui dicit aut loquitur. & hoc
447 701 1956 751 immediate si potest. si non potest, vtitur ad hoc tamquam medio, verbo vocis: aut aliquo huiusmodi. Ad ipsum
443 745 1947 796 autem actum talem dicendi verbo, sequitur actus intelligendi verbum ex parte ipsius audientis. dicen
455 796 1950 857 te Ricard. vi. de trinit. cap. xii. Ipso verbo propalatur proferentis intentio. Quid est vox nisi ver-
452 839 1945 890 bi vehiculum: vel si magis placet, verbi indumentum: Cum verbum prolatum ab auditore fuerit intellectum
446 886 1950 941 nonne incipit esse in corde suo quod prius erat in corde tuo: Si vero aurem haberet ad loquutio
447 932 1952 983 nem cordis, quemadmodum hanc habet ad locutionem oris, non omnino opus haberet vt ei exte
439 975 1952 1027 rior locutio fieret. ltem Augustinus super loannem Sermone. i. Verbum in homine est quod manet
446 1026 1948 1083 intus: quod autem significat, sonus: & in cogitante est quid dicit: & in intelligente qui audit. Et pere. id est ser
452 1071 1954 1132 mone. xxxvii. Verbum quod apud te est, vt transeat ad me sonum quasi vehiculum quaerit: per aurem meam
449 1118 1944 1169 descendit in cor meum cogitatio tua. In quinto autem modo dicens verbo non dicit ipso vt ra
442 1163 1128 1226 tione formali manifestatiua sed operatiua.
446 1216 1952 1311 ⁋ Ad id quod arguitur Primo: quod generare non est idem quod dicere: quia generare est opus
446 1295 1956 1354 naturae: dicere intellectus: Dicendum quod hoc non arguit nisi quod non idem ratione, quia natura & intel
443 1346 1947 1405 lectus sunt rationes principiandi sola ratione differentes secundum praetactum modum. Et quod assu-
449 1396 1943 1452 mitur contra hoc: quod sunt diuersae rationes principiandi sicut natura & voluntas: Dicendum
458 1442 1939 1497 pbod non est verum: quia non sunt nisi duo modi principiandi, scilicet libere siue liberaliter, qui est
441 1492 1951 1544 modus voluntatis: & impetu quodam, qui est modus naturae: qui nunquam ambo coincidunt aeque
451 1532 1957 1582 principaliter in eodem actu: quia contrarii sunt: licet in eodem actu coincidunt vnus principa-
450 1582 1955 1633 liter: alter secundario, vt inferius patebit circa productionem spiritus sancti. Intellectus autem exse
449 1624 1945 1682 non nisi impetum naturalem & necessitatem habet in suo actu: libertatem autem non nisi vt praecedit actus
447 1681 1956 1729 voluntatis, dirigens suo imperio actum intellectus, vt iam patebit. Propter quod quando intellectus
453 1719 1960 1773 coniungitur cum principio quod est natura, quasi contrahendo naturam simpliciter ad naturam intelle-
452 1765 1956 1823 ctualem, sicut contingit in productione verbi secundum supra determinata: tunc totum non est nisi vnum prin
447 1809 1951 1867 cipium quod est natura. Et quod assumitur, quod natura & intellectus sunt diuersae rationes principiandi
452 1859 1944 1911 sicut natura & voluntas: quia natura diuina est aequaliter voluntaria & intellectualis: Dicendum quod in
446 1907 1943 1962 diuinis natura dupliciter potest accipi. Vno modo vt omnino dicat absolutum quod scilicet pro ipsa essentia absolute.
452 1952 1956 2010 Alio modo vt dicit rationem principiandi & respectus cuiusdam ad actum generationis. Primomodo natura
446 1996 1953 2052 diuina aequaliter est voluntaria & intellectualis: & quasi contrahitur natura simpliciter ad voluntarium
448 2044 1944 2100 & intellectuale: sed sicut nullum modum agendi sibi determinat: sic neque essentia: sed est quasi principium
461 2088 1940 2146 primum & remotum omnium diuinarum actionum. Secundo autem modo non aequaliter est voluntaria & intel
449 2135 1945 2195 lectualis. Sic enim intellectuale potest quasi contrahere naturam, & coincidere in idem principium quod
458 2183 1941 2239 est natura propter rationem iam dictam. Voluntarium autem naturam sic dictam nullo modo quasi contrahere potest
457 2232 1940 2286 quia tunc contrarium deteriaret contrarium, & coinciderent principaliter in eodem actu: quem natura quasi in
454 2275 1948 2333 choando eliceret impetu, & voluntas libera quasi complendo eliceret libere: & sic eidem formam daret: quemad
458 2322 1945 2378 modum opeantur natura & intellectus in generatione verbi, sicut dictum est. illud autem omnino est impossibile. Libertas
462 2364 1943 2426 enim superueniens impetui vt ratio eliciendi actum, tollit necessario ipsum impetum: licet impetus immutabilitatis assi
467 2413 1950 2474 stens libertati non vt ratio eliciendi actum, nullo modo eam diminuat, aut impediat, aut eidem repugnet, vt ha
470 2459 1942 2511 bitum est supra loquendo de voluntate dei, & amplius exponetur infra de processione spiritus sancti loquendo.
473 2502 1945 2564 ⁋ Ad secundum: quod generare, proprium est solius patris: dicere autem commune est sibi & aliis: Dicendum
479 2550 1945 2610 per verum est de dicere essentiali quid solummodo importat actum manifestandi aut creandi. Est tamen alius
470 2598 1942 2660 modus dicere, qui proprius est patri & idem re cum generare, differens sola ratione, vt dictum est. Quare
462 2640 1945 2704 autem dicere poterit ex ratione sui significati sic extendi & non generare: patet ex praedictis assignando
474 2688 1943 2751 differentiam secundum rationem inter dicere notionale & generare. ⁋ Ad tertium: quod generare est agere: & di
469 2737 1932 2794 cere est pati: dicendum quod falsum est: quia dicere est agere siue sit essentiale siue personale. Et quod primo
473 2779 1932 2851 arguitur quod immo: quia dicere idem est quod intelligere secundum Anselmum, quid secundum veritatem pati quoddam est:
