2017 3183
157 267 1616 342 hoc album & illud, concipit simile: sed hoc non aliud sua actione quam illa qua postquam simplici comprehensione con
158 329 1614 381 cepit vnum vt indiuisum: deide naturali intuitione & discursu volubili iuxta vnum vel in vno concipitur
162 376 1607 431 plura diuisa: vt iuxta album in ordine ad aliud album concipit simile: in ordine vero ad nigrum dissiie: in
162 425 1601 482 vno vero concipit plura: vt in homine animal & rationale. De quae actione intellectus dicit Comment. super. xii. Meta. In
164 468 1606 520 tellectus natus est diuidere adunata in esse in ea ex quibus componitur adunatum: quamuis non diuidantur in esse.
147 513 1615 567 Sed in tali diuisione non stat eius opeatio: immo sic diuisa habet componere, complectendo ambo in propositione af
164 557 1605 620 firmatiua aut negatiua: dicendo hoc est hoc, vel hoc non est hoc: vt dicit idem super. vi. Meta. Sed dicunt aliqui
164 604 1603 662 quod ad compositionem & diuisionem in propositionibus non se habet intellectus nisi passiue: sicut neque ad indiui
157 648 1614 696 sibilium intelligentiam. Cum enim comprehendit duo seorsum: & habitudinem vnius ad alterum: ex hoc sine omni
142 686 1618 739 sua actione comprehendit illa in forma comnplexionis: quemadmodum cum apprehendit vnum album in ordine ad
159 739 1610 792 aliud, ex hoc sola passione sua comprehendit siie. Sed hoc non potest stare duplici ratione. Prima: quia si sic intel
149 785 1616 841 ligendo componeret & diuideret: tunc non componeret aut diuideret inter aliqua duo: nisi secundum ra
152 831 1607 877 tionem habitudinis quam habent inter se: vt si haberent hitudinem convenientiae, ea componeret affirmando. Si
164 876 1615 925 vero haberent hitudinem disconvenientiae, ea diuideret negando. Quare cum nulla duo secundum eandem hitudinem
152 916 1616 972 habent rationem convenientiae & disconvenientiae simul: tunc numquam libere quaecumque componeret in propositione affir
157 961 1611 1015 matiua, posset diuidere in propositione negatiua: sicut ex ordine vnius albi ad aliud album non potest appre
146 1007 1602 1058 hendere dissiie: sed solum siul. & sic non posset esse in intellectu compositio & diuisio oppositorum siue contra
152 1054 1615 1100 dictoriorum simul. Cuius contrarium dicit philosophus in fine. vi. Meta. vbi dicit Comment. Quod est in anima: recipit duo
146 1098 1602 1153 opposita simul: quod est extra animam, non. Et anima intelligit duo simul opposita: quod non potest esse extra
149 1143 1604 1200 animam: quia materia recipit contraria successiue. Vnde si in hoc esset simile de intellectu & de materia: sicut
150 1189 1618 1245 materia non recipit contraria nisi successiue: simliter neque intellectus: & non intelligeret hanc affirmatiuam ho
158 1233 1608 1284 mo est album, nisi cum intelligeret hominem album siue albedinem in homine: nec illam negatiuam, nisi cum intellige-
145 1277 1608 1339 ret albedinem seorsum extra hominem, & non esset aliter compositio & diuisio secundum complexionem in anima quam
152 1323 1607 1372 sint in rebus secundum incomplexionem. Vera enim affirmatio significat compositionem in entibus, & vera nega-
150 1368 1607 1423 tio diuisionem: vt dicit Comment. ibidem. Secunda ratio ad idem est. cum enim obiecta intellectus non sunt tantum incom
151 1417 1605 1472 plexa: sed etiam complexa: & obiectum sit agens actum intelligendi in intellectum: & hoc non nisi secundum quod est ali-
152 1455 1609 1518 quid secundum actum: igitur oportet saltem natura prius ipsam complexionem esse constitutam in esse, antequam moueat intel
156 1505 1600 1555 lectum vt intelligatur ab ipso. Quare cum constitutio complexionis a natura rei non his esse: quia. tunc non esset: nisi
155 1546 1602 1601 vno modo: oportet quod sit opus rationis, quae circa idem contrario modo potest opari. Nec valet quod adducitur de albo
150 1594 1602 1652 & simili: quod simile apprehenditur sola passione intellects scilicet non constituendo ipsum. Dicendum quod verum est: quia a natu-
151 1643 1596 1695 ra rei similitudo constituta est in albo postquam habeat aliud album sibi correspondens. Non sic autem a natura
154 1684 1608 1738 rei est instituta ista complexio. Illa tamen apprehensio similis sine aliquo opere intellectus nostri praecedente non sit:
147 1733 1601 1786 vt dictum est. Vnde aliam rationem intelligibilis siue scibilis habent entia absolutae naturae, & relationes, & ipsae
157 1781 1603 1830 complexiones. Quemadmodum enim sunt quaedam sensibilia per se & primo: vt album: quaedam per se non primo: vt figura:
153 1821 1604 1873 quaedam omnino per accidens: & hoc vel simpliciter per accidens: vt vmbra quae percipitur iuxta lucem, eadem in qua percipitur
149 1863 1612 1924 lux: vel accidentaliter per accidens: vt Diatrii filius, qui non percipitur a sensu in se secundum quod filius sed solummodo a
151 1912 1618 1967 virtute supiore: sic sunt quaedam intelligibilia per se & primo vt absoluta: quaedam per se & non primo vt
156 1952 1608 2007 relationes: quia non intelliguntur nisi iuxta absoluta, sicut nec sensibilia per se non primo: nisi iuxta illa quae sunt
147 1999 1605 2051 sensibilia per se & primo. Mouent tamen seipsis obiectiue relationes intellectum, sicut sensibilia communia sen
152 2046 1613 2104 sum. De modo talium intelligibilium sunt complexiones: quia in quaedam relatione consistunt, quam secundum compositio
149 2088 1605 2145 nem aut diuisionem instituit intellectus. Vnde & secundum hoc & complexiones diuersae secundum affirmationem &
150 2131 1602 2189 negationem, & differentias tporis diuersas inter eosdem terminos diuersa sunt intelligibilia secundaria: in quod
155 2178 1607 2232 bus cum principali compositione tempus cointelligit: & sic componit. secundum quod dicit philosophus. iii. de Aia. Si fuerit
160 2225 1608 2284 praeterita aut futura, tunc cum hoc intelligit tempus & componit. vbi dicit Comment. Si intellecta fuerint re-
156 2269 1617 2323 rum quae sunt natae esse, aut in praeterito tpore, aut in futuro, tunc intelligit cum illis rebus tempus, & postea componet
165 2316 1602 2378 ipsum cum eis: & iudicabit quod illae res fuerunt & erunt. Et omnia ista intellecta per se sed non primo, proprie dicuntur
152 2360 1604 2421 non intelligibilia vel scibilia: sed cointelligibilia vel conscibilia: quemadmodum non sunt proprie res: sed ali-
152 2406 1599 2469 quod cum re quae vera res est & absoluta. Intelligibilia vero per accidens simpliciter sunt priuationes, quae intelligum
150 2457 1595 2505 tur iuxta habitus. Accidentaliter vero per accidens nullum intelligibile habetur: quia refugit perceptionem intellectus
153 2491 1613 2549 vt purum nihil. Sed forte dicet aliquis verum esse quod complexio constituitur ope intellectus non materialis aut il-
151 2540 1610 2598 lius quod est secundum hitum sed agentis. Quod non potest stare. Cum enim intellectus agens secundum praedicta non agit nisi irradi
162 2585 1619 2648 ando sicut lux: naturaliter ergo agit quicquod agit & secundum dispositionem eorum circa quae agit. Si ergo in ipsis re
153 2635 1617 2688 bus incomplexis non est nisi dispositio ad affirmationem, aut ad negationem tantum: & circa idem inquantum idem
158 2678 1610 2734 natura non est nata agere contraria: ergo per intellectum agentem non fieret complexio indifferenter circa idem secun
153 2718 1618 2782 dum affirmationem & negationem. Si ergo ab eodem libere & per indifferentiam habent fieri circa idem complexio
