2017 3191
163 237 1639 327 tiae dei est spiritualis magnitudo perfectionis in esse absoluto infinitos gradus magnitudinum per
164 293 1623 364 fectionis in esse in infinitum accipiendarum continens. vt sicut corpus infinitum continet in se
158 350 1632 418 corporaliter quantitatem mobilis corporis pedalis, bipedalis: & sic in infinitum: sic essentia dei in
148 383 1614 459 finita continet in se spiritualiter quantitatem essendi speciei inanimati, vegetabilis, sensibilis, rationa-
152 432 1624 512 lis, intellectualis: & sic in infinitum, ponendo infinitos gradus creaturarum possibiles inter esse dei & esse
162 479 757 551 angeli quantuncunque supremi accipiendi.
159 542 1615 638 ⁋ Ad primum in oppositum: quod ratio infiniti quantitati congruit & non substantiae:
161 617 1620 689 Dicendum quod istud intelligitur de infinito per extensionem vel partium multitudinem: quale posuerunt
146 669 1623 725 philosophis quidam in primo principio, quod ponebant esse corporale: contra quos inducit illud dictum philosophus. Non au
153 712 1624 773 tem intelligitur de infinito quod habet rationem perfecti: illud enim solum habet esse in substantia omni
148 754 1614 815 no separata a quantitate & materia. secundum quod probat philosophus, quod primus motor quia est virtutis infi-
149 801 1626 869 nitae simplex debet esse & immaterialis, abstractus a magnitudine & materia. ⁋ Ad secundum patet
152 850 1606 915 per idem: quia infinitum incognitum in eo quod est infinitum non est nisi infinitum imperfectum per ma
149 896 1608 961 teriam. formae enim est finitare. Et ideo cum principium cognoscendi non est nisi forma: & materia (secun
152 931 1610 1005 dum philosophum) de se incognita est: & non cognoscitur nisi per analogiam ad formam: oportet quod illud infi
149 984 1604 1042 nitum quod est per materiam inquantum huiusmodi, sit incognitum: cum tamen infinitum quod deus est, quia sua quiditas
145 1030 1602 1092 est per formam, vt dictum est: sit quantum est ex se maxime incognitum. ⁋ Per idem patet ad tertium
155 1066 1605 1133 Entitas enim infiniti quod est in potentia, est illius quod est per materiam. Entitas autem infiniti quod est per for-
152 1125 1602 1184 mam: cuiusmodi est entitas infinitatis dei: summe est in actu, vt dictum est. ⁋ Ad quartum: quod infini
159 1169 1605 1233 tum secundum quantitatem non compatitur secum aliud extra se: ergo nec infinitum per substantiam
150 1203 1617 1274 compatitur aliam substantiam: Dicendum quod infinitum quod non compatitur aliud extra se, hoc est ra-
147 1249 1621 1324 tione suae perfectionis: vt dictum est supra: & hoc quia perfectum debet esse omne & totum. Secun
144 1292 1614 1366 dum enim quod dicit Philosophus. iii. Physicae. totum & perfectum aut idem penitus est: aut proximum secundum natu-
150 1344 1606 1413 ram est. Et est disiunctiua artis vera pro vtraque parte. sunt enim penitus idem re & substantia: quia quod
156 1397 1618 1453 quid est totum eo quod est totum est perfectum & econverso. Et quo ad hoc sunt nomina synonyma: vt
146 1444 1605 1496 dicit Comment. sed secundum rationem sunt proxima: quia perfectum est attingendo finem consummantem &
160 1491 1606 1547 complentem in esse. Vt enim dicit philosophus ibidem, Perfectum non est nisi illud quod habet complementum: & com-
153 1524 1617 1595 plementum est finis. Totum autem: quia non diminuitur ab eo aliqua pars eorum quibus dicitur
150 1564 1615 1641 totum: iuxta primum modum totius. v. Meta. Et sic secundum Comment. sunt nomina sese consequentia.
148 1614 1596 1682 Ex eo enim quod aliquid est consummatum in suo esse: continet quicquid pertinet ad perfectionem illius esse:
140 1668 1602 1722 vt si sit singulare totum: vt homo vel arca: continet quicquid pertinet ad perfectionem illius esse:
152 1716 1611 1762 ita quod nihil eius sit extra ipsum. Si vero sit vniuersaliter totum: cuiusmodi est deus in ente simpli-
146 1754 1620 1818 citer: cuiusmodi etiam infinitum corpus esset in ente quanto: si esset in rerum natura: tale inquam totum vni
147 1800 1604 1855 uersaliter continet quicquid pertinet ad perfectionem esse vniversales vel esse simpliciter: & hoc quo ad id quid est
140 1847 1608 1910 totum vniverstleis in esse simpliciter: vel esse quanti: & hoc quo ad id quod est totum vniverstalei in esse quanti. Vnde vt dictum est
148 1885 1605 1940 supra: vniuersaliter totum nihil potest habere extra se separatum siue extraneum siue non extra-
137 1935 1601 1989 neum. Perfectum igitur vniversale in quantitate, cuiusmodi esset quantum extensione infinitum, nihil quanti compatitur
142 1988 1612 2044 extra se separatum neque extraneum neque non extraneum. vt si terra esset infinita, non compateretur secun
149 2029 1611 2086 aliquid extra, neque extraneum, vt ignem & aquam: neque non extrancum. vt aliquid terrae quod non est infra ipsam
140 2072 1615 2129 vt pars eius. Ex illa enim parte qua haberet aliquid extra: esset finitum: & haberet tangens se: & non
137 2121 1601 2175 occuparet totum. Similiter perfectum vniuersaliter in esse simpliciter, cuiusmodi est deus, nihil ens con
144 2165 1611 2218 patitur extra se separatum: neque extraneum: neque non extraneum. Non extraneum: vt alium in natu
140 2216 1603 2271 ra deitatis: quia deitas non potest esse nisi in se quaedam singularitas. Extraneum: vt creaturam quae al
141 2257 1607 2305 terius naturae & essentiae esset a deo, quae non esset infra ipsum. Non dico vt pars esse dei: sicut dice
146 2300 1608 2357 bant ponentes esse dei quo deus est, esse cuiuslibet entis esse: vt habitum est supra. sicut extra terram
137 2346 1603 2406 infinitam non est terra: quia non est terra omnino quae non sit infra ipsam vt pars eius: & cuius quan
141 2393 1612 2445 titas sit pars quantitatis terrae infinitae. Hoc enim est magnae imperfectionis: quia habet rationem diuersi-
146 2435 1602 2492 tatis & compositionis. Sed dico sicut ratio essendi. Deus enim ex quo est ipsum esse subsistens in suo esse
140 2479 1602 2544 habet omnem rationem essendi: non vt vniuersaliter: sicut habet genus in se differentias: neque distincte se-
141 2530 1621 2573 cundum rem: sicut infinitum quantum: quod si esset totum & omne, haberet in se partes suas diuersas in
141 2570 1608 2620 substantia secundum diuersitatem situum: sed easdem non diuersas secundum siguras: haec enim est dis
134 2618 1615 2670 ferentia inter totum & omne, vt supra expositum est: sed habet deus in suo esse omnem rationem essendi
141 2666 1603 2717 (vt dicit Dionysius. inconfusibiliter: & hoc contra confusionem quae est in vniuersali: & vnite: & hoc con
153 2712 1612 2775 tra distinctionem partium quae est in quanto infinito: quod simul est totum & omne. Et est iste mo
