<?xml version="1.0" encoding="UTF-8" standalone="yes"?>
<PcGts xmlns="http://schema.primaresearch.org/PAGE/gts/pagecontent/2013-07-15" xmlns:xsi="http://www.w3.org/2001/XMLSchema-instance" xsi:schemaLocation="http://schema.primaresearch.org/PAGE/gts/pagecontent/2013-07-15 http://schema.primaresearch.org/PAGE/gts/pagecontent/2013-07-15/pagecontent.xsd">
    <Metadata>
        <Creator>prov=University of Rostock/Institute of Mathematics/CITlab|PLANET AI GmbH/Gundram Leifert/gundram.leifert@planet-ai.de:name=Badius1520-m2(htr_id=24043)::::v=2.6.6
prov=University of Rostock/Institute of Mathematics/CITlab|PLANET AI GmbH/Tobias Gruening/tobias.gruening@planet-ai.de:name=de.uros.citlab.module.baseline2polygon.B2PSeamMultiOriented:v=2.6.6
prov=University of Rostock/Institute of Mathematics/CITlab|PLANET AI GmbH/Tobias Gruening/tobias.gruening@planet-ai.de:name=/net_tf/LA73_249_0mod360.pb:de.uros.citlab.segmentation.CITlab_LA_ML:v=2.6.6
Transkribus</Creator>
        <Created>2020-04-15T01:42:32.331+02:00</Created>
        <LastChange>2020-05-22T21:59:40.816+02:00</LastChange>
        <TranskribusMetadata docId="369791" pageId="14432583" pageNr="296" tsid="29522468" status="IN_PROGRESS" userId="25065" imgUrl="https://files.transkribus.eu/Get?id=GZGIKZROVDOUFDXIXEJQKCBG&amp;fileType=view" xmlUrl="https://files.transkribus.eu/Get?id=EIMOAENNBMPVEYGIXCFLGMEL" imageId="10395733"/>
    </Metadata>
    <Page imageFilename="295.jpg" imageWidth="2017" imageHeight="3202">
        <ReadingOrder>
            <OrderedGroup id="ro_1590235568890" caption="Regions reading order">
                <RegionRefIndexed index="0" regionRef="TextRegion_1588960527318_443"/>
            </OrderedGroup>
        </ReadingOrder>
        <TextRegion orientation="0.0" id="TextRegion_1588960527318_443" custom="readingOrder {index:0;}">
            <Coords points="413,230 1899,230 1899,2749 413,2749"/>
            <TextLine id="r3l2" custom="readingOrder {index:0;}">
                <Coords points="417,306 1793,299 1893,290 1893,238 416,236"/>
                <Baseline points="426,290 498,288 571,285 644,284 717,284 790,282 863,281 936,281 1009,281 1082,279 1155,279 1227,279 1300,279 1373,279 1446,279 1519,281 1592,281 1665,281 1738,281 1811,282 1884,282"/>
                <TextEquiv>
                    <Unicode>gnoscitur, &amp; sub ratione intelligibilis cogniti discretiue, &amp; sub ratione qua est simplex notitia discre-</Unicode>
                </TextEquiv>
            </TextLine>
            <TextLine id="r3l3" custom="readingOrder {index:1;}">
                <Coords points="423,356 1787,346 1898,337 1898,290 423,307"/>
                <Baseline points="432,336 504,333 577,330 650,329 723,327 796,327 869,326 941,326 1014,326 1087,326 1160,326 1233,326 1306,326 1379,326 1451,327 1524,327 1597,327 1670,329 1743,329 1816,329 1889,329"/>
                <TextEquiv>
                    <Unicode>te cognita, &amp; sub ratione qua est intellectus discrete cognitus. Et secundum hoc in creaturis intelli</Unicode>
                </TextEquiv>
            </TextLine>
            <TextLine id="r3l4" custom="readingOrder {index:2;}">
                <Coords points="425,402 1867,394 1896,337 425,356"/>
                <Baseline points="434,380 506,378 579,377 651,375 724,374 797,373 869,372 942,372 1015,371 1087,371 1160,371 1233,372 1305,372 1378,372 1451,372 1523,374 1596,374 1669,374 1741,374 1814,375 1887,375"/>
                <TextEquiv>
                    <Unicode>gentibus aliud a se, verbum non solum continet notitiam qua cognoscitur quid est cognitum vel quid </Unicode>
                </TextEquiv>
            </TextLine>
            <TextLine id="r3l5" custom="readingOrder {index:3;}">
                <Coords points="425,445 1902,439 1902,383 425,402"/>
                <Baseline points="434,425 510,423 587,422 664,420 741,419 817,419 894,417 971,417 1048,417 1125,417 1201,417 1278,417 1355,417 1432,419 1509,419 1585,419 1662,419 1739,420 1816,420 1893,420"/>
                <TextEquiv>
                    <Unicode>quid est eius discretiue: sed qua cognoscitur ipse actus cognoscendi illud: qua scilicet cognoscitur sim</Unicode>
                </TextEquiv>
            </TextLine>
            <TextLine id="r3l6" custom="readingOrder {index:4;}">
                <Coords points="416,491 1902,482 1846,428 416,435"/>
                <Baseline points="425,471 498,469 571,467 645,465 718,465 791,464 865,464 938,463 1011,462 1085,462 1158,462 1231,464 1305,464 1378,464 1451,464 1525,465 1598,465 1671,465 1745,465 1818,465 1892,465"/>
                <TextEquiv>
                    <Unicode>plici notitia. Et quando formatur verbum de notitia qua cognoscit seipsum, illa non solum continet</Unicode>
                </TextEquiv>
            </TextLine>
            <TextLine id="r3l7" custom="readingOrder {index:5;}">
                <Coords points="428,535 1802,534 1891,522 1891,476 428,487"/>
                <Baseline points="438,516 510,515 582,513 654,512 727,510 799,509 871,509 943,509 1016,509 1088,509 1160,509 1232,509 1305,509 1377,509 1449,509 1521,509 1594,510 1666,510 1738,510 1810,510 1883,510"/>
                <TextEquiv>
                    <Unicode>notitiam qua cognoscitur quid est: vel quod quid est circa cognitum in simplici notitia: &amp; qua co</Unicode>
                </TextEquiv>
            </TextLine>
            <TextLine id="r3l8" custom="readingOrder {index:6;}">
                <Coords points="434,581 1898,573 1898,530 1821,517 434,529"/>
                <Baseline points="444,561 516,560 588,558 660,558 733,557 805,557 877,555 949,555 1022,555 1094,554 1166,554 1238,554 1311,554 1383,554 1455,554 1527,554 1600,555 1672,555 1744,555 1816,555 1889,555"/>
                <TextEquiv>
                    <Unicode>gnoscitur ipsa notitia: sed qua cognoscitur intellectus quo cognoscit cognoscens illa notitia, &amp; per</Unicode>
                </TextEquiv>
            </TextLine>
            <TextLine id="r3l9" custom="readingOrder {index:7;}">
                <Coords points="419,617 1723,623 1881,613 1899,574 419,576"/>
                <Baseline points="428,605 501,605 574,603 647,602 720,602 793,600 866,600 939,600 1012,600 1085,600 1159,599 1232,599 1305,599 1378,600 1451,600 1524,600 1597,600 1670,600 1743,600 1816,600 1890,600"/>
                <TextEquiv>
                    <Unicode>hoc totus ipse cognoscens. Quod verbum in nobis maxime assimilatur verbo diuino, quod est notitia de-</Unicode>
                </TextEquiv>
            </TextLine>
            <TextLine id="r3l10" custom="readingOrder {index:8;}">
                <Coords points="420,660 1863,663 1899,608 420,615"/>
                <Baseline points="429,651 502,650 575,648 648,648 721,647 794,647 867,645 940,645 1013,645 1086,645 1159,645 1232,645 1305,645 1378,645 1451,645 1524,645 1597,647 1670,647 1743,647 1816,647 1889,647"/>
                <TextEquiv>
                    <Unicode>claratiua secundum iam dictum modum: in qua secundum rationem (vt dictum est) sunt tria: intel-</Unicode>
                </TextEquiv>
            </TextLine>
            <TextLine id="r3l11" custom="readingOrder {index:9;}">
                <Coords points="417,708 1772,713 1903,702 1903,659 417,661"/>
                <Baseline points="426,696 499,695 572,695 646,693 719,693 792,692 866,692 939,690 1012,690 1086,690 1159,689 1232,689 1306,689 1379,689 1452,689 1526,689 1599,690 1672,690 1746,692 1819,693 1893,693"/>
                <TextEquiv>
                    <Unicode>lectus vt aspectus, notitia vt declaratiua, cognitum vt quid est: quemadmodum tria sunt in notitia</Unicode>
                </TextEquiv>
            </TextLine>
            <TextLine id="r3l12" custom="readingOrder {index:10;}">
                <Coords points="413,754 1788,759 1899,748 1899,703 413,708"/>
                <Baseline points="423,743 496,741 569,740 642,738 716,737 789,737 862,735 936,735 1009,735 1082,735 1156,735 1229,735 1302,735 1375,735 1449,735 1522,735 1595,737 1669,737 1742,737 1815,738 1889,738"/>
                <TextEquiv>
                    <Unicode>simplici quae pater est, scilicet intellectus vt simpliciter intellectus est, notitia vt simplex, cognitum</Unicode>
                </TextEquiv>
            </TextLine>
            <TextLine id="r3l13" custom="readingOrder {index:11;}">
                <Coords points="426,799 1864,804 1890,746 426,760"/>
                <Baseline points="435,789 507,787 579,785 651,783 724,783 796,782 868,782 940,780 1013,780 1085,780 1157,780 1229,780 1302,782 1374,782 1446,782 1518,782 1591,782 1663,783 1735,783 1807,783 1880,782"/>
                <TextEquiv>
                    <Unicode>vt aliquid est. Et sunt penitus eadem secundum rem absolutam singula singulis &amp; singula omnibus</Unicode>
                </TextEquiv>
            </TextLine>
            <TextLine id="r3l14" custom="readingOrder {index:12;}">
                <Coords points="414,841 1847,846 1899,838 1899,790 413,799"/>
                <Baseline points="422,833 495,832 568,830 642,830 715,828 789,828 862,827 935,827 1009,827 1082,827 1156,827 1229,827 1302,827 1376,827 1449,827 1523,827 1596,827 1669,828 1743,828 1816,828 1890,828"/>
                <TextEquiv>
                    <Unicode>&amp; in patre &amp; in filio, distinctione solummodo habita in eis per habitudines siue respectus qui sunt</Unicode>
                </TextEquiv>
            </TextLine>
            <TextLine id="r3l15" custom="readingOrder {index:13;}">
                <Coords points="410,888 1857,895 1901,839 410,843"/>
                <Baseline points="419,878 492,876 566,875 639,875 713,873 787,873 860,873 934,872 1008,872 1081,872 1155,872 1229,872 1302,872 1376,872 1450,872 1523,873 1597,873 1671,873 1744,873 1818,873 1892,873"/>
                <TextEquiv>
                    <Unicode>a quo &amp; qui ab: qui constituunt supposita in quibus illa habent esse. Notitia enim quae sub vna ra-</Unicode>
                </TextEquiv>
            </TextLine>
            <TextLine id="r3l16" custom="readingOrder {index:14;}">
                <Coords points="421,943 1844,941 1896,885 421,886"/>
                <Baseline points="431,923 503,921 576,921 649,920 722,919 794,918 867,918 940,917 1013,917 1085,917 1158,917 1231,917 1304,917 1376,917 1449,917 1522,918 1595,918 1667,918 1740,918 1813,918 1886,920"/>
                <TextEquiv>
                    <Unicode>tione differt a seipsa sub alia ratione, ratione illa qua est notitia secundum aliam &amp; aliam rationem</Unicode>
                </TextEquiv>
            </TextLine>
            <TextLine id="r3l17" custom="readingOrder {index:15;}">
                <Coords points="424,977 1904,986 1904,938 423,941"/>
                <Baseline points="432,969 505,968 578,966 651,965 724,965 797,963 870,963 944,963 1017,963 1090,962 1163,962 1236,962 1309,962 1382,962 1456,962 1529,963 1602,963 1675,963 1748,963 1821,963 1895,965"/>
                <TextEquiv>
                    <Unicode>non distingueret personas nisi absolutas &amp; secundum rationem tantum. Inquantum etiam consideran </Unicode>
                </TextEquiv>
            </TextLine>
            <TextLine id="r3l18" custom="readingOrder {index:16;}">
                <Coords points="410,1022 1902,1019 1831,971 410,979"/>
                <Baseline points="420,1016 493,1013 567,1011 640,1010 714,1010 788,1008 861,1008 935,1008 1009,1008 1082,1008 1156,1008 1230,1008 1303,1008 1377,1008 1451,1010 1524,1010 1598,1010 1672,1010 1745,1011 1819,1011 1893,1011"/>
                <TextEquiv>
                    <Unicode>tur vt absoluta &amp; ratione sola differentia, vna non habet esse de altera vt terminus &amp; principium</Unicode>
                </TextEquiv>
            </TextLine>
            <TextLine id="r3l19" custom="readingOrder {index:17;}">
                <Coords points="417,1075 1892,1071 1892,1030 1803,1019 417,1023"/>
                <Baseline points="426,1059 498,1058 571,1058 644,1056 717,1055 790,1055 863,1055 935,1053 1008,1053 1081,1053 1154,1053 1227,1053 1300,1053 1373,1053 1445,1054 1518,1055 1591,1055 1664,1055 1737,1055 1810,1055 1883,1055"/>
                <TextEquiv>
                    <Unicode>alicuius productionis: quoniam in diuinis nihil absolutum est principiatum neque secundum se neque </Unicode>
                </TextEquiv>
            </TextLine>
            <TextLine id="r3l20" custom="readingOrder {index:18;}">
                <Coords points="418,1118 1776,1121 1898,1112 1898,1067 418,1076"/>
                <Baseline points="428,1104 501,1103 574,1101 647,1101 720,1100 793,1100 866,1098 939,1098 1012,1098 1085,1098 1159,1098 1232,1098 1305,1098 1378,1098 1451,1099 1524,1100 1597,1100 1670,1100 1743,1101 1816,1101 1890,1101"/>
                <TextEquiv>
                    <Unicode>etiam in alio, secundum modum quo forma naturalis dicitur esse principiata: quia scilicet de potem</Unicode>
                </TextEquiv>
            </TextLine>
            <TextLine id="r3l21" custom="readingOrder {index:19;}">
                <Coords points="417,1159 1847,1168 1896,1114 417,1120"/>
                <Baseline points="426,1151 499,1149 572,1148 645,1146 718,1145 791,1145 864,1145 937,1143 1010,1143 1083,1143 1156,1143 1229,1143 1302,1145 1375,1145 1448,1145 1521,1145 1594,1145 1667,1145 1740,1145 1813,1146 1887,1146"/>
                <TextEquiv>
                    <Unicode>tia materiae alicuius a non esse ad esse in composito est producta. Vnde nihil absolutum debet conside</Unicode>
                </TextEquiv>
            </TextLine>
            <TextLine id="r3l22" custom="readingOrder {index:20;}">
                <Coords points="407,1204 1843,1214 1899,1204 1899,1154 407,1165"/>
                <Baseline points="416,1196 489,1194 563,1193 637,1191 710,1191 784,1190 858,1190 931,1190 1005,1190 1079,1190 1153,1190 1226,1190 1300,1190 1374,1190 1447,1190 1521,1190 1595,1191 1668,1191 1742,1191 1816,1193 1890,1193"/>
                <TextEquiv>
                    <Unicode>rari in diuinis vt ab &amp; a: quia nihil in illis est quod est ab, sicut terminus: nec quid est a quo, sicut pri</Unicode>
                </TextEquiv>
            </TextLine>
            <TextLine id="r3l23" custom="readingOrder {index:21;}">
                <Coords points="417,1252 1905,1241 1801,1200 417,1203"/>
                <Baseline points="426,1241 499,1239 573,1238 646,1236 720,1236 793,1235 867,1235 940,1235 1014,1235 1087,1235 1161,1235 1234,1235 1308,1235 1381,1235 1455,1236 1528,1236 1602,1236 1675,1236 1749,1236 1822,1236 1896,1236"/>
                <TextEquiv>
                    <Unicode>cipium actiuum productionis: sed debent illa absoluta differentia ratione considerari sicut funda-</Unicode>
                </TextEquiv>
            </TextLine>
            <TextLine id="r3l24" custom="readingOrder {index:22;}">
                <Coords points="409,1296 1895,1303 1895,1249 1809,1245 409,1254"/>
                <Baseline points="419,1286 492,1284 565,1283 639,1283 712,1281 785,1281 859,1281 932,1280 1005,1280 1079,1280 1152,1280 1225,1280 1299,1280 1372,1280 1445,1281 1519,1281 1592,1281 1665,1281 1739,1283 1812,1283 1886,1284"/>
                <TextEquiv>
                    <Unicode>mentum illorum respectuum, &amp; cum singulis respectibus constituentia singulas personas quae per</Unicode>
                </TextEquiv>
            </TextLine>
            <TextLine id="r3l25" custom="readingOrder {index:23;}">
                <Coords points="413,1346 1905,1339 1828,1291 413,1294"/>
                <Baseline points="423,1329 496,1329 570,1328 643,1326 717,1326 791,1326 864,1325 938,1325 1011,1325 1085,1325 1159,1325 1232,1326 1306,1326 1379,1326 1453,1326 1527,1326 1600,1326 1674,1326 1747,1326 1821,1326 1895,1326"/>
                <TextEquiv>
                    <Unicode>se sunt terminus &amp; principium productionis, subsistentes in illis absolutis differentibus secundum</Unicode>
                </TextEquiv>
            </TextLine>
            <TextLine id="r3l26" custom="readingOrder {index:24;}">
                <Coords points="406,1386 1881,1397 1899,1338 406,1345"/>
                <Baseline points="416,1374 489,1374 563,1373 637,1373 710,1373 784,1371 858,1371 931,1371 1005,1371 1079,1371 1153,1371 1226,1371 1300,1371 1374,1371 1447,1371 1521,1373 1595,1373 1668,1373 1742,1373 1816,1373 1890,1374"/>
                <TextEquiv>
                    <Unicode>rationem tantum: quae differentia secundum rationem tantum, est fundamentalis origo distinctionis suppositorum </Unicode>
                </TextEquiv>
            </TextLine>
            <TextLine id="r3l27" custom="readingOrder {index:25;}">
                <Coords points="412,1429 1892,1430 1892,1391 1805,1380 412,1384"/>
                <Baseline points="422,1421 495,1419 568,1418 641,1418 714,1416 787,1416 860,1416 933,1416 1006,1416 1079,1416 1153,1416 1226,1417 1299,1418 1372,1418 1445,1418 1518,1418 1591,1419 1664,1419 1737,1419 1810,1419 1884,1419"/>
                <TextEquiv>
                    <Unicode>secundum rem: ita tamen quod sicut intellectus patris vt est intellectus simpliciter, semper est informa</Unicode>
                </TextEquiv>
            </TextLine>
            <TextLine id="r3l28" custom="readingOrder {index:26;}">
                <Coords points="410,1478 1897,1474 1857,1426 410,1432"/>
                <Baseline points="419,1467 492,1466 566,1466 639,1464 713,1464 786,1463 860,1463 933,1463 1007,1463 1080,1463 1154,1463 1227,1463 1301,1463 1374,1463 1448,1463 1521,1463 1595,1463 1668,1464 1742,1464 1815,1464 1889,1464"/>
                <TextEquiv>
                    <Unicode>tus notitia simplici ab ipsa diuina essentia, ipsa essentia quasi secundum rationem agente in intellectu ipsam sim</Unicode>
                </TextEquiv>
            </TextLine>
            <TextLine id="r3l29" custom="readingOrder {index:27;}">
                <Coords points="412,1532 1817,1532 1895,1526 1895,1480 412,1484"/>
                <Baseline points="422,1514 495,1512 568,1511 641,1509 714,1508 788,1508 861,1508 934,1506 1007,1506 1080,1506 1154,1506 1227,1506 1300,1508 1373,1508 1446,1508 1520,1509 1593,1509 1666,1509 1739,1509 1812,1511 1886,1511"/>
                <TextEquiv>
                    <Unicode>plicem notitiam: sic idem intellectus vt est aspectus semper &amp; immutabiliter conuersus ad seipsum</Unicode>
                </TextEquiv>
            </TextLine>
            <TextLine id="r3l30" custom="readingOrder {index:28;}">
                <Coords points="423,1564 1892,1573 1892,1520 1849,1518 423,1522"/>
                <Baseline points="432,1557 504,1556 577,1554 649,1553 722,1553 794,1551 867,1551 939,1551 1012,1551 1084,1551 1157,1551 1230,1551 1302,1553 1375,1553 1447,1553 1520,1554 1592,1554 1665,1554 1737,1556 1810,1556 1883,1556"/>
                <TextEquiv>
                    <Unicode>vt est notitia simplici informatus, semper est quasi informatus notitia declaratiua ab ipsa notitia</Unicode>
                </TextEquiv>
            </TextLine>
            <TextLine id="r3l31" custom="readingOrder {index:29;}">
                <Coords points="416,1617 1906,1613 1841,1563 416,1567"/>
                <Baseline points="425,1602 498,1601 572,1601 645,1599 719,1599 792,1599 866,1598 939,1598 1013,1598 1086,1598 1160,1598 1234,1598 1307,1598 1381,1598 1454,1598 1528,1599 1601,1599 1675,1599 1748,1599 1822,1601 1896,1601"/>
                <TextEquiv>
                    <Unicode>simplici: quae tria secundum rationem continet in patre, vt iam dictum est: ipsa tali secundum rem agen </Unicode>
                </TextEquiv>
            </TextLine>
            <TextLine id="r3l32" custom="readingOrder {index:30;}">
                <Coords points="403,1660 1876,1664 1898,1612 403,1614"/>
                <Baseline points="413,1647 486,1647 560,1646 634,1644 708,1644 782,1644 855,1643 929,1643 1003,1643 1077,1643 1151,1643 1224,1643 1298,1643 1372,1643 1446,1644 1520,1644 1593,1644 1667,1644 1741,1646 1815,1646 1889,1646"/>
                <TextEquiv>
                    <Unicode>te in aspectu ipsam notitiam declaratiuam. Et ideo est imago illius continens in se tantummodo duo se</Unicode>
                </TextEquiv>
            </TextLine>
            <TextLine id="r3l33" custom="readingOrder {index:31;}">
                <Coords points="412,1701 1896,1702 1843,1654 412,1659"/>
                <Baseline points="422,1692 495,1692 568,1691 641,1689 715,1689 788,1689 861,1688 934,1688 1008,1688 1081,1688 1154,1688 1227,1688 1301,1689 1374,1689 1447,1689 1520,1689 1594,1691 1667,1691 1740,1691 1813,1692 1887,1692"/>
                <TextEquiv>
                    <Unicode>cundum rationem differentia, scilicet ipsum aspectum de quo quasi formata est, &amp; ipsam notitiam</Unicode>
                </TextEquiv>
            </TextLine>
            <TextLine id="r3l34" custom="readingOrder {index:32;}">
                <Coords points="409,1754 1893,1746 1893,1704 1806,1698 409,1702"/>
                <Baseline points="419,1737 492,1736 565,1736 638,1734 712,1734 785,1734 858,1733 931,1733 1005,1733 1078,1733 1151,1734 1224,1734 1298,1734 1371,1734 1444,1736 1517,1736 1591,1736 1664,1736 1737,1737 1810,1737 1884,1737"/>
                <TextEquiv>
                    <Unicode>formatam. Obiectum autem intelligibile de quo formatur simplex notitia, semper se tenet ex parte</Unicode>
                </TextEquiv>
            </TextLine>
            <TextLine id="r3l35" custom="readingOrder {index:33;}">
                <Coords points="410,1792 1894,1798 1894,1746 410,1753"/>
                <Baseline points="419,1782 492,1781 565,1781 638,1779 712,1779 785,1779 858,1779 931,1779 1005,1779 1078,1779 1151,1779 1224,1779 1298,1779 1371,1779 1444,1779 1517,1781 1591,1781 1664,1781 1737,1782 1810,1782 1884,1782"/>
                <TextEquiv>
                    <Unicode>notitiae simplicis &amp; eius a quo formatur declaratiua notitia: &amp; solummodo ex hoc quod haec est de illa se</Unicode>
                </TextEquiv>
            </TextLine>
            <TextLine id="r3l36" custom="readingOrder {index:34;}">
                <Coords points="421,1835 1896,1837 1896,1800 1803,1788 421,1802"/>
                <Baseline points="431,1827 503,1827 576,1826 649,1826 722,1824 795,1824 867,1824 940,1824 1013,1824 1086,1824 1159,1824 1231,1824 1304,1825 1377,1826 1450,1826 1523,1826 1595,1826 1668,1827 1741,1827 1814,1827 1887,1827"/>
                <TextEquiv>
                    <Unicode>cundum rem principiatiue formata, constituuntur diuersa supposita in ipsis subsistentia distincta</Unicode>
                </TextEquiv>
            </TextLine>
            <TextLine id="r3l37" custom="readingOrder {index:35;}">
                <Coords points="404,1893 1894,1883 1894,1837 404,1837"/>
                <Baseline points="413,1872 486,1872 560,1871 633,1871 707,1869 780,1869 854,1869 927,1869 1001,1869 1074,1869 1148,1869 1222,1869 1295,1869 1369,1871 1442,1871 1516,1871 1589,1871 1663,1872 1736,1872 1810,1872 1884,1872"/>
                <TextEquiv>
                    <Unicode>secundum rem. &amp; hoc ideo, quia hoc est esse ab secundum rem. Vbi enim est conuersio alicuius super ali</Unicode>
                </TextEquiv>
            </TextLine>
            <TextLine id="r3l38" custom="readingOrder {index:36;}">
                <Coords points="426,1937 1905,1927 1870,1881 427,1887"/>
                <Baseline points="435,1919 508,1917 581,1916 654,1916 727,1914 800,1914 873,1914 946,1914 1019,1914 1092,1914 1165,1914 1238,1914 1311,1916 1384,1916 1457,1916 1530,1916 1603,1917 1676,1917 1749,1917 1822,1917 1896,1917"/>
                <TextEquiv>
                    <Unicode>quid, oportet quod sint distincta secundum rem quoquo modo &amp; quod convertitur &amp; supra quod conuertitur:</Unicode>
                </TextEquiv>
            </TextLine>
            <TextLine id="r3l39" custom="readingOrder {index:37;}">
                <Coords points="413,1978 1871,1980 1899,1928 413,1935"/>
                <Baseline points="422,1962 495,1962 568,1961 642,1961 715,1960 789,1959 862,1959 935,1959 1009,1959 1082,1959 1156,1959 1229,1959 1302,1959 1376,1959 1449,1961 1523,1961 1596,1961 1669,1962 1743,1962 1816,1964 1890,1964"/>
                <TextEquiv>
                    <Unicode>cum tamen ex hoc quod de intellectu formatur simplex notitia ab essentia intellecta, est secundum ratio</Unicode>
                </TextEquiv>
            </TextLine>
            <TextLine id="r3l40" custom="readingOrder {index:38;}">
                <Coords points="404,2019 1905,2028 1905,1970 404,1972"/>
                <Baseline points="413,2009 487,2007 561,2007 635,2007 709,2006 783,2006 857,2006 932,2006 1006,2006 1080,2006 1154,2006 1228,2006 1302,2006 1376,2006 1451,2006 1525,2007 1599,2007 1673,2007 1747,2009 1821,2009 1896,2010"/>
                <TextEquiv>
                    <Unicode>nem tantum. Et similiter quod est ab &amp; id a quo est, habent esse diuersa secundum rationem tantum: quia hoc est es</Unicode>
                </TextEquiv>
            </TextLine>
            <TextLine id="r3l41" custom="readingOrder {index:39;}">
                <Coords points="409,2063 1908,2061 1812,2015 409,2019"/>
                <Baseline points="419,2054 493,2054 567,2052 641,2052 715,2052 789,2052 863,2051 937,2051 1011,2051 1085,2051 1159,2051 1233,2051 1307,2051 1381,2052 1455,2052 1529,2052 1603,2052 1677,2054 1751,2054 1825,2055 1899,2057"/>
                <TextEquiv>
                    <Unicode>se ab secundum rationem tantum: quia absque conuersione. Et secundum hoc magna est differentia inter</Unicode>
                </TextEquiv>
            </TextLine>
            <TextLine id="r3l42" custom="readingOrder {index:40;}">
                <Coords points="411,2115 1899,2106 1899,2069 1823,2063 411,2065"/>
                <Baseline points="420,2100 493,2099 567,2099 640,2097 714,2097 787,2097 861,2096 934,2096 1008,2096 1081,2096 1155,2096 1228,2097 1302,2097 1375,2097 1449,2097 1522,2099 1596,2099 1669,2099 1743,2099 1816,2100 1890,2100"/>
                <TextEquiv>
                    <Unicode>hanc generationem &amp; illam quae est in creaturis: in qua absolute diuersa sunt secundum rem in ge-</Unicode>
                </TextEquiv>
            </TextLine>
            <TextLine id="r3l43" custom="readingOrder {index:41;}">
                <Coords points="413,2156 1751,2169 1903,2158 1903,2109 413,2115"/>
                <Baseline points="422,2145 495,2145 569,2144 642,2144 716,2142 789,2142 863,2142 936,2142 1010,2142 1083,2142 1157,2142 1231,2142 1304,2144 1378,2144 1451,2144 1525,2144 1598,2144 1672,2145 1745,2145 1819,2145 1893,2145"/>
                <TextEquiv>
                    <Unicode>nerante &amp; genito, &amp; subiectum de quo, &amp; quoid de ipso educitur, quo constituitur genitum in esse. Sed </Unicode>
                </TextEquiv>
            </TextLine>
            <TextLine id="r3l44" custom="readingOrder {index:42;}">
                <Coords points="407,2202 1893,2201 1893,2162 1809,2152 407,2158"/>
                <Baseline points="416,2190 489,2190 562,2189 636,2189 709,2189 782,2189 856,2187 929,2187 1002,2187 1076,2187 1149,2187 1222,2187 1296,2187 1369,2189 1442,2189 1516,2189 1589,2190 1662,2190 1736,2190 1809,2192 1883,2193"/>
                <TextEquiv>
                    <Unicode>minor est differentia huius generationis verbi in diuinis a generatione verbi in intellectu nostro &amp;</Unicode>
                </TextEquiv>
            </TextLine>
            <TextLine id="r3l45" custom="readingOrder {index:43;}">
                <Coords points="403,2245 1698,2256 1902,2247 1902,2206 403,2210"/>
                <Baseline points="413,2235 487,2235 561,2234 635,2234 709,2234 783,2234 857,2234 931,2234 1005,2234 1079,2234 1153,2234 1227,2234 1301,2234 1375,2234 1449,2234 1523,2234 1597,2235 1671,2235 1745,2237 1819,2237 1893,2237"/>
                <TextEquiv>
                    <Unicode>angelorum. In verbo enim nostro &amp; angeli quoquo modo diuersitas est secundum rem inter noti-</Unicode>
                </TextEquiv>
            </TextLine>
            <TextLine id="r3l46" custom="readingOrder {index:44;}">
                <Coords points="407,2290 1900,2297 1889,2243 407,2245"/>
                <Baseline points="416,2282 489,2280 563,2280 637,2280 710,2280 784,2280 858,2279 931,2279 1005,2279 1079,2279 1153,2279 1226,2279 1300,2279 1374,2280 1447,2280 1521,2280 1595,2280 1668,2282 1742,2282 1816,2283 1890,2283"/>
                <TextEquiv>
                    <Unicode>tiam genitam &amp; eam quae generat: propter quod non sine transmutatione verbum in nobis &amp; in </Unicode>
                </TextEquiv>
            </TextLine>
            <TextLine id="r3l47" custom="readingOrder {index:45;}">
                <Coords points="406,2334 1894,2341 1845,2290 406,2295"/>
                <Baseline points="416,2327 489,2325 562,2325 636,2324 709,2324 783,2324 856,2324 929,2324 1003,2324 1076,2324 1150,2324 1223,2324 1296,2324 1370,2325 1443,2325 1517,2325 1590,2325 1663,2327 1737,2327 1810,2328 1884,2328"/>
                <TextEquiv>
                    <Unicode>angelis formatur, vt iam patebit. ⁋ Vt ergo modus generandi in diuinis iam tactus magis illucescat</Unicode>
                </TextEquiv>
            </TextLine>
            <TextLine id="r3l48" custom="readingOrder {index:46;}">
                <Coords points="410,2386 1892,2394 1848,2334 410,2335"/>
                <Baseline points="419,2370 492,2370 565,2370 638,2369 711,2369 785,2369 858,2369 931,2369 1004,2369 1077,2369 1151,2369 1224,2369 1297,2370 1370,2370 1443,2370 1517,2370 1590,2372 1663,2372 1736,2372 1809,2373 1883,2373"/>
                <TextEquiv>
                    <Unicode>iuxta dissimilem modum generandi verbum in nobis &amp; in angelis, sciendum est quod alius est modus</Unicode>
                </TextEquiv>
            </TextLine>
            <TextLine id="r3l49" custom="readingOrder {index:47;}">
                <Coords points="410,2433 1890,2436 1890,2390 1773,2377 410,2387"/>
                <Baseline points="419,2417 492,2415 565,2415 638,2415 711,2415 784,2414 857,2414 930,2414 1003,2414 1076,2414 1150,2414 1223,2414 1296,2415 1369,2415 1442,2415 1515,2417 1588,2417 1661,2417 1734,2418 1807,2418 1881,2420"/>
                <TextEquiv>
                    <Unicode>generandi verbum in nobis &amp; in angelis &amp; in deo, secundum quod alius est modus cognitionis ange</Unicode>
                </TextEquiv>
            </TextLine>
            <TextLine id="r3l50" custom="readingOrder {index:48;}">
                <Coords points="416,2472 1902,2475 1833,2426 416,2435"/>
                <Baseline points="425,2463 498,2462 571,2462 645,2460 718,2460 792,2460 865,2460 938,2459 1012,2459 1085,2459 1159,2460 1232,2460 1305,2460 1379,2460 1452,2462 1526,2462 1599,2462 1672,2463 1746,2463 1819,2465 1893,2465"/>
                <TextEquiv>
                    <Unicode>lis &amp; deo. Similiter in nobis alius &amp; alius est modus formandi verbum de alia &amp; alia re cognita.</Unicode>
                </TextEquiv>
            </TextLine>
            <TextLine id="r3l51" custom="readingOrder {index:49;}">
                <Coords points="406,2517 1874,2530 1902,2476 407,2470"/>
                <Baseline points="416,2507 489,2505 563,2505 637,2505 711,2505 785,2505 859,2505 932,2505 1006,2505 1080,2505 1154,2505 1228,2507 1302,2507 1376,2507 1449,2507 1523,2508 1597,2508 1671,2508 1745,2510 1819,2510 1893,2511"/>
                <TextEquiv>
                    <Unicode>Est enim nobis modus cognoscendi proprius (secundum dictum Philosophi in principio physicorum)</Unicode>
                </TextEquiv>
            </TextLine>
            <TextLine id="r3l52" custom="readingOrder {index:50;}">
                <Coords points="407,2561 1749,2574 1904,2569 1905,2526 408,2516"/>
                <Baseline points="416,2552 490,2552 564,2552 638,2552 712,2552 786,2552 860,2552 934,2552 1008,2552 1082,2552 1156,2552 1230,2552 1304,2552 1378,2552 1452,2552 1526,2553 1600,2553 1674,2553 1748,2555 1822,2555 1896,2555"/>
                <TextEquiv>
                    <Unicode>incipiendo a confusis. Sunt enim (vt dicit) nobis primum manifesta &amp; cognita confusa magis. &amp; hoc</Unicode>
                </TextEquiv>
            </TextLine>
            <TextLine id="r3l53" custom="readingOrder {index:51;}">
                <Coords points="409,2609 1904,2621 1904,2569 409,2561"/>
                <Baseline points="419,2598 492,2598 566,2597 640,2597 714,2597 788,2597 861,2597 935,2597 1009,2597 1083,2597 1157,2597 1230,2597 1304,2597 1378,2597 1452,2598 1526,2598 1599,2598 1673,2599 1747,2600 1821,2600 1895,2601"/>
                <TextEquiv>
                    <Unicode>in vita praesente prioritate temporis. Vnde cum de compositis in essentia sua complectentibus par</Unicode>
                </TextEquiv>
            </TextLine>
            <TextLine id="r3l54" custom="readingOrder {index:52;}">
                <Coords points="408,2653 1896,2653 1785,2605 408,2609"/>
                <Baseline points="417,2642 490,2643 563,2643 637,2643 710,2643 784,2642 857,2642 931,2642 1004,2642 1078,2642 1151,2642 1224,2642 1298,2642 1371,2643 1445,2643 1518,2643 1592,2643 1665,2643 1739,2645 1812,2645 1886,2646"/>
                <TextEquiv>
                    <Unicode>tes quae constituunt eorum definitiuas rationes dixisset, Primum nobis nota sunt confusa ma- </Unicode>
                </TextEquiv>
            </TextLine>
            <TextLine id="r3l55" custom="readingOrder {index:53;}">
                <Coords points="417,2707 1791,2713 1899,2698 1899,2653 417,2657"/>
                <Baseline points="425,2690 498,2688 571,2688 644,2687 718,2687 791,2687 864,2687 937,2687 1011,2687 1084,2687 1157,2688 1230,2688 1304,2688 1377,2688 1450,2689 1523,2690 1597,2690 1670,2690 1743,2690 1816,2691 1890,2691"/>
                <TextEquiv>
                    <Unicode>gis. continuo adiecit. Posterius autem ex his nota fiunt elementa &amp; principia diuidentibus haec. Pro</Unicode>
                </TextEquiv>
            </TextLine>
            <TextLine id="r3l56" custom="readingOrder {index:54;}">
                <Coords points="409,2758 1899,2765 1853,2698 409,2708"/>
                <Baseline points="419,2736 492,2735 566,2735 639,2733 713,2733 786,2733 860,2733 933,2733 1007,2733 1080,2733 1154,2735 1227,2735 1301,2735 1374,2736 1448,2736 1521,2738 1595,2738 1668,2738 1742,2738 1815,2738 1889,2738"/>
                <TextEquiv>
                    <Unicode>pter quod de talibus prius est verbum formabile in nobis, habendo scilicet de eis confusam cogni-</Unicode>
                </TextEquiv>
            </TextLine>
            <TextEquiv>
                <Unicode>gnoscitur, &amp; sub ratione intelligibilis cogniti discretiue, &amp; sub ratione qua est simplex notitia discre-
te cognita, &amp; sub ratione qua est intellectus discrete cognitus. Et secundum hoc in creaturis intelli
gentibus aliud a se, verbum non solum continet notitiam qua cognoscitur quid est cognitum vel quid 
quid est eius discretiue: sed qua cognoscitur ipse actus cognoscendi illud: qua scilicet cognoscitur sim
plici notitia. Et quando formatur verbum de notitia qua cognoscit seipsum, illa non solum continet
notitiam qua cognoscitur quid est: vel quod quid est circa cognitum in simplici notitia: &amp; qua co
gnoscitur ipsa notitia: sed qua cognoscitur intellectus quo cognoscit cognoscens illa notitia, &amp; per
hoc totus ipse cognoscens. Quod verbum in nobis maxime assimilatur verbo diuino, quod est notitia de-
claratiua secundum iam dictum modum: in qua secundum rationem (vt dictum est) sunt tria: intel-
lectus vt aspectus, notitia vt declaratiua, cognitum vt quid est: quemadmodum tria sunt in notitia
simplici quae pater est, scilicet intellectus vt simpliciter intellectus est, notitia vt simplex, cognitum
vt aliquid est. Et sunt penitus eadem secundum rem absolutam singula singulis &amp; singula omnibus
&amp; in patre &amp; in filio, distinctione solummodo habita in eis per habitudines siue respectus qui sunt
a quo &amp; qui ab: qui constituunt supposita in quibus illa habent esse. Notitia enim quae sub vna ra-
tione differt a seipsa sub alia ratione, ratione illa qua est notitia secundum aliam &amp; aliam rationem
non distingueret personas nisi absolutas &amp; secundum rationem tantum. Inquantum etiam consideran 
tur vt absoluta &amp; ratione sola differentia, vna non habet esse de altera vt terminus &amp; principium
alicuius productionis: quoniam in diuinis nihil absolutum est principiatum neque secundum se neque 
etiam in alio, secundum modum quo forma naturalis dicitur esse principiata: quia scilicet de potem
tia materiae alicuius a non esse ad esse in composito est producta. Vnde nihil absolutum debet conside
rari in diuinis vt ab &amp; a: quia nihil in illis est quod est ab, sicut terminus: nec quid est a quo, sicut pri
cipium actiuum productionis: sed debent illa absoluta differentia ratione considerari sicut funda-
mentum illorum respectuum, &amp; cum singulis respectibus constituentia singulas personas quae per
se sunt terminus &amp; principium productionis, subsistentes in illis absolutis differentibus secundum
rationem tantum: quae differentia secundum rationem tantum, est fundamentalis origo distinctionis suppositorum 
secundum rem: ita tamen quod sicut intellectus patris vt est intellectus simpliciter, semper est informa
tus notitia simplici ab ipsa diuina essentia, ipsa essentia quasi secundum rationem agente in intellectu ipsam sim
plicem notitiam: sic idem intellectus vt est aspectus semper &amp; immutabiliter conuersus ad seipsum
vt est notitia simplici informatus, semper est quasi informatus notitia declaratiua ab ipsa notitia
simplici: quae tria secundum rationem continet in patre, vt iam dictum est: ipsa tali secundum rem agen 
te in aspectu ipsam notitiam declaratiuam. Et ideo est imago illius continens in se tantummodo duo se
cundum rationem differentia, scilicet ipsum aspectum de quo quasi formata est, &amp; ipsam notitiam
formatam. Obiectum autem intelligibile de quo formatur simplex notitia, semper se tenet ex parte
notitiae simplicis &amp; eius a quo formatur declaratiua notitia: &amp; solummodo ex hoc quod haec est de illa se
cundum rem principiatiue formata, constituuntur diuersa supposita in ipsis subsistentia distincta
secundum rem. &amp; hoc ideo, quia hoc est esse ab secundum rem. Vbi enim est conuersio alicuius super ali
quid, oportet quod sint distincta secundum rem quoquo modo &amp; quod convertitur &amp; supra quod conuertitur:
cum tamen ex hoc quod de intellectu formatur simplex notitia ab essentia intellecta, est secundum ratio
nem tantum. Et similiter quod est ab &amp; id a quo est, habent esse diuersa secundum rationem tantum: quia hoc est es
se ab secundum rationem tantum: quia absque conuersione. Et secundum hoc magna est differentia inter
hanc generationem &amp; illam quae est in creaturis: in qua absolute diuersa sunt secundum rem in ge-
nerante &amp; genito, &amp; subiectum de quo, &amp; quoid de ipso educitur, quo constituitur genitum in esse. Sed 
minor est differentia huius generationis verbi in diuinis a generatione verbi in intellectu nostro &amp;
angelorum. In verbo enim nostro &amp; angeli quoquo modo diuersitas est secundum rem inter noti-
tiam genitam &amp; eam quae generat: propter quod non sine transmutatione verbum in nobis &amp; in 
angelis formatur, vt iam patebit. ⁋ Vt ergo modus generandi in diuinis iam tactus magis illucescat
iuxta dissimilem modum generandi verbum in nobis &amp; in angelis, sciendum est quod alius est modus
generandi verbum in nobis &amp; in angelis &amp; in deo, secundum quod alius est modus cognitionis ange
lis &amp; deo. Similiter in nobis alius &amp; alius est modus formandi verbum de alia &amp; alia re cognita.
Est enim nobis modus cognoscendi proprius (secundum dictum Philosophi in principio physicorum)
incipiendo a confusis. Sunt enim (vt dicit) nobis primum manifesta &amp; cognita confusa magis. &amp; hoc
in vita praesente prioritate temporis. Vnde cum de compositis in essentia sua complectentibus par
tes quae constituunt eorum definitiuas rationes dixisset, Primum nobis nota sunt confusa ma- 
gis. continuo adiecit. Posterius autem ex his nota fiunt elementa &amp; principia diuidentibus haec. Pro
pter quod de talibus prius est verbum formabile in nobis, habendo scilicet de eis confusam cogni-</Unicode>
            </TextEquiv>
        </TextRegion>
    </Page>
</PcGts>
