2017 3222
419 269 1922 332 qui est quod in, non adhuc passio secundum rationem illius respectus qui est quod in, aliquo modo recipitur in
428 325 1924 379 diuinis: quia non est talis respectus nisi circa motum. Solum igitur recipitur in diuinis secundum rationem illius re
422 365 1917 430 spectus quid est quod ab, mutato quod in qui. Propter quod passio in diuinis nullo modo recipitur secundum
427 407 1914 463 rationem generis: sed solummodo secundum rationem speciei: cum tamen actio vtroque modo recipiatur. secundum quod iam dictum est.
422 457 1910 509 Et ideo nec secundum naturam rei & proprietatem nominium, nec secundum vsum eloquii sanctorum & doctorum catho
431 503 1910 563 licorum generari est vera passio, sicut generare actio. Immo eam repellit Boethius cum dicit primo de triniitate. ca. xii.
418 547 1918 604 Si tamen passionem recipi in deo non oportet: neque enim vere sunt. Illam vero de actione recipit Augustinus sub vo
429 597 1908 649 cabulo facere, simul repellens illam de passione, cum dicit. v. de triniitate. ca. x. Quod ad faciendum attinet, for-
423 641 1919 700 tassis de solo deo verissime dicatur: solus enim deus facit neque patitur quantum ad eius substantiam parti
423 685 1906 742 net. Non ergo propter motum qui magis pertinet ad passionem quam ad actionem, est quod generatio actiua diuina
427 736 1914 790 vera est generatio & vera actio: generatio vero passiua licet sit vera generatio, non tamen est vera passio
424 775 1915 836 sed quia respectus qui importatur nomine actionis & ratione generis & ratione speciei transferatur ad generationem acti
435 827 1924 881 uam in diuinis: non autem respectus quid importatur nomine passionis: nisi quo ad illum quid convenit ei ratione speciei.
437 869 1913 928 Quod totum verum est intelligendo praedicamenta actionis & passionis constitui & distingui penes respectus
442 915 1907 972 qui sunt a quo & in quod, circa motum: secundum quem modum vsitantur in creaturis. Si tamen intelligantur distigui
439 957 1918 1016 penes respectus quid sunt a quo & quod ab siue qui ab, sic non solum intelligimus in creaturis quod ab est, ali
440 1003 1919 1060 quod productum per motum aut mutationem: sed etiam ipsum motum. tunc actio & passio sunt genera ad omnem
433 1051 1911 1109 productionem & operationem quae est sine productione tam in creaturis quam in diuinis: & aeque proprie praedicamen
433 1095 1922 1147 tum passionis cadit in diuinis penes respectum quod vel qui ab, sicut praedicamentum actionis penes respe
434 1139 1925 1196 ctum a quo. ⁋ Ad cuius intellectum sic vtendo nomine actionis & passionis, sciendum est de actione (& idem in
428 1184 1926 1246 telligendum de passione) quod actionum quaedam est operatio, vt est illa a qua non relinquitur aliquod operatum.
447 1231 1919 1292 Quaedam vero est productio: vt est illa a qua relinquitur operatum. Actionis autem quae est operatio, quaedam
423 1276 1914 1328 est motus vel non sine motu: vt est omnis operatio naturalis in creaturis: sed quandoque est motus corpora-
422 1322 1917 1381 lis, vt est citharizatio: quandoque vero spiritualis, vt est intellectio aut volitio: quaedam vero non motus & omni-
422 1368 1919 1420 no est sine motu, vt est omnis opeatio in diuinis manens intra, vt est diuina intellectio aut volitio. Actio
422 1414 1920 1465 nis autem quae est productio, quaedam est naturalis quae est generatio: & hoc vel simpliciter, vt est
425 1459 1923 1510 illa quae est secundum substantiam & in deo & in creaturis: vel aliqualis, vt est illa quae accidentium in solis
425 1504 1914 1555 creaturis: quae dicitur alteratio in qualitatibus, augmentum vel diminutio in quantitatibus. Quaedam vero est vo
426 1550 1920 1604 luntaria tam in deo quam in creaturis: cuiusmodi actio in creaturis est aedificatio, & in deo creatio. Et sic si
428 1598 1911 1654 cut in diuinis generare est, proprie agere, quia eius est a quo est alius: sic & generari proprie est pati: quod est eius
437 1641 1923 1697 qui ab alio obiectiue: licet non eius quod in alio subiectiue, quod proprie facit passionem, quae est in solis creatu
429 1690 1914 1748 ris. Et loquendo de hoc modo passionis intelliguntur auctoritates praedictae. ⁋ Ad quartum, quod potentia ge
446 1729 1926 1792 nerandi passiue quia est passiua per se convenit materiae & nulli nisi materiae aut per ipsam: & ideo per se
436 1780 1923 1830 est proprietas eius: quare in diuinis per se est in diuina essentia & proprietas essentiae, quae ibi est quasi mate
441 1823 1923 1882 ria: Dicendum secundum praedicta quod posse generari subiectiue per se convenit materiae vel quasi & nulli alii: & sic
434 1869 1921 1926 posse generari in diuinis bene verum est quod soli essentiae inest, & proprietas eius est: sed secundum rationem tantum: secundum
443 1918 1922 1973 quod est potentia secundum rationem tantum secundum praedictum modum: qualem non est inconveniens attribuere essentiae: quem
435 1960 1926 2018 admodum ei attribuitur bonitas aut sapientia sicut proprietas. Posse vero generari obiectiue inest ipsi geni-
444 2005 1914 2052 to: sed secundum duplicem ordinem secundum praedicta, quia & secundum ordinem ad id de quo generatur, & secundum
441 2051 1923 2099 ordinem ad generantem. Et secundum vtrumque ordinem posse generari est in generato vt in filio siue in verbo:
443 2096 1907 2144 sed secundum primum ordinem est in ipso secundum ratione tantum: quia est aliquid differens ab eo sola ratione: & ide
433 2142 1919 2204 per hunc ordinem est proprietas secundum rationem solum. Secundum ordinem vero secundum est in ipso secundum rem: quia ad
438 2188 1923 2247 eum qui secundum rem ab ipso distinguitur: & ideo secundum hunc ordinem solummodo habet rationem proprietatis no-
439 2229 1913 2296 tionalis, & est solius filii & in solo filio, sicut & posse generare ipsi oppositum est proprietas solius patris &
440 2278 1915 2338 in patre existens. Et reducitur posse generari vt est, proprietas filii, ad generari non secundum ordinem quem habet ge
442 2325 1923 2384 nitum & ad id de quo generatur: sed secundum ordinem ad eum a quo generatur. sic enim posse generari obiectiue redu
433 2366 1924 2419 citur ad generari sibi respondens. Vnde magna quasi aequiuocatio est in generari & posse generari: quae non
445 2414 1908 2469 est in generare & posse generare: propter quod multo difficilior est quaestio de generari & posse generari, & in quo
443 2463 1926 2509 sit & cuius proprietas: quam de generare & posse generare: quia difficultas quae est circa posse generare, propter quam videtur
437 2505 1928 2567 quibusdam esse non tantum in pre: sed etiam in filio: eadem est circa posse generari: quia quae ratione posse generare siue potentia
433 2553 1916 2607 generandi possit poni esse in filio, eadem ratione & posse generari potest poni esse in pre. & hoc loquendo de posse siue
436 2597 1921 2658 potentia secundum quod est proprietas. illud enim non ponitur nisi quia creditur quod eadem sit potentia generandi actue & passi
436 2644 1923 2703 ue sicut eadem est essentia. Sed de hoc expeditum est superius. Specialis autem est difficultas circa posse gnari
433 2689 1920 2738 siue circa potentiam generandi passiue, quae non est circa potentiam generandi actiue: de quo expe-
419 2731 1923 2797 ditum est modo. ⁋ Ad quintum, quod potentia generandi passiue est in patre vt proprietas eius: quia non
