<?xml version="1.0" encoding="UTF-8" standalone="yes"?>
<PcGts xmlns="http://schema.primaresearch.org/PAGE/gts/pagecontent/2013-07-15" xmlns:xsi="http://www.w3.org/2001/XMLSchema-instance" xsi:schemaLocation="http://schema.primaresearch.org/PAGE/gts/pagecontent/2013-07-15 http://schema.primaresearch.org/PAGE/gts/pagecontent/2013-07-15/pagecontent.xsd">
    <Metadata>
        <Creator>prov=University of Rostock/Institute of Mathematics/CITlab|PLANET AI GmbH/Gundram Leifert/gundram.leifert@planet-ai.de:name=Badius1520-m2(htr_id=24043)::::v=2.6.6
prov=University of Rostock/Institute of Mathematics/CITlab|PLANET AI GmbH/Tobias Gruening/tobias.gruening@planet-ai.de:name=de.uros.citlab.module.baseline2polygon.B2PSeamMultiOriented:v=2.6.6
prov=University of Rostock/Institute of Mathematics/CITlab|PLANET AI GmbH/Tobias Gruening/tobias.gruening@planet-ai.de:name=/net_tf/LA73_249_0mod360.pb:de.uros.citlab.segmentation.CITlab_LA_ML:v=2.6.6
Transkribus</Creator>
        <Created>2020-04-15T01:42:35.655+02:00</Created>
        <LastChange>2020-05-22T22:06:57.319+02:00</LastChange>
        <TranskribusMetadata docId="369791" pageId="14432595" pageNr="308" tsid="29522597" status="IN_PROGRESS" userId="25065" imgUrl="https://files.transkribus.eu/Get?id=JNIMBBXLHTRREOMDUHXBSHFB&amp;fileType=view" xmlUrl="https://files.transkribus.eu/Get?id=TVMBPFBTULGVNYFYBUZZEBWF" imageId="10395745"/>
    </Metadata>
    <Page imageFilename="307.jpg" imageWidth="2017" imageHeight="3193">
        <ReadingOrder>
            <OrderedGroup id="ro_1590235570299" caption="Regions reading order">
                <RegionRefIndexed index="0" regionRef="TextRegion_1588961045588_736"/>
            </OrderedGroup>
        </ReadingOrder>
        <TextRegion orientation="0.0" id="TextRegion_1588961045588_736" custom="readingOrder {index:0;}">
            <Coords points="449,283 1923,283 1923,2789 449,2789"/>
            <TextLine id="r3l2" custom="readingOrder {index:0;}">
                <Coords points="441,347 1921,336 1920,265 441,286"/>
                <Baseline points="450,335 523,335 596,336 669,336 742,335 815,335 888,335 961,335 1034,333 1107,333 1180,332 1253,332 1326,330 1399,330 1472,329 1545,329 1618,327 1691,327 1764,327 1837,327 1911,327"/>
                <TextEquiv>
                    <Unicode>admodum generare &amp; generatiuum esse, vt habitum est supra. Et hoc modo nec imago nec ver</Unicode>
                </TextEquiv>
            </TextLine>
            <TextLine id="r3l3" custom="readingOrder {index:1;}">
                <Coords points="443,388 1919,382 1907,334 443,344"/>
                <Baseline points="452,380 524,381 597,381 670,381 743,381 816,381 889,380 962,380 1035,378 1108,378 1181,377 1253,377 1326,375 1399,375 1472,374 1545,374 1618,374 1691,374 1764,374 1837,374 1910,375"/>
                <TextEquiv>
                    <Unicode>bum nec aliquid aliud potest dici proprietas filii, etsi secundum rem sint idem cum, proprietate constitutiua per </Unicode>
                </TextEquiv>
            </TextLine>
            <TextLine id="r3l4" custom="readingOrder {index:2;}">
                <Coords points="440,439 1879,434 1923,379 439,389"/>
                <Baseline points="449,425 522,425 595,425 668,425 741,425 815,425 888,425 961,425 1034,425 1107,423 1181,423 1254,422 1327,422 1400,420 1473,420 1547,419 1620,419 1693,417 1766,417 1839,416 1913,416"/>
                <TextEquiv>
                    <Unicode>sonae filii: &amp; differunt ab illa sola ratione: quoniam id quod ponunt non est aliquid pertinens ad personae constitutionem</Unicode>
                </TextEquiv>
            </TextLine>
            <TextLine id="r3l5" custom="readingOrder {index:3;}">
                <Coords points="446,480 1907,471 1906,429 1811,426 445,437"/>
                <Baseline points="455,471 527,471 599,471 671,471 743,470 815,470 887,470 960,470 1032,468 1104,468 1176,468 1248,467 1320,467 1392,466 1465,465 1537,465 1609,464 1681,464 1753,462 1825,462 1898,462"/>
                <TextEquiv>
                    <Unicode>&amp; distinctionem tamquam quo constituitur &amp; distinguitur. Vnde secundo modo imago est proprietas filii: quia licet ratio</Unicode>
                </TextEquiv>
            </TextLine>
            <TextLine id="r3l6" custom="readingOrder {index:4;}">
                <Coords points="450,522 1911,517 1910,471 1802,468 449,479"/>
                <Baseline points="458,515 530,516 602,516 674,516 746,516 818,515 890,515 963,515 1035,514 1107,513 1179,513 1251,512 1323,512 1395,510 1468,510 1540,509 1612,509 1684,509 1756,507 1828,507 1901,507"/>
                <TextEquiv>
                    <Unicode>imaginis non sit constitutiua personae filii, nec cadit in idem re, notionaliter sumendo rem, cum eo quod est con</Unicode>
                </TextEquiv>
            </TextLine>
            <TextLine id="r3l7" custom="readingOrder {index:5;}">
                <Coords points="444,574 1916,564 1904,514 443,524"/>
                <Baseline points="452,560 524,560 597,560 670,561 743,561 815,560 888,560 961,560 1034,560 1106,559 1179,558 1252,558 1325,557 1397,557 1470,556 1543,555 1616,555 1688,554 1761,554 1834,554 1907,554"/>
                <TextEquiv>
                    <Unicode>stitutiuum personae filii, sicut cum generatiuo in patre inquantum est proprietas constitutiua personae patris ca</Unicode>
                </TextEquiv>
            </TextLine>
            <TextLine id="r3l8" custom="readingOrder {index:6;}">
                <Coords points="448,622 1715,621 1905,610 1905,566 447,572"/>
                <Baseline points="456,606 531,606 607,605 683,605 758,605 834,605 910,605 986,605 1061,603 1137,603 1213,603 1289,603 1364,602 1440,602 1516,601 1592,600 1667,600 1743,599 1819,599 1895,597"/>
                <TextEquiv>
                    <Unicode>dunt in idem re notionaliter non solum essentialiter sumendo rem, potentia generandi &amp; generare &amp;</Unicode>
                </TextEquiv>
            </TextLine>
            <TextLine id="r3l9" custom="readingOrder {index:7;}">
                <Coords points="458,662 1917,662 1916,605 457,623"/>
                <Baseline points="467,650 539,651 611,651 683,651 755,651 827,651 899,650 971,650 1043,648 1115,648 1187,648 1259,647 1331,647 1403,645 1475,645 1547,644 1619,644 1691,644 1763,644 1835,644 1908,644"/>
                <TextEquiv>
                    <Unicode>paternitas, vt habitum est supra: conuenit tamen ratio imaginis filio ratione eius quod est consti</Unicode>
                </TextEquiv>
            </TextLine>
            <TextLine id="r3l10" custom="readingOrder {index:8;}">
                <Coords points="450,714 1926,706 1890,653 450,668"/>
                <Baseline points="458,695 530,695 603,696 676,696 749,696 822,696 895,695 968,695 1041,695 1114,693 1187,693 1259,692 1332,692 1405,691 1478,690 1551,690 1624,690 1697,690 1770,690 1843,690 1916,690"/>
                <TextEquiv>
                    <Unicode>tutiuum personae ipsius scilicet ratione eius quod est generari siue generatum esse. Ex eo enim quod filius procedit modo </Unicode>
                </TextEquiv>
            </TextLine>
            <TextLine id="r3l11" custom="readingOrder {index:9;}">
                <Coords points="445,760 1921,742 1880,698 445,703"/>
                <Baseline points="455,741 527,741 600,741 673,741 746,740 819,740 891,740 964,740 1037,738 1110,738 1183,737 1255,737 1328,737 1401,735 1474,735 1547,735 1619,734 1692,734 1765,734 1838,734 1911,734"/>
                <TextEquiv>
                    <Unicode>generationis naturalis: &amp; secundum rationem assimilandi &amp; vt simie, dicitur similitudo &amp; imago patris a quo </Unicode>
                </TextEquiv>
            </TextLine>
            <TextLine id="r3l12" custom="readingOrder {index:10;}">
                <Coords points="455,797 1926,787 1925,739 455,759"/>
                <Baseline points="464,785 536,785 609,785 681,785 754,785 827,785 899,785 972,785 1045,783 1117,783 1190,783 1263,782 1335,782 1408,782 1481,780 1553,780 1626,780 1699,780 1771,780 1844,780 1917,780"/>
                <TextEquiv>
                    <Unicode>procedit. Natura enim est vis insita rebus ex similibus similia producens. Dico autem secundum rationem</Unicode>
                </TextEquiv>
            </TextLine>
            <TextLine id="r3l13" custom="readingOrder {index:11;}">
                <Coords points="446,841 1818,846 1921,839 1921,786 445,802"/>
                <Baseline points="455,831 527,831 600,831 673,831 746,830 819,830 892,830 965,830 1038,828 1111,828 1184,827 1256,827 1329,827 1402,825 1475,825 1548,825 1621,824 1694,824 1767,824 1840,824 1913,824"/>
                <TextEquiv>
                    <Unicode>assimilandi prout comprehendit assimilationem secundum quamlibet speciem qualitatis: vt scilicet simili</Unicode>
                </TextEquiv>
            </TextLine>
            <TextLine id="r3l14" custom="readingOrder {index:12;}">
                <Coords points="444,895 1853,890 1923,879 1923,838 444,845"/>
                <Baseline points="452,875 525,876 598,876 671,876 744,876 817,876 890,875 963,875 1036,875 1109,873 1183,873 1256,872 1329,872 1402,871 1475,870 1548,870 1621,870 1694,869 1767,869 1840,870 1914,870"/>
                <TextEquiv>
                    <Unicode>tudo quae proprie dicitur secundum tres primas species qualitatis: est comprehendit rationem imaginis</Unicode>
                </TextEquiv>
            </TextLine>
            <TextLine id="r3l15" custom="readingOrder {index:13;}">
                <Coords points="449,939 1851,939 1923,926 1923,878 449,891"/>
                <Baseline points="458,921 530,921 603,921 676,921 749,921 821,920 894,920 967,920 1040,918 1112,918 1185,918 1258,917 1331,917 1403,917 1476,917 1549,915 1622,915 1694,915 1767,915 1840,915 1913,917"/>
                <TextEquiv>
                    <Unicode>quae dicitur proprie secundum quartam speciem qualitatis. Et sic imago seu similitudo est proprietas filii</Unicode>
                </TextEquiv>
            </TextLine>
            <TextLine id="r3l16" custom="readingOrder {index:14;}">
                <Coords points="442,973 1871,985 1932,980 1932,934 441,936"/>
                <Baseline points="450,965 523,965 597,966 670,966 744,966 818,965 891,965 965,965 1039,965 1112,963 1186,963 1260,962 1333,962 1407,962 1481,962 1554,962 1628,962 1702,962 1775,962 1849,963 1923,963"/>
                <TextEquiv>
                    <Unicode>non ratione substantiae eius aut eorum quae sunt substantialia in ipsa. Ratione enim illorum quae </Unicode>
                </TextEquiv>
            </TextLine>
            <TextLine id="r3l17" custom="readingOrder {index:15;}">
                <Coords points="440,1026 1929,1022 1894,969 440,974"/>
                <Baseline points="449,1010 522,1011 596,1011 669,1011 743,1011 816,1010 890,1010 963,1010 1037,1009 1110,1008 1184,1008 1257,1007 1331,1007 1404,1007 1478,1005 1551,1005 1625,1005 1698,1005 1772,1005 1845,1005 1919,1007"/>
                <TextEquiv>
                    <Unicode>libet personarum dicitur similis alteri: de qua similitudine inferius sermo est habendus: sicut &amp; de</Unicode>
                </TextEquiv>
            </TextLine>
            <TextLine id="r3l18" custom="readingOrder {index:16;}">
                <Coords points="441,1067 1920,1065 1898,1014 441,1019"/>
                <Baseline points="450,1056 523,1056 596,1056 669,1056 742,1056 815,1056 888,1056 961,1055 1034,1055 1107,1053 1180,1053 1253,1053 1326,1052 1399,1052 1472,1052 1545,1052 1618,1052 1691,1052 1764,1052 1837,1052 1911,1053"/>
                <TextEquiv>
                    <Unicode>aequalitate. Sed tali similitudine nulla diuinarum personarum dicitur esse similitudo alterius, de qua </Unicode>
                </TextEquiv>
            </TextLine>
            <TextLine id="r3l19" custom="readingOrder {index:17;}">
                <Coords points="442,1119 1922,1108 1898,1060 442,1063"/>
                <Baseline points="452,1100 525,1100 598,1101 671,1101 744,1101 817,1101 890,1100 963,1100 1036,1100 1109,1098 1182,1098 1255,1098 1328,1097 1401,1097 1474,1097 1547,1097 1620,1097 1693,1097 1766,1097 1839,1097 1913,1098"/>
                <TextEquiv>
                    <Unicode>hic sermo est: immo quod filius sic dicitur similitudo aut imago patris, hoc ei convenit ex suo modo </Unicode>
                </TextEquiv>
            </TextLine>
            <TextLine id="r3l20" custom="readingOrder {index:18;}">
                <Coords points="450,1165 1907,1160 1922,1110 450,1119"/>
                <Baseline points="458,1146 530,1146 603,1146 676,1146 749,1146 821,1145 894,1145 967,1145 1040,1144 1112,1143 1185,1143 1258,1143 1331,1142 1403,1142 1476,1142 1549,1142 1622,1142 1694,1142 1767,1143 1840,1143 1913,1143"/>
                <TextEquiv>
                    <Unicode>procedendi: &amp; sic ratione eius quod est constitutiuum &amp; distinctiuum personae filii a persona patris: &amp; hoc</Unicode>
                </TextEquiv>
            </TextLine>
            <TextLine id="r3l21" custom="readingOrder {index:19;}">
                <Coords points="456,1207 1932,1205 1931,1152 1852,1149 456,1163"/>
                <Baseline points="464,1191 540,1191 617,1191 694,1191 771,1191 847,1190 924,1190 1001,1190 1078,1190 1155,1188 1231,1188 1308,1188 1385,1188 1462,1187 1539,1187 1615,1187 1692,1187 1769,1187 1846,1187 1923,1188"/>
                <TextEquiv>
                    <Unicode>quodammodo quemadmodum risibile &amp; vniuersaliter proprium suum conuenit cuilibet speciei in creatu</Unicode>
                </TextEquiv>
            </TextLine>
            <TextLine id="r3l22" custom="readingOrder {index:20;}">
                <Coords points="443,1249 1873,1256 1930,1204 443,1206"/>
                <Baseline points="453,1238 526,1238 599,1238 673,1238 746,1238 819,1236 893,1236 966,1236 1039,1235 1113,1235 1186,1233 1259,1233 1333,1233 1406,1232 1479,1232 1553,1232 1626,1232 1699,1232 1773,1232 1846,1233 1920,1233"/>
                <TextEquiv>
                    <Unicode>ris ratione suae differentiae specisicae. vt secundum hoc in diuinis imago vel similitudo magis habet</Unicode>
                </TextEquiv>
            </TextLine>
            <TextLine id="r3l23" custom="readingOrder {index:21;}">
                <Coords points="452,1302 1900,1298 1920,1242 452,1253"/>
                <Baseline points="461,1283 533,1283 606,1283 678,1281 751,1281 823,1281 896,1281 968,1280 1041,1280 1113,1280 1186,1278 1258,1278 1331,1278 1403,1277 1476,1277 1548,1277 1621,1277 1693,1277 1766,1277 1838,1278 1911,1278"/>
                <TextEquiv>
                    <Unicode>rationem, proprii in diuinis quam proprietas constitutiua personae filii: &amp; illa magis habet rationem dicitriae. Et est</Unicode>
                </TextEquiv>
            </TextLine>
            <TextLine id="r3l24" custom="readingOrder {index:22;}">
                <Coords points="464,1336 1933,1341 1932,1295 1873,1284 464,1295"/>
                <Baseline points="473,1328 545,1328 618,1328 690,1326 763,1326 835,1326 908,1325 980,1325 1053,1325 1125,1323 1198,1323 1270,1323 1343,1323 1415,1323 1488,1323 1560,1322 1633,1322 1705,1323 1778,1323 1850,1323 1923,1323"/>
                <TextEquiv>
                    <Unicode>duertendum quod cum filius procedit vt filius modo naturae simpliciter: vt verbum autem procedit mo- </Unicode>
                </TextEquiv>
            </TextLine>
            <TextLine id="r3l25" custom="readingOrder {index:23;}">
                <Coords points="452,1379 1922,1387 1902,1330 452,1334"/>
                <Baseline points="461,1373 533,1373 606,1371 678,1371 751,1370 824,1370 896,1370 969,1370 1041,1368 1114,1368 1187,1368 1259,1368 1332,1368 1404,1368 1477,1368 1550,1368 1622,1368 1695,1368 1767,1368 1840,1368 1913,1368"/>
                <TextEquiv>
                    <Unicode>do naturae intellectualis, inquantum procedit modo naturae simpliciter, principaliter ei convenit</Unicode>
                </TextEquiv>
            </TextLine>
            <TextLine id="r3l26" custom="readingOrder {index:24;}">
                <Coords points="447,1428 1907,1430 1921,1386 447,1389"/>
                <Baseline points="456,1419 528,1419 601,1418 674,1418 747,1416 820,1416 893,1415 965,1415 1038,1414 1111,1413 1184,1413 1257,1413 1330,1413 1403,1413 1475,1413 1548,1413 1621,1413 1694,1413 1767,1413 1840,1415 1913,1415"/>
                <TextEquiv>
                    <Unicode>quod sit similitudo aut imago. Quoniam procedens modo naturae simpliciter in corporalibus &amp; natura</Unicode>
                </TextEquiv>
            </TextLine>
            <TextLine id="r3l27" custom="readingOrder {index:25;}">
                <Coords points="455,1472 1815,1482 1922,1472 1922,1424 455,1432"/>
                <Baseline points="465,1464 537,1463 609,1463 682,1461 754,1461 827,1461 899,1460 971,1460 1044,1458 1116,1458 1189,1458 1261,1458 1333,1457 1406,1457 1478,1457 1551,1457 1623,1457 1695,1458 1768,1458 1840,1458 1913,1460"/>
                <TextEquiv>
                    <Unicode>libus absque processu modo intellectuali, procedit vt similitudo &amp; imago. Quae ratio imaginis in cor</Unicode>
                </TextEquiv>
            </TextLine>
            <TextLine id="r3l28" custom="readingOrder {index:26;}">
                <Coords points="455,1526 1781,1525 1925,1512 1925,1471 455,1480"/>
                <Baseline points="464,1509 536,1509 609,1508 681,1506 754,1506 827,1506 899,1505 972,1505 1044,1504 1117,1503 1190,1503 1262,1503 1335,1503 1407,1503 1480,1503 1553,1503 1625,1503 1698,1503 1770,1503 1843,1505 1916,1505"/>
                <TextEquiv>
                    <Unicode>poralibus, includit in se rationem figurae &amp; characteris. Generatio enim naturalis &amp; processus modo </Unicode>
                </TextEquiv>
            </TextLine>
            <TextLine id="r3l29" custom="readingOrder {index:27;}">
                <Coords points="447,1561 1844,1571 1932,1556 1932,1508 447,1528"/>
                <Baseline points="456,1554 529,1553 602,1553 676,1551 749,1551 822,1551 896,1550 969,1550 1042,1550 1116,1550 1189,1548 1262,1548 1336,1548 1409,1548 1482,1548 1556,1548 1629,1548 1702,1548 1776,1548 1849,1550 1923,1550"/>
                <TextEquiv>
                    <Unicode>naturae sit impressione quadam formae in materia in rebus naturalibus ad modum aliqualiter quo si-</Unicode>
                </TextEquiv>
            </TextLine>
            <TextLine id="r3l30" custom="readingOrder {index:28;}">
                <Coords points="458,1616 1831,1616 1927,1612 1927,1560 458,1567"/>
                <Baseline points="467,1601 539,1599 612,1598 684,1598 757,1596 829,1596 902,1595 974,1595 1047,1595 1119,1593 1192,1593 1264,1593 1337,1593 1409,1593 1482,1593 1554,1593 1627,1594 1699,1595 1772,1595 1844,1595 1917,1596"/>
                <TextEquiv>
                    <Unicode>gillum similitudinem &amp; imaginem suam imprimit in caeram mollem configurando &amp; characterizando eam si</Unicode>
                </TextEquiv>
            </TextLine>
            <TextLine id="r3l31" custom="readingOrder {index:29;}">
                <Coords points="445,1655 1928,1649 1884,1603 445,1611"/>
                <Baseline points="455,1646 528,1644 601,1643 674,1643 748,1641 821,1641 894,1640 967,1640 1041,1640 1114,1639 1187,1638 1260,1638 1334,1638 1407,1638 1480,1638 1553,1638 1627,1640 1700,1640 1773,1640 1846,1640 1920,1641"/>
                <TextEquiv>
                    <Unicode>bi. Aquibus ratio imaginis, figurae, &amp; characteris, &amp; talium tranffertur ad diuina: vt filius ratione processus</Unicode>
                </TextEquiv>
            </TextLine>
            <TextLine id="r3l32" custom="readingOrder {index:30;}">
                <Coords points="447,1700 1796,1709 1923,1694 1923,1650 447,1654"/>
                <Baseline points="456,1689 528,1689 601,1688 674,1688 747,1686 820,1686 893,1685 966,1685 1039,1685 1112,1685 1185,1685 1257,1685 1330,1685 1403,1685 1476,1685 1549,1685 1622,1685 1695,1685 1768,1686 1841,1686 1914,1688"/>
                <TextEquiv>
                    <Unicode>modo generationis naturalis simpliciter proprie dicatur imago &amp; figura &amp; character patris. vt quia proces-</Unicode>
                </TextEquiv>
            </TextLine>
            <TextLine id="r3l33" custom="readingOrder {index:31;}">
                <Coords points="454,1744 1932,1735 1931,1692 454,1700"/>
                <Baseline points="464,1734 540,1733 617,1733 694,1731 771,1731 847,1731 924,1730 1001,1730 1078,1730 1155,1730 1231,1730 1308,1730 1385,1730 1462,1730 1539,1730 1615,1730 1692,1730 1769,1731 1846,1731 1923,1731"/>
                <TextEquiv>
                    <Unicode>sus naturalis modo intellectuali quasi addit aliquid supra modum procedendi modo naturali simpliciter, idcirco</Unicode>
                </TextEquiv>
            </TextLine>
            <TextLine id="r3l34" custom="readingOrder {index:32;}">
                <Coords points="444,1797 1923,1789 1884,1739 444,1744"/>
                <Baseline points="452,1781 525,1779 598,1779 671,1778 744,1778 817,1776 890,1776 963,1776 1036,1775 1109,1775 1183,1775 1256,1775 1329,1775 1402,1775 1475,1775 1548,1775 1621,1775 1694,1776 1767,1776 1840,1778 1914,1778"/>
                <TextEquiv>
                    <Unicode>secundum rationem processus ille qui est modo naturae simpliciter, &amp; id quid per se ratione eius convenit procedenti, primum secundum</Unicode>
                </TextEquiv>
            </TextLine>
            <TextLine id="r3l35" custom="readingOrder {index:33;}">
                <Coords points="454,1831 1913,1840 1926,1788 454,1798"/>
                <Baseline points="464,1824 536,1824 609,1823 681,1823 754,1821 827,1821 899,1821 972,1820 1045,1820 1117,1820 1190,1820 1263,1820 1335,1820 1408,1820 1481,1820 1553,1820 1626,1820 1699,1821 1771,1821 1844,1822 1917,1823"/>
                <TextEquiv>
                    <Unicode>rationem est respectu modi procedendi modo intellectuali, &amp; eius quod procedenti ratione illius convenit. Nunc autem </Unicode>
                </TextEquiv>
            </TextLine>
            <TextLine id="r3l36" custom="readingOrder {index:34;}">
                <Coords points="463,1879 1924,1877 1924,1839 1850,1829 463,1833"/>
                <Baseline points="471,1869 543,1869 615,1868 687,1868 759,1866 831,1866 903,1866 976,1865 1048,1865 1120,1865 1192,1865 1264,1865 1336,1865 1408,1865 1481,1865 1553,1865 1625,1866 1697,1866 1769,1866 1841,1868 1914,1868"/>
                <TextEquiv>
                    <Unicode>sicut filio inquantum est filius ratione processus modo naturae simpliciter: vt ratione suae proprieta-</Unicode>
                </TextEquiv>
            </TextLine>
            <TextLine id="r3l37" custom="readingOrder {index:35;}">
                <Coords points="457,1921 1929,1925 1887,1874 457,1880"/>
                <Baseline points="467,1914 539,1914 612,1913 684,1913 757,1913 830,1911 902,1911 975,1911 1048,1911 1120,1910 1193,1910 1266,1910 1338,1910 1411,1910 1484,1910 1556,1910 1629,1910 1702,1911 1774,1911 1847,1911 1920,1913"/>
                <TextEquiv>
                    <Unicode>tis constitutiuae personae inquantum est filius simpliciter, conuenit quod sit imago figura &amp; character: sic</Unicode>
                </TextEquiv>
            </TextLine>
            <TextLine id="r3l38" custom="readingOrder {index:36;}">
                <Coords points="459,1971 1917,1971 1917,1923 1865,1918 459,1921"/>
                <Baseline points="468,1959 543,1959 619,1958 695,1958 770,1958 846,1956 922,1956 998,1956 1073,1956 1149,1956 1225,1955 1301,1955 1376,1956 1452,1956 1528,1956 1604,1956 1679,1956 1755,1956 1831,1958 1907,1958"/>
                <TextEquiv>
                    <Unicode>eidem inquantum est verbum ratione processus sui modo naturae intellectualis, vt ratione proprietatis eiusdem consti-</Unicode>
                </TextEquiv>
            </TextLine>
            <TextLine id="r3l39" custom="readingOrder {index:37;}">
                <Coords points="452,2015 1926,2014 1926,1969 1813,1964 452,1969"/>
                <Baseline points="461,2006 533,2004 606,2004 679,2003 752,2003 825,2001 897,2001 970,2001 1043,2001 1116,2000 1189,2000 1261,2000 1334,2000 1407,2001 1480,2001 1553,2001 1625,2001 1698,2001 1771,2003 1844,2003 1917,2004"/>
                <TextEquiv>
                    <Unicode>tutiuae personae eiusdem inquantum est verbum, conuenit quod sit splendor candor lux aut lumen. Primum er</Unicode>
                </TextEquiv>
            </TextLine>
            <TextLine id="r3l40" custom="readingOrder {index:38;}">
                <Coords points="452,2070 1911,2067 1926,2013 452,2015"/>
                <Baseline points="461,2051 533,2049 606,2049 679,2049 752,2048 824,2048 897,2048 970,2048 1043,2046 1115,2046 1188,2046 1261,2046 1334,2046 1406,2046 1479,2046 1552,2046 1625,2046 1697,2048 1770,2048 1843,2049 1916,2049"/>
                <TextEquiv>
                    <Unicode>go secundum rationem sunt generatum esse quo constituitur persona filii vt est filius &amp; imago figura siue</Unicode>
                </TextEquiv>
            </TextLine>
            <TextLine id="r3l41" custom="readingOrder {index:39;}">
                <Coords points="452,2106 1762,2117 1924,2106 1924,2065 452,2067"/>
                <Baseline points="461,2093 533,2094 606,2094 678,2094 751,2094 824,2093 896,2093 969,2093 1042,2093 1114,2091 1187,2091 1260,2091 1332,2091 1405,2091 1478,2091 1550,2091 1623,2091 1696,2093 1768,2093 1841,2094 1914,2096"/>
                <TextEquiv>
                    <Unicode>character: quae rationem eandem vnius proprietatis important respectu eius quod est dictum esse, quo con</Unicode>
                </TextEquiv>
            </TextLine>
            <TextLine id="r3l42" custom="readingOrder {index:40;}">
                <Coords points="455,2148 1926,2155 1900,2102 455,2106"/>
                <Baseline points="464,2139 536,2139 609,2139 681,2139 754,2139 827,2139 899,2138 972,2138 1044,2138 1117,2138 1190,2138 1262,2138 1335,2138 1407,2138 1480,2138 1553,2138 1625,2138 1698,2138 1770,2139 1843,2139 1916,2141"/>
                <TextEquiv>
                    <Unicode>stituitur persona verbi vt est verbum &amp; splendor candor lux siue lumen. Sicut enim idem sunt re differentia</Unicode>
                </TextEquiv>
            </TextLine>
            <TextLine id="r3l43" custom="readingOrder {index:41;}">
                <Coords points="452,2195 1926,2194 1926,2155 1762,2145 452,2149"/>
                <Baseline points="461,2186 533,2186 606,2186 679,2184 752,2184 825,2184 897,2184 970,2184 1043,2183 1116,2183 1189,2183 1261,2183 1334,2181 1407,2181 1480,2181 1553,2181 1625,2183 1698,2183 1771,2183 1844,2184 1917,2184"/>
                <TextEquiv>
                    <Unicode>sola ratione generare &amp; dicere, vt actus productiui: similiter filius &amp; verbum secundum supius deter-</Unicode>
                </TextEquiv>
            </TextLine>
            <TextLine id="r3l44" custom="readingOrder {index:42;}">
                <Coords points="446,2242 1922,2242 1922,2204 1839,2191 446,2198"/>
                <Baseline points="455,2229 527,2229 600,2229 673,2229 746,2229 819,2228 892,2228 965,2228 1038,2228 1111,2228 1184,2228 1256,2228 1329,2228 1402,2228 1475,2228 1548,2228 1621,2228 1694,2228 1767,2229 1840,2229 1913,2231"/>
                <TextEquiv>
                    <Unicode>minata sic idem sunt re: &amp; sunt eadem notio constitutiua personae eiusdem secundum rem generatum esse &amp;</Unicode>
                </TextEquiv>
            </TextLine>
            <TextLine id="r3l45" custom="readingOrder {index:43;}">
                <Coords points="450,2286 1926,2289 1808,2236 450,2240"/>
                <Baseline points="459,2273 531,2274 604,2274 677,2276 750,2276 823,2276 896,2274 969,2274 1042,2274 1115,2274 1188,2273 1260,2273 1333,2273 1406,2273 1479,2273 1552,2273 1625,2273 1698,2274 1771,2274 1844,2276 1917,2277"/>
                <TextEquiv>
                    <Unicode>dictum esse. Et similiter eadem proprietas consequens ex eo quod est constitutiuum personae, sunt imago, figura,</Unicode>
                </TextEquiv>
            </TextLine>
            <TextLine id="r3l46" custom="readingOrder {index:44;}">
                <Coords points="455,2335 1918,2329 1888,2283 455,2289"/>
                <Baseline points="464,2318 536,2319 608,2319 680,2319 752,2319 825,2319 897,2319 969,2319 1041,2319 1113,2319 1186,2319 1258,2318 1330,2318 1402,2318 1474,2318 1547,2319 1619,2319 1691,2319 1763,2321 1835,2321 1908,2322"/>
                <TextEquiv>
                    <Unicode>character, cum splendore, candore, &amp; luce: differunt autem sola ratione. Vnde si inter rationes proprie-</Unicode>
                </TextEquiv>
            </TextLine>
            <TextLine id="r3l47" custom="readingOrder {index:45;}">
                <Coords points="458,2376 1874,2388 1930,2336 457,2335"/>
                <Baseline points="467,2366 539,2366 612,2366 684,2366 757,2366 830,2366 902,2366 975,2366 1048,2366 1120,2364 1193,2364 1266,2364 1338,2364 1411,2364 1484,2364 1556,2364 1629,2364 1702,2364 1774,2364 1847,2364 1920,2366"/>
                <TextEquiv>
                    <Unicode>tatum personarum cum. xxix. praedictis &amp; praeordinatis in quaestione praecedenti in suo ordine iuxta ge-</Unicode>
                </TextEquiv>
            </TextLine>
            <TextLine id="r3l48" custom="readingOrder {index:46;}">
                <Coords points="453,2419 1929,2419 1929,2384 1809,2371 453,2381"/>
                <Baseline points="462,2408 534,2408 607,2409 680,2411 753,2411 826,2411 899,2411 971,2411 1044,2411 1117,2409 1190,2409 1263,2409 1336,2409 1409,2409 1481,2409 1554,2409 1627,2409 1700,2409 1773,2410 1846,2411 1919,2412"/>
                <TextEquiv>
                    <Unicode>neratum esse connumerentur imago, sigura, siue character sub vna ratione vnius proprietatis: &amp;</Unicode>
                </TextEquiv>
            </TextLine>
            <TextLine id="r3l49" custom="readingOrder {index:47;}">
                <Coords points="449,2469 1918,2463 1837,2417 449,2423"/>
                <Baseline points="458,2454 530,2454 603,2456 675,2456 748,2456 820,2456 893,2456 965,2456 1038,2456 1110,2456 1183,2456 1255,2456 1328,2456 1400,2456 1473,2456 1545,2456 1618,2456 1690,2456 1763,2456 1835,2457 1908,2457"/>
                <TextEquiv>
                    <Unicode>deinde iuxta dictum esse connumerentur splendor, lux, &amp; huiusmodi, sub vna ratione vnius pro </Unicode>
                </TextEquiv>
            </TextLine>
            <TextLine id="r3l50" custom="readingOrder {index:48;}">
                <Coords points="453,2516 1877,2520 1914,2465 453,2468"/>
                <Baseline points="461,2499 533,2501 605,2501 677,2502 749,2502 822,2502 894,2502 966,2502 1038,2502 1110,2501 1183,2501 1255,2501 1327,2501 1399,2500 1471,2499 1544,2499 1616,2499 1688,2499 1760,2501 1832,2501 1905,2502"/>
                <TextEquiv>
                    <Unicode>prietatis, erunt rationes proprietatum. xxxi. quibus si connumeretur dictum quod est, proprium spiritus</Unicode>
                </TextEquiv>
            </TextLine>
            <TextLine id="r3l51" custom="readingOrder {index:49;}">
                <Coords points="460,2561 1837,2566 1910,2553 1910,2508 460,2513"/>
                <Baseline points="470,2546 541,2547 613,2547 684,2547 756,2547 828,2547 899,2547 971,2547 1042,2547 1114,2547 1186,2547 1257,2547 1329,2547 1400,2546 1472,2546 1544,2546 1615,2546 1687,2546 1758,2546 1830,2547 1902,2547"/>
                <TextEquiv>
                    <Unicode>sancti, quemadmodum imago est, proprium filii, erunt in vniuerso rationes. xxxii. vt infra videbitur. Tertio</Unicode>
                </TextEquiv>
            </TextLine>
            <TextLine id="r3l52" custom="readingOrder {index:50;}">
                <Coords points="459,2599 1907,2610 1907,2553 459,2561"/>
                <Baseline points="468,2588 539,2589 611,2591 682,2592 754,2594 825,2594 897,2594 968,2594 1040,2594 1111,2594 1183,2594 1254,2592 1326,2592 1397,2591 1469,2591 1540,2591 1612,2591 1683,2591 1755,2591 1826,2591 1898,2592"/>
                <TextEquiv>
                    <Unicode>autem modo praedictorum conuenit tantum vni personae scilicet quia est significatiuum ipsius personae quod sit verbum</Unicode>
                </TextEquiv>
            </TextLine>
            <TextLine id="r3l53" custom="readingOrder {index:51;}">
                <Coords points="455,2642 1922,2651 1922,2603 1852,2600 455,2600"/>
                <Baseline points="465,2633 537,2634 609,2636 682,2637 754,2637 827,2639 899,2639 971,2639 1044,2639 1116,2639 1189,2637 1261,2637 1333,2637 1406,2637 1478,2636 1551,2636 1623,2636 1695,2636 1768,2636 1840,2637 1913,2637"/>
                <TextEquiv>
                    <Unicode>hoc enim est proprium personae filii. vtrumque enim tam filius quam verbum est nomen significatiuum personae</Unicode>
                </TextEquiv>
            </TextLine>
            <TextLine id="r3l54" custom="readingOrder {index:52;}">
                <Coords points="458,2692 1920,2698 1896,2643 458,2642"/>
                <Baseline points="467,2678 539,2680 611,2682 683,2682 755,2684 828,2684 900,2684 972,2685 1044,2684 1116,2684 1189,2684 1261,2684 1333,2682 1405,2682 1477,2682 1550,2682 1622,2681 1694,2681 1766,2681 1838,2682 1911,2682"/>
                <TextEquiv>
                    <Unicode>Dicitur tamen potius, verbum est, proprium personae filii, quam econuerso: quia (vt iam dictum est) filius</Unicode>
                </TextEquiv>
            </TextLine>
            <TextLine id="r3l55" custom="readingOrder {index:53;}">
                <Coords points="457,2732 1916,2735 1916,2700 1782,2689 457,2692"/>
                <Baseline points="467,2724 539,2726 611,2727 683,2727 755,2729 827,2729 899,2729 971,2729 1043,2729 1115,2729 1187,2729 1259,2729 1331,2729 1403,2727 1475,2727 1547,2727 1619,2727 1691,2727 1763,2726 1835,2726 1907,2726"/>
                <TextEquiv>
                    <Unicode>&amp; verbum differunt secundum rationem: &amp; ratio qua persona est filius, prima est respectu illius qua </Unicode>
                </TextEquiv>
            </TextLine>
            <TextLine id="r3l56" custom="readingOrder {index:54;}">
                <Coords points="459,2798 1920,2800 1920,2736 459,2737"/>
                <Baseline points="468,2771 540,2772 612,2774 684,2774 756,2775 828,2777 900,2777 973,2777 1045,2778 1117,2778 1189,2778 1261,2778 1333,2778 1405,2778 1478,2778 1550,2777 1622,2777 1694,2777 1766,2775 1838,2775 1911,2774"/>
                <TextEquiv>
                    <Unicode>est verbum: sed idcirco hoc modo improprie dicitur aliquid esse proprium vel proprietas alterius.</Unicode>
                </TextEquiv>
            </TextLine>
            <TextEquiv>
                <Unicode>admodum generare &amp; generatiuum esse, vt habitum est supra. Et hoc modo nec imago nec ver
bum nec aliquid aliud potest dici proprietas filii, etsi secundum rem sint idem cum, proprietate constitutiua per 
sonae filii: &amp; differunt ab illa sola ratione: quoniam id quod ponunt non est aliquid pertinens ad personae constitutionem
&amp; distinctionem tamquam quo constituitur &amp; distinguitur. Vnde secundo modo imago est proprietas filii: quia licet ratio
imaginis non sit constitutiua personae filii, nec cadit in idem re, notionaliter sumendo rem, cum eo quod est con
stitutiuum personae filii, sicut cum generatiuo in patre inquantum est proprietas constitutiua personae patris ca
dunt in idem re notionaliter non solum essentialiter sumendo rem, potentia generandi &amp; generare &amp;
paternitas, vt habitum est supra: conuenit tamen ratio imaginis filio ratione eius quod est consti
tutiuum personae ipsius scilicet ratione eius quod est generari siue generatum esse. Ex eo enim quod filius procedit modo 
generationis naturalis: &amp; secundum rationem assimilandi &amp; vt simie, dicitur similitudo &amp; imago patris a quo 
procedit. Natura enim est vis insita rebus ex similibus similia producens. Dico autem secundum rationem
assimilandi prout comprehendit assimilationem secundum quamlibet speciem qualitatis: vt scilicet simili
tudo quae proprie dicitur secundum tres primas species qualitatis: est comprehendit rationem imaginis
quae dicitur proprie secundum quartam speciem qualitatis. Et sic imago seu similitudo est proprietas filii
non ratione substantiae eius aut eorum quae sunt substantialia in ipsa. Ratione enim illorum quae 
libet personarum dicitur similis alteri: de qua similitudine inferius sermo est habendus: sicut &amp; de
aequalitate. Sed tali similitudine nulla diuinarum personarum dicitur esse similitudo alterius, de qua 
hic sermo est: immo quod filius sic dicitur similitudo aut imago patris, hoc ei convenit ex suo modo 
procedendi: &amp; sic ratione eius quod est constitutiuum &amp; distinctiuum personae filii a persona patris: &amp; hoc
quodammodo quemadmodum risibile &amp; vniuersaliter proprium suum conuenit cuilibet speciei in creatu
ris ratione suae differentiae specisicae. vt secundum hoc in diuinis imago vel similitudo magis habet
rationem, proprii in diuinis quam proprietas constitutiua personae filii: &amp; illa magis habet rationem dicitriae. Et est
duertendum quod cum filius procedit vt filius modo naturae simpliciter: vt verbum autem procedit mo- 
do naturae intellectualis, inquantum procedit modo naturae simpliciter, principaliter ei convenit
quod sit similitudo aut imago. Quoniam procedens modo naturae simpliciter in corporalibus &amp; natura
libus absque processu modo intellectuali, procedit vt similitudo &amp; imago. Quae ratio imaginis in cor
poralibus, includit in se rationem figurae &amp; characteris. Generatio enim naturalis &amp; processus modo 
naturae sit impressione quadam formae in materia in rebus naturalibus ad modum aliqualiter quo si-
gillum similitudinem &amp; imaginem suam imprimit in caeram mollem configurando &amp; characterizando eam si
bi. Aquibus ratio imaginis, figurae, &amp; characteris, &amp; talium tranffertur ad diuina: vt filius ratione processus
modo generationis naturalis simpliciter proprie dicatur imago &amp; figura &amp; character patris. vt quia proces-
sus naturalis modo intellectuali quasi addit aliquid supra modum procedendi modo naturali simpliciter, idcirco
secundum rationem processus ille qui est modo naturae simpliciter, &amp; id quid per se ratione eius convenit procedenti, primum secundum
rationem est respectu modi procedendi modo intellectuali, &amp; eius quod procedenti ratione illius convenit. Nunc autem 
sicut filio inquantum est filius ratione processus modo naturae simpliciter: vt ratione suae proprieta-
tis constitutiuae personae inquantum est filius simpliciter, conuenit quod sit imago figura &amp; character: sic
eidem inquantum est verbum ratione processus sui modo naturae intellectualis, vt ratione proprietatis eiusdem consti-
tutiuae personae eiusdem inquantum est verbum, conuenit quod sit splendor candor lux aut lumen. Primum er
go secundum rationem sunt generatum esse quo constituitur persona filii vt est filius &amp; imago figura siue
character: quae rationem eandem vnius proprietatis important respectu eius quod est dictum esse, quo con
stituitur persona verbi vt est verbum &amp; splendor candor lux siue lumen. Sicut enim idem sunt re differentia
sola ratione generare &amp; dicere, vt actus productiui: similiter filius &amp; verbum secundum supius deter-
minata sic idem sunt re: &amp; sunt eadem notio constitutiua personae eiusdem secundum rem generatum esse &amp;
dictum esse. Et similiter eadem proprietas consequens ex eo quod est constitutiuum personae, sunt imago, figura,
character, cum splendore, candore, &amp; luce: differunt autem sola ratione. Vnde si inter rationes proprie-
tatum personarum cum. xxix. praedictis &amp; praeordinatis in quaestione praecedenti in suo ordine iuxta ge-
neratum esse connumerentur imago, sigura, siue character sub vna ratione vnius proprietatis: &amp;
deinde iuxta dictum esse connumerentur splendor, lux, &amp; huiusmodi, sub vna ratione vnius pro 
prietatis, erunt rationes proprietatum. xxxi. quibus si connumeretur dictum quod est, proprium spiritus
sancti, quemadmodum imago est, proprium filii, erunt in vniuerso rationes. xxxii. vt infra videbitur. Tertio
autem modo praedictorum conuenit tantum vni personae scilicet quia est significatiuum ipsius personae quod sit verbum
hoc enim est proprium personae filii. vtrumque enim tam filius quam verbum est nomen significatiuum personae
Dicitur tamen potius, verbum est, proprium personae filii, quam econuerso: quia (vt iam dictum est) filius
&amp; verbum differunt secundum rationem: &amp; ratio qua persona est filius, prima est respectu illius qua 
est verbum: sed idcirco hoc modo improprie dicitur aliquid esse proprium vel proprietas alterius.</Unicode>
            </TextEquiv>
        </TextRegion>
    </Page>
</PcGts>
