<?xml version="1.0" encoding="UTF-8" standalone="yes"?>
<PcGts xmlns="http://schema.primaresearch.org/PAGE/gts/pagecontent/2013-07-15" xmlns:xsi="http://www.w3.org/2001/XMLSchema-instance" xsi:schemaLocation="http://schema.primaresearch.org/PAGE/gts/pagecontent/2013-07-15 http://schema.primaresearch.org/PAGE/gts/pagecontent/2013-07-15/pagecontent.xsd">
    <Metadata>
        <Creator>prov=University of Rostock/Institute of Mathematics/CITlab|PLANET AI GmbH/Gundram Leifert/gundram.leifert@planet-ai.de:name=Badius1520-m2(htr_id=24043)::::v=2.6.6
prov=University of Rostock/Institute of Mathematics/CITlab|PLANET AI GmbH/Tobias Gruening/tobias.gruening@planet-ai.de:name=de.uros.citlab.module.baseline2polygon.B2PSeamMultiOriented:v=2.6.6
prov=University of Rostock/Institute of Mathematics/CITlab|PLANET AI GmbH/Tobias Gruening/tobias.gruening@planet-ai.de:name=/net_tf/LA73_249_0mod360.pb:de.uros.citlab.segmentation.CITlab_LA_ML:v=2.6.6
Transkribus</Creator>
        <Created>2020-04-15T01:42:37.348+02:00</Created>
        <LastChange>2020-05-22T22:10:40.792+02:00</LastChange>
        <TranskribusMetadata docId="369791" pageId="14432601" pageNr="314" tsid="29522757" status="IN_PROGRESS" userId="25065" imgUrl="https://files.transkribus.eu/Get?id=NGZAHWDEAVANGALRGOTANLKL&amp;fileType=view" xmlUrl="https://files.transkribus.eu/Get?id=DUPPDYFSHPTZGUNLCUFQFWOH" imageId="10395751"/>
    </Metadata>
    <Page imageFilename="313.jpg" imageWidth="2017" imageHeight="3300">
        <ReadingOrder>
            <OrderedGroup id="ro_1590235571013" caption="Regions reading order">
                <RegionRefIndexed index="0" regionRef="TextRegion_1588961456065_1039"/>
            </OrderedGroup>
        </ReadingOrder>
        <TextRegion orientation="0.0" id="TextRegion_1588961456065_1039" custom="readingOrder {index:0;}">
            <Coords points="450,273 1929,273 1929,2825 450,2825"/>
            <TextLine id="r3l2" custom="readingOrder {index:0;}">
                <Coords points="444,340 1827,346 1926,340 1926,269 444,270"/>
                <Baseline points="453,329 526,327 599,326 672,324 745,324 819,323 892,323 965,323 1038,323 1111,323 1185,323 1258,324 1331,324 1404,324 1477,324 1551,326 1624,326 1697,326 1770,326 1843,326 1917,324"/>
                <TextEquiv>
                    <Unicode>declaratiua. Secundum actum vero dicendi factiuum, de quo in Psal. Dixit &amp; facta sunt: idem respe-</Unicode>
                </TextEquiv>
            </TextLine>
            <TextLine id="r3l3" custom="readingOrder {index:1;}">
                <Coords points="446,382 1909,386 1924,336 446,340"/>
                <Baseline points="455,375 531,372 608,371 685,371 762,369 838,369 915,369 992,369 1069,369 1146,369 1222,369 1299,371 1376,371 1453,371 1530,372 1606,372 1683,372 1760,372 1837,372 1914,371"/>
                <TextEquiv>
                    <Unicode>ctus est in verbo ad existentias creaturarum secundum habitum ab aeterno, licet secundum actum ex tempore tantum</Unicode>
                </TextEquiv>
            </TextLine>
            <TextLine id="r3l4" custom="readingOrder {index:2;}">
                <Coords points="458,439 1933,434 1894,379 459,384"/>
                <Baseline points="467,420 539,419 612,417 685,416 758,416 831,416 903,414 976,414 1049,414 1122,414 1195,416 1267,416 1340,416 1413,416 1486,417 1559,417 1631,417 1704,419 1777,419 1850,419 1923,419"/>
                <TextEquiv>
                    <Unicode>luxta illud Anselmi mond. xxxiiii. Quemadmodum opus quod sit secundum aliquam artem, non solum quando sit.</Unicode>
                </TextEquiv>
            </TextLine>
            <TextLine id="r3l5" custom="readingOrder {index:3;}">
                <Coords points="459,476 1867,479 1922,433 459,439"/>
                <Baseline points="467,467 539,465 611,464 683,462 756,462 828,462 900,461 973,462 1045,462 1117,462 1190,462 1262,464 1334,464 1406,464 1479,465 1551,465 1623,465 1696,465 1768,464 1840,464 1913,462"/>
                <TextEquiv>
                    <Unicode>verum &amp; antequam fiat, &amp; postquam dissoluitur, semper est in ipsa arte &amp;c. Et sic patet quod praeter modos relatio-</Unicode>
                </TextEquiv>
            </TextLine>
            <TextLine id="r3l6" custom="readingOrder {index:4;}">
                <Coords points="444,526 1788,526 1929,519 1929,470 444,482"/>
                <Baseline points="452,512 525,510 598,509 672,507 745,507 819,507 892,507 965,507 1039,507 1112,507 1186,508 1259,509 1332,509 1406,510 1479,510 1553,510 1626,510 1699,510 1773,510 1846,510 1920,510"/>
                <TextEquiv>
                    <Unicode>nis dei ad creaturas secundum rationem, quibus ab aeterno refertur ad creaturas, non quia creaturae referuntur</Unicode>
                </TextEquiv>
            </TextLine>
            <TextLine id="r3l7" custom="readingOrder {index:5;}">
                <Coords points="454,569 1923,569 1902,517 454,518"/>
                <Baseline points="462,557 534,557 607,555 679,555 752,554 825,554 897,554 970,554 1042,554 1115,554 1188,554 1260,554 1333,554 1405,555 1478,555 1551,555 1623,555 1696,555 1768,555 1841,555 1914,555"/>
                <TextEquiv>
                    <Unicode>ad ipsum, expositos in dicta quaestione de ideis: est iste modus relationis secundum dictum respectum dei</Unicode>
                </TextEquiv>
            </TextLine>
            <TextLine id="r3l8" custom="readingOrder {index:6;}">
                <Coords points="447,610 1776,624 1929,615 1929,564 447,572"/>
                <Baseline points="456,605 529,603 602,601 675,600 748,600 822,599 895,599 968,599 1041,599 1114,600 1188,600 1261,600 1334,602 1407,602 1480,602 1554,603 1627,603 1700,603 1773,603 1846,603 1920,603"/>
                <TextEquiv>
                    <Unicode>ad creaturas ab aeterno secundum rationem, non quia creaturae referuntur ad ipsum, sed ex seipso potius.</Unicode>
                </TextEquiv>
            </TextLine>
            <TextLine id="r3l9" custom="readingOrder {index:7;}">
                <Coords points="451,660 1933,653 1905,609 451,610"/>
                <Baseline points="459,651 532,648 605,647 678,645 751,645 825,645 898,644 971,644 1044,645 1117,645 1191,645 1264,647 1337,647 1410,647 1483,648 1557,648 1630,648 1703,648 1776,648 1849,648 1923,648"/>
                <TextEquiv>
                    <Unicode>Cum ergo quaeritur vtrum verbum inquantum verbum habet respectum ad solum patrem dicentem: Di-</Unicode>
                </TextEquiv>
            </TextLine>
            <TextLine id="r3l10" custom="readingOrder {index:8;}">
                <Coords points="449,708 1907,706 1924,667 449,660"/>
                <Baseline points="459,695 531,693 604,692 677,692 750,690 822,690 895,690 968,690 1041,690 1113,690 1186,690 1259,692 1332,692 1404,692 1477,693 1550,693 1623,693 1695,693 1768,693 1841,693 1914,693"/>
                <TextEquiv>
                    <Unicode>cendum quod si intelligatur reduplicari verbum ratione respectus originalis qui convenit ei quasi iuxta</Unicode>
                </TextEquiv>
            </TextLine>
            <TextLine id="r3l11" custom="readingOrder {index:9;}">
                <Coords points="459,756 1939,755 1919,702 459,708"/>
                <Baseline points="467,741 540,739 613,738 686,737 759,735 832,735 905,735 978,735 1051,735 1124,736 1198,737 1271,737 1344,738 1417,738 1490,739 1563,740 1636,740 1709,740 1782,741 1855,741 1929,740"/>
                <TextEquiv>
                    <Unicode>primum modum dicendi per se, sic (vt dictum est) verbum inquantum verbum habet respectum ad solum</Unicode>
                </TextEquiv>
            </TextLine>
            <TextLine id="r3l12" custom="readingOrder {index:10;}">
                <Coords points="452,800 1787,805 1937,799 1937,754 452,759"/>
                <Baseline points="461,786 534,785 607,783 681,783 754,783 827,782 901,782 974,782 1047,782 1121,782 1194,783 1267,783 1341,783 1414,785 1487,785 1561,785 1634,786 1707,786 1781,786 1854,786 1928,786"/>
                <TextEquiv>
                    <Unicode>patrem. Si vero intelligatur reduplicari ratione respectus consequentis qui convenit ei quasi iuxta</Unicode>
                </TextEquiv>
            </TextLine>
            <TextLine id="r3l13" custom="readingOrder {index:11;}">
                <Coords points="456,839 1936,832 1894,794 456,793"/>
                <Baseline points="464,834 537,831 610,830 683,829 756,828 829,828 902,828 975,828 1048,828 1121,830 1195,830 1268,831 1341,831 1414,833 1487,833 1560,834 1633,834 1706,834 1779,834 1852,834 1926,833"/>
                <TextEquiv>
                    <Unicode>secundum modum dicendi per se, sic verbum inquantum verbum non solum ad patrem habet relationem:</Unicode>
                </TextEquiv>
            </TextLine>
            <TextLine id="r3l14" custom="readingOrder {index:12;}">
                <Coords points="447,895 1344,894 1367,839 447,844"/>
                <Baseline points="456,881 501,881 546,879 591,879 636,878 681,878 726,876 772,876 817,876 862,875 907,875 952,875 997,875 1042,875 1088,876 1133,876 1178,876 1223,878 1268,879 1313,880 1359,881"/>
                <TextEquiv>
                    <Unicode>sed etiam ad omnia essentialiter dicta verbo, vt dictum est.</Unicode>
                </TextEquiv>
            </TextLine>
            <TextLine id="r3l15" custom="readingOrder {index:13;}">
                <Coords points="458,990 1771,989 1925,976 1925,923 458,932"/>
                <Baseline points="467,972 539,971 611,969 684,969 756,969 829,968 901,968 974,968 1046,968 1119,969 1191,969 1263,969 1336,969 1408,969 1481,969 1553,969 1626,969 1698,968 1771,966 1843,965 1916,963"/>
                <TextEquiv>
                    <Unicode>⁋ Ad primum ergo quod verbum inquantum verbum habet respectum ad solum patrem di</Unicode>
                </TextEquiv>
            </TextLine>
            <TextLine id="r3l16" custom="readingOrder {index:14;}">
                <Coords points="457,1028 1904,1028 1922,976 457,991"/>
                <Baseline points="465,1020 537,1019 609,1019 682,1017 754,1017 827,1017 899,1019 971,1019 1044,1019 1116,1019 1189,1019 1261,1020 1333,1020 1406,1020 1478,1020 1551,1019 1623,1019 1695,1017 1768,1016 1840,1015 1913,1013"/>
                <TextEquiv>
                    <Unicode>centem verbum, quia ad solum illum dicitur: Dicendum secundum iam dicta, quod respectu principali &amp; reali</Unicode>
                </TextEquiv>
            </TextLine>
            <TextLine id="r3l17" custom="readingOrder {index:15;}">
                <Coords points="450,1083 1772,1081 1922,1066 1922,1025 450,1033"/>
                <Baseline points="458,1065 530,1065 603,1064 676,1064 749,1064 821,1064 894,1064 967,1064 1040,1064 1112,1065 1185,1065 1258,1065 1331,1065 1403,1065 1476,1065 1549,1064 1622,1064 1694,1064 1767,1062 1840,1061 1913,1059"/>
                <TextEquiv>
                    <Unicode>qui in verbo pertinet ad originem, non dicitur verbum nisi ad solum dicentem, &amp; hoc inquantum dicens: </Unicode>
                </TextEquiv>
            </TextLine>
            <TextLine id="r3l18" custom="readingOrder {index:16;}">
                <Coords points="446,1129 1884,1122 1922,1069 446,1083"/>
                <Baseline points="455,1110 527,1110 600,1109 673,1109 746,1109 819,1109 892,1109 965,1109 1038,1110 1111,1110 1184,1110 1256,1111 1329,1112 1402,1112 1475,1112 1548,1112 1621,1110 1694,1110 1767,1109 1840,1107 1913,1106"/>
                <TextEquiv>
                    <Unicode>quia illius solius est similitudo, imago, &amp; figura, siue character: a quo solo quasi formatur &amp; impri</Unicode>
                </TextEquiv>
            </TextLine>
            <TextLine id="r3l19" custom="readingOrder {index:17;}">
                <Coords points="444,1171 1676,1179 1922,1162 1922,1116 444,1129"/>
                <Baseline points="453,1158 526,1157 599,1157 672,1155 745,1155 818,1155 891,1155 964,1155 1037,1155 1110,1157 1183,1157 1256,1157 1329,1157 1402,1157 1475,1157 1548,1157 1621,1157 1694,1155 1767,1154 1840,1152 1913,1151"/>
                <TextEquiv>
                    <Unicode>mitur. &amp; ideo secundum hoc ipsius solius est verbum, &amp; non spiritus sancti, nec creaturae: quamuis ptr illo verbo</Unicode>
                </TextEquiv>
            </TextLine>
            <TextLine id="r3l20" custom="readingOrder {index:18;}">
                <Coords points="446,1213 1750,1220 1930,1212 1930,1163 446,1165"/>
                <Baseline points="456,1203 529,1203 602,1202 675,1202 748,1202 822,1202 895,1202 968,1202 1041,1202 1114,1202 1188,1203 1261,1203 1334,1203 1407,1203 1480,1203 1554,1202 1627,1202 1700,1201 1773,1200 1846,1199 1920,1197"/>
                <TextEquiv>
                    <Unicode>dicat spiritum sanctum &amp; creaturam. Et secundum hoc dicit Anselmus Mon. xxxiii. Verbum quo pater dicit se</Unicode>
                </TextEquiv>
            </TextLine>
            <TextLine id="r3l21" custom="readingOrder {index:19;}">
                <Coords points="444,1260 1923,1262 1923,1212 444,1219"/>
                <Baseline points="453,1248 526,1248 599,1247 672,1247 745,1247 818,1247 891,1248 964,1248 1037,1248 1110,1248 1183,1250 1256,1250 1329,1250 1402,1250 1475,1250 1548,1250 1621,1248 1694,1248 1767,1247 1840,1245 1913,1244"/>
                <TextEquiv>
                    <Unicode>non inconvenienter sicut similitudo, ita &amp; imago, &amp; figura, &amp; character eius dici potest. Verbum</Unicode>
                </TextEquiv>
            </TextLine>
            <TextLine id="r3l22" custom="readingOrder {index:20;}">
                <Coords points="457,1302 1928,1299 1879,1251 457,1255"/>
                <Baseline points="467,1295 539,1293 612,1293 684,1292 757,1292 830,1292 902,1292 975,1293 1047,1293 1120,1293 1193,1293 1265,1295 1338,1295 1410,1295 1483,1295 1556,1295 1628,1295 1701,1295 1773,1293 1846,1293 1919,1292"/>
                <TextEquiv>
                    <Unicode>autem quo creaturam dicit, nequaquam similiter est verbum creaturae: quia non est eius similitudo. &amp; per</Unicode>
                </TextEquiv>
            </TextLine>
            <TextLine id="r3l23" custom="readingOrder {index:21;}">
                <Coords points="457,1350 1759,1359 1930,1346 1930,1298 457,1302"/>
                <Baseline points="467,1341 539,1340 612,1338 684,1338 757,1338 830,1338 902,1338 975,1338 1048,1340 1120,1340 1193,1340 1266,1341 1338,1341 1411,1341 1484,1341 1556,1341 1629,1340 1702,1340 1774,1338 1847,1337 1920,1334"/>
                <TextEquiv>
                    <Unicode>eundem modum nec est verbum spiritus sancti. Respectu vero consequenti non principali, quo secundum ra-</Unicode>
                </TextEquiv>
            </TextLine>
            <TextLine id="r3l24" custom="readingOrder {index:22;}">
                <Coords points="451,1393 1861,1402 1931,1393 1931,1351 451,1353"/>
                <Baseline points="459,1388 532,1386 605,1385 678,1385 751,1383 824,1383 897,1383 971,1385 1044,1385 1117,1385 1190,1385 1263,1386 1336,1386 1409,1386 1483,1386 1556,1386 1629,1386 1702,1385 1775,1384 1848,1383 1922,1380"/>
                <TextEquiv>
                    <Unicode>tionem tantum, dicitur verbum ad omnia quae dicuntur verbo, &amp; hoc non secundum habitudinem imaginis</Unicode>
                </TextEquiv>
            </TextLine>
            <TextLine id="r3l25" custom="readingOrder {index:23;}">
                <Coords points="446,1445 1907,1442 1928,1391 446,1399"/>
                <Baseline points="455,1433 528,1431 601,1431 674,1430 747,1430 821,1430 894,1430 967,1430 1040,1431 1113,1431 1187,1431 1260,1433 1333,1433 1406,1433 1479,1433 1553,1433 1626,1433 1699,1431 1772,1431 1845,1429 1919,1427"/>
                <TextEquiv>
                    <Unicode>aut similitudinis ad id cuius est similitudo aut imago: sed secundum habitudinem declaratiui adid </Unicode>
                </TextEquiv>
            </TextLine>
            <TextLine id="r3l26" custom="readingOrder {index:24;}">
                <Coords points="460,1486 1868,1493 1930,1489 1930,1438 460,1447"/>
                <Baseline points="468,1479 540,1478 613,1476 686,1476 758,1475 831,1475 904,1476 976,1476 1049,1476 1122,1478 1195,1478 1267,1478 1340,1479 1413,1479 1485,1479 1558,1479 1631,1479 1703,1478 1776,1477 1849,1476 1922,1473"/>
                <TextEquiv>
                    <Unicode>cuius est declaratiuum, etiam si in veritate sit eius similitudo &amp; imago. Vnde si pater dicit se verbo-</Unicode>
                </TextEquiv>
            </TextLine>
            <TextLine id="r3l27" custom="readingOrder {index:25;}">
                <Coords points="452,1539 1928,1527 1903,1481 452,1485"/>
                <Baseline points="462,1526 534,1524 607,1523 680,1521 753,1521 826,1521 899,1521 972,1521 1045,1523 1118,1523 1191,1523 1263,1524 1336,1524 1409,1524 1482,1524 1555,1524 1628,1524 1701,1523 1774,1522 1847,1520 1920,1518"/>
                <TextEquiv>
                    <Unicode>hoc non est per se, eo quod verbum imago eius est &amp; similitudo: sed eo solo quod est notitia declarati-</Unicode>
                </TextEquiv>
            </TextLine>
            <TextLine id="r3l28" custom="readingOrder {index:26;}">
                <Coords points="457,1583 1905,1582 1926,1527 457,1539"/>
                <Baseline points="465,1572 537,1570 610,1569 682,1568 755,1568 827,1568 900,1568 972,1568 1045,1569 1117,1569 1190,1569 1263,1569 1335,1571 1408,1571 1480,1571 1553,1571 1625,1571 1698,1569 1770,1569 1843,1568 1916,1566"/>
                <TextEquiv>
                    <Unicode>ua. Quantuncumque enim aliquid est similitudo aut imago alicuius, non illo dicitur nisi cum hoc sit noti</Unicode>
                </TextEquiv>
            </TextLine>
            <TextLine id="r3l29" custom="readingOrder {index:27;}">
                <Coords points="455,1629 1918,1622 1892,1573 455,1579"/>
                <Baseline points="464,1617 536,1616 608,1614 680,1614 752,1613 825,1613 897,1613 969,1614 1041,1614 1113,1614 1186,1616 1258,1616 1330,1616 1402,1617 1474,1617 1547,1617 1619,1616 1691,1616 1763,1614 1835,1613 1908,1611"/>
                <TextEquiv>
                    <Unicode>tia eius declaratiua. Non enim dicitur illo ille cuius est. ex hoc enim quod aliquid, est sola imago. Vnde pa</Unicode>
                </TextEquiv>
            </TextLine>
            <TextLine id="r3l30" custom="readingOrder {index:28;}">
                <Coords points="454,1670 1866,1674 1917,1623 454,1628"/>
                <Baseline points="462,1664 534,1662 606,1661 678,1661 751,1661 823,1661 895,1661 968,1661 1040,1661 1112,1662 1185,1662 1257,1662 1329,1662 1401,1662 1474,1662 1546,1662 1618,1662 1691,1661 1763,1661 1835,1658 1908,1656"/>
                <TextEquiv>
                    <Unicode>ter non dicit se filio inquantum filius est, licet inquantum est filius sit imago: sed solum dicit se ver-</Unicode>
                </TextEquiv>
            </TextLine>
            <TextLine id="r3l31" custom="readingOrder {index:29;}">
                <Coords points="449,1717 1917,1715 1916,1664 449,1671"/>
                <Baseline points="459,1710 531,1709 603,1707 676,1706 748,1706 821,1706 893,1706 965,1706 1038,1706 1110,1707 1183,1707 1255,1707 1327,1707 1400,1709 1472,1709 1545,1709 1617,1707 1689,1707 1762,1706 1834,1704 1907,1703"/>
                <TextEquiv>
                    <Unicode>bo inquantum verbum est: quia ratione illius quod verbum addit super rationem filii. Vnde quod dicit Anselmu</Unicode>
                </TextEquiv>
            </TextLine>
            <TextLine id="r3l32" custom="readingOrder {index:30;}">
                <Coords points="458,1762 1854,1765 1929,1761 1929,1716 458,1727"/>
                <Baseline points="468,1755 540,1755 613,1754 685,1754 758,1754 830,1754 903,1754 975,1754 1048,1754 1120,1754 1193,1755 1266,1755 1338,1755 1411,1755 1483,1754 1556,1754 1628,1753 1701,1752 1773,1751 1846,1749 1919,1748"/>
                <TextEquiv>
                    <Unicode>mus mondo. xxxi. Dia huiusmodi verba quibus quaslibet res mente dicimus, similitudines &amp; ima-</Unicode>
                </TextEquiv>
            </TextLine>
            <TextLine id="r3l33" custom="readingOrder {index:31;}">
                <Coords points="457,1819 1842,1813 1922,1805 1922,1759 457,1762"/>
                <Baseline points="467,1802 539,1800 611,1800 684,1800 756,1799 828,1799 901,1799 973,1799 1045,1799 1118,1800 1190,1800 1262,1800 1335,1800 1407,1800 1479,1800 1552,1800 1624,1799 1696,1799 1769,1797 1841,1796 1914,1794"/>
                <TextEquiv>
                    <Unicode>gines sunt rerum quarum verba sunt: Verum est: non tamen eo quod imagines res dicuntur eis: sed eo quod sunt</Unicode>
                </TextEquiv>
            </TextLine>
            <TextLine id="r3l34" custom="readingOrder {index:32;}">
                <Coords points="451,1853 1881,1857 1927,1806 451,1819"/>
                <Baseline points="461,1845 533,1845 606,1844 679,1844 752,1844 825,1844 898,1844 971,1844 1044,1845 1117,1845 1190,1845 1262,1845 1335,1845 1408,1845 1481,1845 1554,1845 1627,1845 1700,1844 1773,1844 1846,1842 1919,1841"/>
                <TextEquiv>
                    <Unicode>earum declaratiua notitia. Vnde &amp; cum alia a patre dicantur verbo patris vt creaturae, non dicuntur ex</Unicode>
                </TextEquiv>
            </TextLine>
            <TextLine id="r3l35" custom="readingOrder {index:33;}">
                <Coords points="457,1910 1659,1912 1916,1892 1916,1852 457,1853"/>
                <Baseline points="465,1890 537,1890 609,1889 681,1889 753,1889 825,1889 897,1889 969,1890 1041,1890 1113,1890 1186,1892 1258,1892 1330,1892 1402,1892 1474,1892 1546,1892 1618,1892 1690,1890 1762,1889 1834,1887 1907,1886"/>
                <TextEquiv>
                    <Unicode>hoc illo verbo quod verbum habet imitabilitates in se ad creaturas, &amp; creaturae ipsum imitantur</Unicode>
                </TextEquiv>
            </TextLine>
            <TextLine id="r3l36" custom="readingOrder {index:34;}">
                <Coords points="456,1949 1758,1953 1923,1937 1923,1895 456,1910"/>
                <Baseline points="464,1937 536,1935 609,1935 681,1934 754,1934 826,1934 899,1935 971,1935 1044,1935 1116,1935 1189,1937 1261,1937 1334,1937 1406,1937 1479,1937 1551,1937 1624,1937 1696,1937 1769,1935 1841,1934 1914,1932"/>
                <TextEquiv>
                    <Unicode>quoquo modo: sed quia est notitia declaratiua illorum secundum praedicta.  Et secundum huiusmodi </Unicode>
                </TextEquiv>
            </TextLine>
            <TextLine id="r3l37" custom="readingOrder {index:35;}">
                <Coords points="449,1995 1645,2005 1916,1989 1916,1945 449,1948"/>
                <Baseline points="459,1983 531,1983 603,1982 676,1982 748,1982 821,1982 893,1982 966,1982 1038,1982 1111,1983 1183,1983 1255,1983 1328,1983 1400,1983 1473,1983 1545,1982 1618,1982 1690,1982 1763,1980 1835,1979 1908,1977"/>
                <TextEquiv>
                    <Unicode>habitudinem dicitur verbum eorum quorum non est imago aut similitudo: quod non contingit de</Unicode>
                </TextEquiv>
            </TextLine>
            <TextLine id="r3l38" custom="readingOrder {index:36;}">
                <Coords points="453,2047 1767,2049 1909,2032 1909,1986 453,1994"/>
                <Baseline points="461,2031 532,2030 604,2028 676,2027 748,2027 820,2027 892,2027 964,2027 1036,2027 1108,2028 1180,2028 1251,2028 1323,2030 1395,2030 1467,2030 1539,2030 1611,2030 1683,2028 1755,2027 1827,2025 1899,2024"/>
                <TextEquiv>
                    <Unicode>quolibet alio verbo vt dictum est iam secundum Anselmum. Ex quo soluta est quaestio quam quaerit Ansels</Unicode>
                </TextEquiv>
            </TextLine>
            <TextLine id="r3l39" custom="readingOrder {index:37;}">
                <Coords points="450,2082 1884,2086 1913,2035 450,2045"/>
                <Baseline points="459,2076 531,2075 603,2073 675,2073 748,2072 820,2073 892,2073 965,2073 1037,2073 1109,2075 1182,2075 1254,2075 1326,2076 1398,2076 1471,2076 1543,2075 1615,2075 1688,2073 1760,2072 1832,2070 1905,2067"/>
                <TextEquiv>
                    <Unicode>mus cap. xxxii. Quomodo simplex veritas potest esse verbum eorum, quorum non est similitudo: &amp;</Unicode>
                </TextEquiv>
            </TextLine>
            <TextLine id="r3l40" custom="readingOrder {index:38;}">
                <Coords points="465,2130 1791,2141 1912,2133 1912,2075 465,2084"/>
                <Baseline points="474,2121 545,2121 616,2120 688,2120 759,2120 831,2120 902,2120 973,2120 1045,2120 1116,2120 1188,2121 1259,2121 1330,2121 1402,2121 1473,2121 1545,2120 1616,2120 1687,2120 1759,2118 1830,2118 1902,2117"/>
                <TextEquiv>
                    <Unicode>omne verbum quo aliqua res sic mente dicitur similitudo sit rei eiusdem: ⁋ Ad secundum quod arguitur</Unicode>
                </TextEquiv>
            </TextLine>
            <TextLine id="r3l41" custom="readingOrder {index:39;}">
                <Coords points="458,2181 1863,2177 1909,2129 458,2130"/>
                <Baseline points="467,2168 538,2166 610,2166 681,2165 753,2165 825,2165 896,2165 968,2166 1039,2166 1111,2166 1183,2166 1254,2166 1326,2168 1397,2168 1469,2168 1541,2166 1612,2166 1684,2166 1755,2165 1827,2163 1899,2162"/>
                <TextEquiv>
                    <Unicode>specialiter: quod verbum non habet respectum ad creaturas: quia verbum esset etsi non esset creatura</Unicode>
                </TextEquiv>
            </TextLine>
            <TextLine id="r3l42" custom="readingOrder {index:40;}">
                <Coords points="452,2225 1837,2226 1912,2213 1912,2167 452,2177"/>
                <Baseline points="462,2214 534,2213 606,2213 678,2211 750,2211 822,2211 894,2211 966,2211 1038,2211 1110,2213 1182,2213 1254,2213 1326,2213 1398,2213 1470,2213 1542,2213 1614,2213 1686,2211 1758,2211 1830,2209 1902,2207"/>
                <TextEquiv>
                    <Unicode>&amp;c. hanc dubitationem mouet Anselmus de creatura quo ad eius existentiam, cum dicit praedi-</Unicode>
                </TextEquiv>
            </TextLine>
            <TextLine id="r3l43" custom="readingOrder {index:41;}">
                <Coords points="446,2278 1917,2270 1917,2210 446,2223"/>
                <Baseline points="456,2259 528,2259 601,2258 673,2258 746,2258 819,2258 891,2258 964,2258 1036,2259 1109,2259 1182,2259 1254,2259 1327,2259 1399,2259 1472,2259 1545,2258 1617,2258 1690,2256 1762,2255 1835,2253 1908,2252"/>
                <TextEquiv>
                    <Unicode>cto cap. Denique si nunquam creatura esset, nullum eius esset verbum: Quid ergo: An concludendum: si nullo</Unicode>
                </TextEquiv>
            </TextLine>
            <TextLine id="r3l44" custom="readingOrder {index:42;}">
                <Coords points="445,2311 1677,2327 1908,2305 1908,2264 445,2277"/>
                <Baseline points="453,2304 525,2304 597,2304 669,2304 742,2304 814,2304 886,2306 959,2306 1031,2306 1103,2306 1176,2306 1248,2306 1320,2306 1392,2306 1465,2306 1537,2306 1609,2304 1682,2304 1754,2303 1826,2301 1899,2300"/>
                <TextEquiv>
                    <Unicode>modo esset creatura, nunquam esset verbum illud: Immo esset, vt probat continue. secundum quod patere po-</Unicode>
                </TextEquiv>
            </TextLine>
            <TextLine id="r3l45" custom="readingOrder {index:43;}">
                <Coords points="446,2362 1858,2361 1915,2350 1915,2302 446,2312"/>
                <Baseline points="455,2351 527,2351 600,2351 672,2351 745,2351 817,2351 890,2351 962,2351 1035,2351 1107,2351 1180,2352 1252,2352 1325,2352 1397,2351 1470,2351 1542,2351 1615,2349 1687,2348 1760,2347 1832,2346 1905,2343"/>
                <TextEquiv>
                    <Unicode>test inspicienti. Et concludit in fine. Siue igitur ille cogitetur nulla alia existente essentia, siue aliis</Unicode>
                </TextEquiv>
            </TextLine>
            <TextLine id="r3l46" custom="readingOrder {index:44;}">
                <Coords points="456,2403 1749,2414 1916,2393 1916,2351 456,2361"/>
                <Baseline points="465,2397 537,2396 609,2396 681,2396 753,2396 825,2396 897,2396 969,2396 1041,2396 1113,2397 1186,2397 1258,2397 1330,2397 1402,2397 1474,2397 1546,2396 1618,2396 1690,2394 1762,2394 1834,2393 1907,2390"/>
                <TextEquiv>
                    <Unicode>existentibus, necesse est verbum illius coaeternum illi esse cum illo. Et est dicendum secundum praedicta: quod si</Unicode>
                </TextEquiv>
            </TextLine>
            <TextLine id="r3l47" custom="readingOrder {index:45;}">
                <Coords points="441,2452 1774,2462 1921,2449 1921,2394 441,2410"/>
                <Baseline points="450,2442 523,2442 596,2441 669,2441 742,2441 815,2441 888,2441 961,2442 1034,2442 1107,2442 1180,2442 1253,2442 1326,2442 1399,2442 1472,2442 1545,2442 1618,2441 1691,2439 1764,2438 1837,2437 1911,2435"/>
                <TextEquiv>
                    <Unicode>nulla creata essentia esset, non esset verbum earum factiuum: esset tamen verbum earum cognitiuum. di</Unicode>
                </TextEquiv>
            </TextLine>
            <TextLine id="r3l48" custom="readingOrder {index:46;}">
                <Coords points="458,2495 1737,2505 1908,2492 1908,2450 458,2456"/>
                <Baseline points="467,2489 538,2487 610,2487 681,2487 753,2487 825,2487 896,2487 968,2487 1039,2489 1111,2489 1183,2489 1254,2489 1326,2490 1397,2490 1469,2489 1541,2489 1612,2489 1684,2487 1755,2486 1827,2483 1899,2481"/>
                <TextEquiv>
                    <Unicode>cente Ansemmo. c. xxxiiii. Quomodo tam differentes res (scilicet creans &amp; creata essentia) dici possunt</Unicode>
                </TextEquiv>
            </TextLine>
            <TextLine id="r3l49" custom="readingOrder {index:47;}">
                <Coords points="456,2542 1778,2547 1899,2539 1918,2486 456,2496"/>
                <Baseline points="465,2535 537,2534 609,2534 681,2534 753,2534 825,2534 897,2534 970,2534 1042,2535 1114,2535 1186,2535 1258,2535 1330,2535 1402,2535 1475,2535 1547,2534 1619,2534 1691,2532 1763,2530 1835,2527 1908,2525"/>
                <TextEquiv>
                    <Unicode>vno verbo: praesertim cum verbum ipsum sit dicenti coaeternum: creatura autem non sit illi coaeterna: Eor</Unicode>
                </TextEquiv>
            </TextLine>
            <TextLine id="r3l50" custom="readingOrder {index:48;}">
                <Coords points="455,2598 1752,2598 1882,2587 1908,2539 455,2543"/>
                <Baseline points="465,2580 536,2580 608,2579 680,2579 751,2579 823,2579 895,2580 966,2580 1038,2580 1110,2582 1182,2582 1253,2582 1325,2582 1397,2582 1468,2582 1540,2582 1612,2580 1683,2579 1755,2577 1827,2575 1899,2571"/>
                <TextEquiv>
                    <Unicode>san quia ipse est summa sapientia &amp; summa ratio in qua sunt omnia quae facta sunt. scilicet ab aeter</Unicode>
                </TextEquiv>
            </TextLine>
            <TextLine id="r3l51" custom="readingOrder {index:49;}">
                <Coords points="458,2634 1777,2642 1905,2624 1905,2580 458,2596"/>
                <Baseline points="468,2625 539,2624 610,2624 682,2624 753,2625 825,2625 896,2625 967,2627 1039,2627 1110,2627 1182,2628 1253,2628 1324,2628 1396,2628 1467,2628 1539,2627 1610,2626 1681,2625 1753,2622 1824,2620 1896,2616"/>
                <TextEquiv>
                    <Unicode>no in sua notitia, secundum quod subdit. Nam &amp; antequam fierent &amp; postquam facta sunt &amp; cum corrumpun</Unicode>
                </TextEquiv>
            </TextLine>
            <TextLine id="r3l52" custom="readingOrder {index:50;}">
                <Coords points="450,2680 1594,2694 1911,2679 1911,2631 449,2638"/>
                <Baseline points="459,2670 531,2670 603,2670 675,2670 747,2670 819,2672 891,2672 964,2672 1036,2673 1108,2673 1180,2673 1252,2673 1324,2673 1396,2673 1469,2673 1541,2672 1613,2672 1685,2670 1757,2669 1829,2666 1902,2663"/>
                <TextEquiv>
                    <Unicode>tur siue aliquo modo variantur, semper in ipso sunt, non quod sunt in seipsis, scilicet extra notitiam</Unicode>
                </TextEquiv>
            </TextLine>
            <TextLine id="r3l53" custom="readingOrder {index:51;}">
                <Coords points="446,2730 1741,2735 1915,2714 1915,2679 446,2689"/>
                <Baseline points="455,2718 527,2717 600,2717 672,2717 745,2717 817,2717 890,2718 962,2718 1035,2718 1107,2720 1180,2720 1252,2720 1325,2720 1397,2720 1470,2720 1542,2719 1615,2718 1687,2717 1760,2714 1832,2711 1905,2708"/>
                <TextEquiv>
                    <Unicode>per actualem existentiam: sed quod est idem ipse. Etenim in seipsis sunt essentiae mutabiles secundum immuta-</Unicode>
                </TextEquiv>
            </TextLine>
            <TextLine id="r3l54" custom="readingOrder {index:52;}">
                <Coords points="459,2773 1912,2757 1911,2713 459,2729"/>
                <Baseline points="468,2763 539,2763 611,2763 683,2763 754,2763 826,2764 898,2765 969,2765 1041,2765 1113,2766 1185,2766 1256,2766 1328,2766 1400,2766 1471,2765 1543,2765 1615,2763 1686,2762 1758,2759 1830,2757 1902,2754"/>
                <TextEquiv>
                    <Unicode>bilem rationem creata. In ipso vero sunt ipsa prima essentia: &amp; non solum secundum quod est idem ipse: sed se</Unicode>
                </TextEquiv>
            </TextLine>
            <TextLine id="r3l55" custom="readingOrder {index:53;}">
                <Coords points="459,2840 1882,2837 1917,2765 459,2774"/>
                <Baseline points="468,2811 543,2811 619,2811 695,2811 770,2811 846,2813 922,2813 998,2813 1073,2814 1149,2814 1225,2814 1301,2814 1376,2814 1452,2814 1528,2814 1604,2813 1679,2811 1755,2808 1831,2806 1907,2802"/>
                <TextEquiv>
                    <Unicode>cundum quod sunt ipsa immutabiliter in eius notitia vt obiecta cognita, secundum quod expositum est</Unicode>
                </TextEquiv>
            </TextLine>
            <TextEquiv>
                <Unicode>declaratiua. Secundum actum vero dicendi factiuum, de quo in Psal. Dixit &amp; facta sunt: idem respe-
ctus est in verbo ad existentias creaturarum secundum habitum ab aeterno, licet secundum actum ex tempore tantum
luxta illud Anselmi mond. xxxiiii. Quemadmodum opus quod sit secundum aliquam artem, non solum quando sit.
verum &amp; antequam fiat, &amp; postquam dissoluitur, semper est in ipsa arte &amp;c. Et sic patet quod praeter modos relatio-
nis dei ad creaturas secundum rationem, quibus ab aeterno refertur ad creaturas, non quia creaturae referuntur
ad ipsum, expositos in dicta quaestione de ideis: est iste modus relationis secundum dictum respectum dei
ad creaturas ab aeterno secundum rationem, non quia creaturae referuntur ad ipsum, sed ex seipso potius.
Cum ergo quaeritur vtrum verbum inquantum verbum habet respectum ad solum patrem dicentem: Di-
cendum quod si intelligatur reduplicari verbum ratione respectus originalis qui convenit ei quasi iuxta
primum modum dicendi per se, sic (vt dictum est) verbum inquantum verbum habet respectum ad solum
patrem. Si vero intelligatur reduplicari ratione respectus consequentis qui convenit ei quasi iuxta
secundum modum dicendi per se, sic verbum inquantum verbum non solum ad patrem habet relationem:
sed etiam ad omnia essentialiter dicta verbo, vt dictum est.
⁋ Ad primum ergo quod verbum inquantum verbum habet respectum ad solum patrem di
centem verbum, quia ad solum illum dicitur: Dicendum secundum iam dicta, quod respectu principali &amp; reali
qui in verbo pertinet ad originem, non dicitur verbum nisi ad solum dicentem, &amp; hoc inquantum dicens: 
quia illius solius est similitudo, imago, &amp; figura, siue character: a quo solo quasi formatur &amp; impri
mitur. &amp; ideo secundum hoc ipsius solius est verbum, &amp; non spiritus sancti, nec creaturae: quamuis ptr illo verbo
dicat spiritum sanctum &amp; creaturam. Et secundum hoc dicit Anselmus Mon. xxxiii. Verbum quo pater dicit se
non inconvenienter sicut similitudo, ita &amp; imago, &amp; figura, &amp; character eius dici potest. Verbum
autem quo creaturam dicit, nequaquam similiter est verbum creaturae: quia non est eius similitudo. &amp; per
eundem modum nec est verbum spiritus sancti. Respectu vero consequenti non principali, quo secundum ra-
tionem tantum, dicitur verbum ad omnia quae dicuntur verbo, &amp; hoc non secundum habitudinem imaginis
aut similitudinis ad id cuius est similitudo aut imago: sed secundum habitudinem declaratiui adid 
cuius est declaratiuum, etiam si in veritate sit eius similitudo &amp; imago. Vnde si pater dicit se verbo-
hoc non est per se, eo quod verbum imago eius est &amp; similitudo: sed eo solo quod est notitia declarati-
ua. Quantuncumque enim aliquid est similitudo aut imago alicuius, non illo dicitur nisi cum hoc sit noti
tia eius declaratiua. Non enim dicitur illo ille cuius est. ex hoc enim quod aliquid, est sola imago. Vnde pa
ter non dicit se filio inquantum filius est, licet inquantum est filius sit imago: sed solum dicit se ver-
bo inquantum verbum est: quia ratione illius quod verbum addit super rationem filii. Vnde quod dicit Anselmu
mus mondo. xxxi. Dia huiusmodi verba quibus quaslibet res mente dicimus, similitudines &amp; ima-
gines sunt rerum quarum verba sunt: Verum est: non tamen eo quod imagines res dicuntur eis: sed eo quod sunt
earum declaratiua notitia. Vnde &amp; cum alia a patre dicantur verbo patris vt creaturae, non dicuntur ex
hoc illo verbo quod verbum habet imitabilitates in se ad creaturas, &amp; creaturae ipsum imitantur
quoquo modo: sed quia est notitia declaratiua illorum secundum praedicta.  Et secundum huiusmodi 
habitudinem dicitur verbum eorum quorum non est imago aut similitudo: quod non contingit de
quolibet alio verbo vt dictum est iam secundum Anselmum. Ex quo soluta est quaestio quam quaerit Ansels
mus cap. xxxii. Quomodo simplex veritas potest esse verbum eorum, quorum non est similitudo: &amp;
omne verbum quo aliqua res sic mente dicitur similitudo sit rei eiusdem: ⁋ Ad secundum quod arguitur
specialiter: quod verbum non habet respectum ad creaturas: quia verbum esset etsi non esset creatura
&amp;c. hanc dubitationem mouet Anselmus de creatura quo ad eius existentiam, cum dicit praedi-
cto cap. Denique si nunquam creatura esset, nullum eius esset verbum: Quid ergo: An concludendum: si nullo
modo esset creatura, nunquam esset verbum illud: Immo esset, vt probat continue. secundum quod patere po-
test inspicienti. Et concludit in fine. Siue igitur ille cogitetur nulla alia existente essentia, siue aliis
existentibus, necesse est verbum illius coaeternum illi esse cum illo. Et est dicendum secundum praedicta: quod si
nulla creata essentia esset, non esset verbum earum factiuum: esset tamen verbum earum cognitiuum. di
cente Ansemmo. c. xxxiiii. Quomodo tam differentes res (scilicet creans &amp; creata essentia) dici possunt
vno verbo: praesertim cum verbum ipsum sit dicenti coaeternum: creatura autem non sit illi coaeterna: Eor
san quia ipse est summa sapientia &amp; summa ratio in qua sunt omnia quae facta sunt. scilicet ab aeter
no in sua notitia, secundum quod subdit. Nam &amp; antequam fierent &amp; postquam facta sunt &amp; cum corrumpun
tur siue aliquo modo variantur, semper in ipso sunt, non quod sunt in seipsis, scilicet extra notitiam
per actualem existentiam: sed quod est idem ipse. Etenim in seipsis sunt essentiae mutabiles secundum immuta-
bilem rationem creata. In ipso vero sunt ipsa prima essentia: &amp; non solum secundum quod est idem ipse: sed se
cundum quod sunt ipsa immutabiliter in eius notitia vt obiecta cognita, secundum quod expositum est</Unicode>
            </TextEquiv>
        </TextRegion>
    </Page>
</PcGts>
