2017 3264
428 239 1920 319 ri: vt est quantitas omnis dimensiua. Etsi enim imaginetur infinita: nata tamen est finiri inquantum
422 312 1913 371 dimensio est: & nata est stare omnis linea inter punctos inquantum linea est: & superficies inter li
430 361 1910 418 neas, & corpus inter superficies. Et talem modum infinitatis nemo potest tribuere deo: quia non caret
419 410 1917 460 omnino aliquo quod natus est habere. hoc enim esset imperfectionis in ipso: vt patet ex supra determi-
429 445 1914 511 natis. Tertio modo dicitur infinitum: cuius processus semper protenditur: & non habet finem in quo deficit: nec
425 493 1923 560 natum est finiri. & iuxta hunc modum (vt credimue) deus dici debet infinitus. Et est infinitum secun-
428 552 1909 600 dum istum modum, vere positiuum alicuius in re: & si secundum rationem & impositionem nominis nega-
437 597 1928 648 tionem importat: illa est eius quod realiter negatio vel priuatio est: & sic etiam illa negatio quam importat
439 632 1915 690 veram positionem vel affirmationem affert & includit: vt iam patebit. Primo ergo modo infinitum
434 682 1922 740 proprie dicitur negatiue: quia nihil ponit circa subiectum positiue. Secundo modo dicitur proprie infi-
441 727 1918 785 nitum priuatiue: quia ponit aptitudinem ad contrarium circa subiectum. Tertio modo infinitur et
438 769 1929 836 si secundum impositionem & modum nominis priuatiue aut negatiue dicitur, secundum rem tamen positiue di
435 821 1923 881 citur: quia illa negatio nobis dat intelligere verissimam affirmationem. Non enim est negatio vel priuatio
444 874 1920 928 alicuius positiui vel affirmationis, sed priuatiui & negationis magis: ad modum quo in genere sub
437 914 1917 973 stantiae incorporeum dicitur priuatio vel incorruptibile. ⁋ Sunt autem aliqui qui in scriptis posuerunt deum
444 967 1918 1020 esse infinitum negatiue solum: & hoc dupliciter ponunt. Quidam enim ponit quod deus dicitur infinitus ne-
442 1002 1923 1062 gatiue a negatione alicuius finitantis ipsum & mensurantis extra: quia impossibile est ipsum finiri
441 1058 1929 1113 loco, tempore, aut intellectu aliquo creato. Ipse enim solus seipsum perfecte intelligit: & sic ipse solus se-
446 1096 1931 1156 ipsum finiens est: & suo intellectu mensurans: quia ipse tantum seipsum intelligit quantus est. Alius vero
453 1143 1936 1202 ponit quod deus dicitur infinitus negatiue: a negatione finientis ipsum & terminantis intra: eo quod nul-
446 1191 1927 1240 lus perfectionis suae est terminus & finis. & hoc loquendo de fine & termino consumente quantitatem
438 1238 1938 1290 bonitatis & perfectionis eius, ad modum quo punctus finit & terminat quantitatem lineae. ⁋ Reuera be
449 1283 1938 1346 ne verum est quod illis modis deus est infinitus. nullo enim termino consumente neque intra neque extra
445 1333 1928 1396 clauditur suae perfectionis quantitas & magnitudo. Sed quod ad hoc significandum imponitur nomen cum di-
452 1378 1935 1432 citur deus esse infinitus: vt cogamur dicere quod infinitas in deo non dicitur nisi negatiue: hoc non vi
455 1422 1941 1479 detur. Primo ex natura negationis quam importat hoc nomen infinitum. Secundo ex natura rei signi-
454 1472 1928 1520 ficatae per nomen. Tertio ex modo impositionis ipsius nominis. Ex natura negationis hoc bene appa-
452 1518 1932 1572 ret: quia negatio cum nihil ponat ratione qua negatio est, nihil dignitatis apponit ei de quo aliquoid negat.
451 1565 1935 1622 nisi forte per accidens ratione subiecti cui de necessitate alterum contrariorum inest: vt si homo est, &
461 1618 1941 1673 non est caecus, est videns: quod non ponit illa negatio ex natura sui: quoniam si sic: vbicur que poneretur: idem
469 1658 1935 1714 poneret: & sequeretur, lapis non est caecus, ergo est videns. Vnde magis hoc congruit ei ratione qua
451 1705 1934 1757 habet vim priuationis quam negationis. Priuatio enim vt priuatio, semper requirit subiectum in quo
453 1750 1934 1804 sit quasi forma quaedam & dispositio subiecti: negatio autem nequaquam. Vnde differentia est inter nega
452 1795 1937 1843 tionem & priuationem: vt vult philosophus quarto Meta. quod negatio est ab solutio simpliciter alicuius. Pri
455 1844 1929 1903 uatio vero habet naturam subiectam. Vbi dicit Comment. Negatio est absolutio negati simpliciter. Priuatio
458 1897 1937 1946 autem est absolutio eius a natura determinata. Et cum illa natura fuerit disposita per priuationem: erit
467 1935 1938 1983 in forma affirmationis. Propter quod dicit philosophus. ii. Physicae. Priuatio species quodammodo est. Si ergo solum
456 1986 1941 2044 negatiue praedicaretur infinitum: & nihil positiue significaret circa deum: tunc nihil dignitatis & perfe
457 2026 1940 2080 ctionis diceret infinitum circa ipsum: nisi per accidens ratione subiecti. Quantum enim est de se, pura negatio in
467 2077 1941 2136 differenter conuenit enti & non enti: sicut patet de negatione termini infiniti. Sed hoc nihil ad ra
466 2121 1935 2178 tionem dignitatis in significato eius quod est infinitum: sicut neque innascibilitas in patre ex hoc est notio
470 2165 1943 2222 dignitatis in patre quod imponitur a negatione qua non habet esse ab alio per natiuitatem: sed ratione primita
465 2217 1935 2272 tis affirmatae sub negatione: neque incorporale est differentia constitutiua speciei ratione negationis
470 2259 1935 2315 sed affirmationis alicuius incogniti subintellecti. ⁋ ldem etiam patet secundo scilicet ex natura rei, quae dici
458 2310 1947 2364 tur infinita ex conditione eius secundum quam dicitur infinita. Ad cuius intellectum oportet considerare
461 2352 1944 2411 gradus secundum rationem intelligendi, quibus res eadem in esse suo perficitur. Cum enim perfectio omnis est in re a fine, & si
458 2395 1938 2457 nis & bonum idem, secundum philosophum. iii. Meta. res igitur quaecumque in natura essentiae suae ex hoc dicitur bona: quod
457 2444 1942 2487 attingit aliquo modo finem in complemento naturae & essentiae suae. Sed non dicitur ex hoc perfecta nisi attingat
464 2491 1938 2536 complete finem illum: vt nullius completionis pertinentis ad illam naturam ei possit fieri vlterior additio.
462 2535 1939 2592 Hlaec enim est definitio completi: vt dicit Comment. super finem. viii. Phycita. & patet ex praedeterminatis. Sed
468 2583 1948 2628 adhuc ex hac ratione non dicitur totum: sed ex hoc scilicet quod continet in se omnia illa ex quibus completur tanquam compo
470 2627 1941 2686 situm ex rationibus completionis quasi ex partibus: quia. scilicet continet in se omnes rationes perfectionis quasi
462 2672 1941 2729 partes ex quibus completur & constituitur in esse, & nulla earum est extra. haec enim est definitio totius: vt dicit
467 2723 1943 2788 philosophus. iii. Physicae. & habitum est supra. Et licet valde propinqua sint secundum hoc in significato suo perfectum
460 2776 1936 2842 & totum: vt idem significent re: significant tamen differenti ratione vt dictum est: & praecedit secundum
