2017 3141
121 238 1574 315 in ix. Quolibet in quaestione de ideis. & sic vt sunt essentiae cognitae in eius notitia habent respectum rmndem
139 299 1576 362 tem respectui verbi ad ipsa. ⁋ Sed fortificando argumentum arguamus sic. id quid pertinet ad diuinam essentiam
137 335 1584 410 prius est omni eo quod pertinet ad essentiam creaturae etiam consideratae secundum se vt est essentia absque
125 383 1581 453 omni existentia, quia essentia creaturae id quod est ad se, a deo est secundum rationem formae exemplaris: vt
136 428 1595 491 dictum est in dicta quaestione. Prius ergo verbum habet esse a patre in eius intellectu formatum vt
133 471 1584 544 patris est intellectus, quam esse creaturae sit id quid est a deo secundum rationem formae exemplaris. Et si sic,
139 517 1586 587 tunc dicamus iuxta dictum Anselmi. Denique si non esset creatura aliquid per essentiam in diuina
137 573 1587 623 cognitione, nullum esset verbum in deo: Immo esset, vt convincitur ex verbis Anselmi ibidem. Vnde
137 604 1589 676 luxta illud quod dicit cap. xxxiii. si nihil vnquam aliud esset, neque scilicet per essentiam in diuina cogni-
131 650 1586 720 tione, neque per existentiam extra nisi summus ille spiritus: ratio tamen cogit verbum illud quo se dicit
139 695 1584 768 ex necessitate esse. Sic igitur ille cogitetur siue nulla alia existente essentia non tam exterius quam inte-
136 738 1587 814 rius in diuina cognitione, siue aliis existentibus. Et siue sic, siue sic, necesse est verbum illius coaeter-
134 783 1587 859 num illi, in rerum natura esse cum illo: & sic inquantum verbum, nullum omnino respectum habet ad
141 842 1593 902 creaturas vt videtur: quia non potest esse respectus ad illas nisi sint aliquid saltem per essentiam: quen-
137 878 1589 939 admodum ad pure non existens quod non est factibile, non habet verbum respectum, nec ipse deus per ali
137 920 1589 993 quam ideam. Et est dicendum quod bene verum est quod essentiae creaturarum immutabiliter vt obiecta &
134 963 1588 1038 cognita quaedam ab aeterno, habent esse in diuina cognitione id quod sunt ad se. Bene etiam verum est
140 1020 1592 1082 quod id quod sunt per essentiam aliquid ad se, non habent nisi a deo secundum rationem causae formalis exem-
139 1066 1606 1125 plaris: vt dictum est: quod similiter id quid sunt per existentiam aliquid non habent nisi per diuinam operatio-
140 1097 1602 1162 nem secundum rationem causae efficientis: & similiter quod vtroque esse naturaliter prior est ipsa diuina es-
133 1142 1586 1205 sentia & quaecumque infra illam sunt. Omnes enim diuini respectus personales adintra naturaliter ter
139 1185 1590 1258 minati sunt inter personas prius quam considerari possit aliquis respectus eius essentialis communis to
140 1228 1589 1307 ti trinitati ad extra: etiam licet simul per totam durationem aeternitatis deus nunquam erat deus, quin omnium
146 1275 1593 1343 creaturarum essentias in notitia sua haberet vt obiecta cognita. Hoc enim est de sua perfectione qua
139 1318 1590 1383 deus est, quod resplendent in sua notitia alia a se. Vnde & Philosophis non distinguentes inter rerum essentias & exi-
136 1365 1596 1432 stentias, posuerunt quod de perfectione dei esset creaturas mundi secum existere, & hoc secundum Auicennam
148 1408 1593 1477 ab ipso principiatiue: vt ipse deus natura non duratione intelligatur praecessisse creaturam. Et sic
136 1452 1598 1526 deus natura praecedit rerum essentias in sua notitia, licet non duratione. Idcirco enim dicitur quod domins
140 1515 1607 1573 regnauit in aeternum & vltra. Vltra dico, inquantum natura prior est deus existentiis rerum in sua
149 1541 1601 1607 notitia. In aeternum, inquantum in regno notitiae suae aeternaliter essentias creaturarum intuitus
145 1592 1604 1655 est, & non solum essentias: sed etiam omnes mutationes & mutationum modos quos habuerunt, & iam
151 1631 1598 1702 habiturae sunt in aeternum. dicente Augustino. xii. de triniitate. cap. penul. Ad sermonem sapientiae pertinent
148 1678 1595 1752 ea quae nec fuerunt nec futura sunt, sed sunt. Quomodo autem sunt & vbi, subdit continue. Sed
155 1724 1589 1794 ppter aeternitatem in qua sunt, & fuisse, & esse, & futura esse dicuntur sine vlla mutatione temporum.
145 1766 1607 1836 Non enim sic fuerunt vt esse definerent: aut sic futura sunt quasi nunc non sint: sed idipsum esse sem
149 1818 1588 1881 per habuerunt, semper habitura sunt. Manent autem non tanquam in spatiis locorum fixa velut corpora:
143 1854 1605 1923 sed in natura incorporali. Et infra. Non solum autem rerum sensibilium in locis positarum sine spatiis lo-
142 1899 1598 1972 calibus manent intelligibiles & incorporales rationes: verunetiam motionum & temporum transeun-
145 1951 1592 2012 tium sine temporali transitu stant etiam vtique ipsae intelligibiles non sensibiles. Quia si rationes illae
142 1987 1596 2066 ab aliquibus intelligantur ipsae ideales rationes, tunc proculdubio ideae non sunt nisi respectus essen-
152 2033 1604 2107 tiales ad ipsas creaturas: non quo ad ipsarum existentias: sed solummodo quo ad ipsarum essentias. Si
147 2077 1607 2151 considerentur essentiae creaturarum, & ipsae creaturae nihil esse omnino, vt non sit ad quid sint illi respe-
145 2122 1614 2198 ctus: ergo nec erunt illi respectus. Et sic non esset omnino ponere huiusmodi respectus siue ideas in deo
152 2170 1614 2247 quemadmodum si verbum diuinum non haberet alium respectum, scilicet adintra, quam illum quem habet adextra
157 2214 1598 2281 scilicet ad creaturas, amotis creaturis omnino non erit verbum natura praecedens essentiam creaturarum.
160 2256 1611 2323 Si ergo ponantur ideae in deo, necesse est ponere creaturas esse per essentiam aliquid in eius notitia
154 2303 1598 2372 & aeque aeternaliter vt ideae ponuntur esse in ipso. vt quicumque neget essentias esse aliquid etiam in
151 2350 1598 2427 diuina cognitione praeter existentias earum, vt si non sint in existentia quod sint purum nihil, necesse habent
161 2393 1608 2465 negare ideas. quod aliqui forte nituntur. Nunc autem sic est quod sicut se habent ideae ad rerum existentias
152 2440 1608 2508 quod eas respiciunt in habitu non autem in actu: sic se habet ipsum verbum ad rerum essentias, quod illas vt
157 2484 1615 2554 natura prior est illis solum respicit in habitu, non autem in actu siue secundum actum. Si ergo con-
167 2530 1597 2593 sideremus verbum dei inquantum ipsum in diuina essentia praecedit natura rerum essentias quae sunt
157 2573 1602 2646 in notitia eius, nullum habet actualem respectum ad aliquid extra diuinam notitiam. & hoc quem-
173 2620 1616 2679 admodum nec spiritus sanctus vt est donum, respicit creaturas quibus donabilis est ab aeterno.
175 2662 1615 2733 Cum enim creaturae sunt, & actualiter eis donatur, datum est & donum secundum actum. Antequam au
