2017 3188
377 242 1599 311 Irca primum istorum arguitur, quod ratio eliciendi actum spirationis actiuae a patre & filio non
380 298 1612 350 sit aliquo modo voluntas sed tantum natura, Primo sic. actionis quae est ad producendum
399 344 1611 404 de illo simile in forma producenti, principium est non voluntas: sed natura, quia solius
395 398 1607 449 naturae est assimilare productum producenti. secundum conmunem descriptionem naturae
392 436 1592 489 Natura est vis insita rebus ex similibus similia producens. actio quae est spiratio est
371 487 1595 548 ad producendum simile in forma producenti: quia per ipsam spiritus sanctus producitur
388 528 1592 582 in forma deitatis de diuina substantia sicut & filius: quia spiritus sanctus similis est
111 564 1611 627 patri & filio sicut & filius est similis patri. ergo &c. ⁋ Secundo sic. actio cuius ratio eliciendi est volun
124 619 1592 667 tas, praesupponit in cognitione terminum ad quem est. Nihil enim vult voluntas aut amat secundum Augustin
116 666 1599 718 num nisi cognitum, quare cum terminus actionis quae est spiratio, sit spiritus sanctus: & illum non praesuppo
117 708 1599 764 nit ipsa in notitia: quia tunc in spiritu sancto differrent essentia qua esset cognitum, & praesuppositum in no-
116 751 1594 809 titia, & esse existentiae quod haberet per actionem spirantis: & agens producendo ipsum ageret per cognitionem
115 798 1612 856 & regimen rationis, sicut contingit in creaturis: quod falsum est. ergo &c. ⁋ Tertio sic, spiritus sanctus emanat ai
118 845 1593 899 de patre & filio vel vt amor de mente & notitia. secundum quod determinat Augustinus libro ix. & libro x. de
116 889 1598 944 trinita. per totum. vel vt voluntas de memoria & intelligentia, secundum quod determinat a lib. xi. &
116 935 1602 994 deinceps. sed ratio eliciendi eius quod emanat de mente & notitia non est voluntas: sed potius natura. quia
118 981 1584 1037 quod est in deo ex parte intellectus, connumeratur cum principio quod est natura: vt habitum est supra. & propter
125 1027 1598 1080 eandem rationem nec eius quod emanat de memoria & intelligentia, quia ambo se tenent ex parte intel
119 1070 1590 1123 lectus: & hoc etiam maxime ideo: quia tunc voluntas esset ratio eliciendi actum quo emanat: & sic simi-
117 1117 1612 1171 liter producendi suiipsius, quod est impossibile. ergo &c. ⁋ Quarto sic. sicut se habet intellectus ad produ
114 1166 1601 1214 ctionem filii, sic voluntas si sit ratio eliciendi eius, ad productionem spiritus sancti. sed intellectus non est ra
115 1206 1610 1267 tio eliciendi actum generationis filii vt est intellectus simpliciter, sed vt est natura. ergo &c. ⁋ Qui
116 1249 1608 1310 to sic: quod est commune tribus, non est ratio eliciendi actum productiuum alicuius illorum, quia tunc aliquid esset ratio
116 1299 1612 1349 productiua suiipsius: quod est impossibile. Voluntas autem in diuinis est essentiale quid, & communiter tri-
117 1347 1612 1401 bus personis conveniens. ergo &c. ⁋ Sexto sic, non est productum idem in natura cum producente con-
123 1391 1598 1446 municando illi naturam producentis, nisi quia ei communicatur per actum naturae, quia orta a principio ei-
129 1433 1594 1489 dem debent attestari. vnde super illud. vii. metaphy. Sicut in syllogismis est principium cuiuslibet, & hic
119 1479 1608 1534 generationes. dicit Commentator id i. quemadmodum syllogismi ex quibus fiunt artificiata sunt quidita
119 1523 1605 1573 tes artificiatorum: ita res generabiles fiunt a suis quiditatibus. Et intendit quod quaecunque producun
117 1568 1596 1621 tur a suis quiditatibus realiter existentibus sic vt sint eiusdem naturae cum producentibus, sunt generata
114 1615 1609 1663 naturalia modo naturae: quemadmodum quaecumque producuntur a suis quiditatibus intellectis sic vt non
109 1658 1602 1707 sint eiusdem naturae cum producentibus, sunt facta artificiali modo artis, & econuerso. spiritui au
125 1704 1601 1760 tem sancto per spirationem communicatur natura patris & filii, vt sit idem in natura cum producen-
115 1747 1612 1796 tibus ipsum. ergo producitur modo naturae, non ergo modo voluntatis. ergo &c. ⁋ Septimo sic. ratio
116 1794 1604 1846 elicitiua actus quo producitur productum naturale est natura non voluntas, quia productum vo-
120 1838 1602 1892 luntatis potius est artificiale aliquid quam naturale. spiritus sanctus est productum quid naturale: quia
115 1887 1605 1940 est spiritus connaturalis patri & filio. ergo &c. ⁋ Contrarium arguitur primo sic. Spiratio est actio
121 1931 1599 1985 qua productum excutitur siue expellitur a producente, sicut patet in nobis de spiratione spiritus, qui est aer
120 1984 1602 2029 a pulmone expulsus, qui anhelitus dicitur, vnde emanatio ista in diuinis nomen accepit. sed volun
110 2021 1598 2073 tas non natura proprie est ratio eliciendi actum quo aliquid ab alio quasi excutitur, quia natura po-
114 2067 1601 2122 tius est ratio actus quo aliquid alicui imprimitur vt forma: & sic aliquid de illo producitur. ergo &c.
121 2110 1611 2159 ⁋ Secundo sic. ratio completa eliciendi actum sibi proprium sic perfecte semel se in suum actum es-
114 2156 1602 2212 fundit & exhaurit, vt secundum illam decaetero nullus actus restet eliciendus, vt patet ex supra
114 2201 1596 2253 determinatis de eo quod solum vnicus filius est in diuinis. omnis ratio elicitiua actus in diuinis sum-
116 2256 1604 2301 me completa est, & ratio elicitiua actus in diuinis quae est natura semel se in suum actum effudit,
116 2288 1607 2343 scilicet in generatione filii. ergo secundum rationem illam quae est natura praeter generationem
115 2333 1601 2387 vnici filii nullus restat alius actus eliciendus. Ex hoc enim supra declarauimus quod in diuinis tantum est
115 2380 1607 2434 vnica generatio: & tantum vnici filii, quare cum spiratio sit alia actio a generatione, ratio elicitiua eius
127 2429 1611 2483 nullo modo est natura. Est ergo ratio illius sola voluntas. ⁋ Tertio sic. sicut se habet natura ad gene
124 2471 1608 2525 rationem sic voluntas ad spirationem. ergo permutatim sicut se habet voluntas ad generationem
122 2515 1610 2574 sic natura ad spirationem. sed voluntas nullo modo est ratio eliciendi in generatione: ergo nec
126 2559 1607 2615 natura in spiratione. ⁋ Quarto sic. simile productum ratione naturae filius est, vt habitum est supra. Spiritus sctuns
131 2613 1611 2661 omnino est similis patri in natura & simiter filio: ergo si esset productus ratione naturae ipse esset filius. Esset autem
122 2656 1611 2719 productus ratione naturae si natura esset ratio eliciendi spirationem. consequens est falsum. ergo &c. ⁋ Quin
