2017 3168
129 254 1575 336 dictas emanationes ex suis principiis quasi materialibus ex quibus eliciuntur. de qua distinctione
141 325 1569 379 adhuc erit sermo in quaestione praesente. Eormalis vero distinctio quae debet assignari inter dictas duas
130 367 1594 421 emanationes, est penes rationes relatiuas originandi vnam illarum ab alia. ⁋ Ad cuius intellectum sciendum est quod
121 411 1575 466 generatio & spiratio sunt processiones distinctae inter se realiter non re absoluta sed re relationis: & hoc non ni
129 463 1575 516 si penes rationem originis quae hoc est ab hoc, & vnum eorum ab alio suam trahit originem: vt sit quodammodo
125 498 1576 559 hoc ex hoc. Sed hoc esse ab hoc contigit dupliciter. Vno modo proprie, quia. scilicet vnum eorum alterius est principium
137 549 1584 605 & aliud principiatum, & hoc positiue. Alio modo coniter, qua. scilicet hoc non habet esse sine illo praeuio vniversalquasi
139 587 1581 649 vel sic ab illo vt a principio sine quo non, & quo non posito alterum non habet esse. Primo modo est distin
127 632 1578 682 ctio re relationis inter relatiue opposita per relationes reales, & talis distinctio est pilrsois ad filium, & pris &
128 679 1573 727 filii ad spiritum sanctum, & per consequens relationum quibus distiguuntur. Cuncta enim quae sunt propria filio, quo
121 723 1582 768 dammodo habent esse ab illis quae sunt, propria pri: & eadem ratione cuncta quae sunt propria spiritum sancto, ab illis
131 768 1587 822 quae sunt coniter propria pri & filio, secundum quod hoc patet ex supra determinati. Et hoc modo distiguuntur
124 818 1574 869 generatio actiua & passiua, & simiter spiratio actiua & passiua inter se, & similiter illa quae cum illis habent identitatem
135 859 1576 917 realem, re dico relationis, & differunt inter se sola ratione, de quibus sermo habitus est supra. In omnibus enim tali
125 899 1579 954 bus distinctio est relationum, quia haec ab illa, & hoc non nisi in suis suppositi. Quia enim a toto philre in quo est
122 945 1574 1001 paternitas, est totus filius, & filiatio quae est in filio quoquo modo est a paternitate quae est in pirse: & similiter quia a toto
132 993 1575 1051 pre & filio, in quibus est vna spiratio actiua, quae est in pre & filio, sicut & generatio passiua quae est in filio, est a genera
120 1034 1576 1082 tione actiua quae est in pre: non restat dubitatio nisi de spiratione & generatione comparatis inter se vt simpliciter
136 1082 1573 1138 accipiuntur, & generatio continet tam actiuam generationem quam passiuam, & similiter spiratio tam actiuam spirationem quam
130 1125 1580 1182 passiuam. De quibus dico quod distiguuntur realiter etiam re relatiua isto primo modo, quia generatio actiua & spira
126 1167 1575 1215 tio actiua simul habent esse in prse, & generatio passiua & spiratio actiua simul habent esse in filio. Illorum autem quae sunt in
125 1215 1572 1271 diuinis, numquam vnum habet esse ab alio isto secundo modo. Spiratio passiua quae habet esse in spiritus sctonm, non habet esse
131 1256 1572 1309 isto primo modo a generatione actiua aut passiua: sed potius a spiratione actiua. Secundo autem modo praedicto distin-
133 1299 1574 1360 guendi relatiua & reali distinctione, secundum quam. scilicet hoc habet esse ab hoc: quia hoc est praeuium ad illud: distin-
128 1342 1580 1405 guitur generatio simpliciter a spiratione simpliciter: quia spiratio simpliciter originem trahit a generatione simpliciter in hoc scilicet
135 1393 1581 1448 quod generatio tam actiua in pre quam passiua in filio praeuia est vel quasi ad spirationem & actiuam & passiuam. Quemad
128 1440 1577 1496 modum enim actus intellectus simpliciter praeuius est ad actum voluntati simpliciter vt sine quo voluntas non posset in
132 1481 1575 1539 suum actum, sic actus intellectus quo sic intelligit declaratiue, praeuius est ad actum voluntatis relatiue: vt sine
130 1528 1578 1584 quo non posset voluntas in actum talem, secundum quod haec omnia patent ex superius declaratis. Secundum hoc enim
129 1578 1586 1627 etsi spiritus sanctus procederet a solo prse, sicut & generatur filius, isto secundo modo secundum rationem ori-
127 1614 1590 1679 ginandi hoc ab hoc, generatio actiua distingueretur a spiratione actiua, & similiter filius a spiritu
128 1656 1346 1713 sancto: non solum autem secundum modum distinctionis relationum disparatarum.
137 1703 1580 1772 ⁋ Ad primum in oppositum: cum dicit quod non est distictio realis in diuinis nisi relationis ori
130 1755 1584 1816 ginis eius quid est ab ab alio ad illum a quo est, quaeliter non se habent inter se generatio & spiratio: dicunt aliqui quod tri-
140 1812 1586 1865 plex est distinctio relationum. Vna. scilicet secundum relatiuam oppositionem: quaelis est inter relationes quibus illa in quibus
139 1854 1594 1901 iunt, relatiue dicuntur inter se: vt sunt paternitas & filiatio: quae sunt relationes simpliciter: quibus subiecta
129 1892 1580 1946 dicuntur inuicem ad se quando relationes illae comparantur ad diuersa subiecta in creaturis. Est enim ptr, filii ptur, &
124 1937 1585 1990 econverso: & si pitier est, filius est, & econverso. Sunt autem relationes relatiue oppositae quibus subiecta a se mu
122 1979 1580 2031 tuo remouentur secundum quod comparantur ad idem subiectum. Si enim iste est pitur illius, ergo non est filius eiusdem. Alia
139 2029 1587 2080 vero est distinctio relationum secundum oppositionem contrarietatis: quaelis est inter relationes quibus subiecta in qui
140 2075 1590 2129 bus sunt dicuntur inter se relatiue illis relationibus: sed potius inter se contrariantur: vt sunt relationes fun
125 2112 1582 2161 datae super fundamenta quae sunt contraria absoluta: quaeliter opponitur similitudo fundata super duas albedies
132 2155 1578 2214 in diuersis, & similitudo fundata super duas albedines in aliis. Et est semper ista oppositio inter duas relatio
127 2205 1587 2261 nes, quarum vtraque continet duas relationes relatiue oppositas inter se: & ipsarum vtraque est quasi interuallum
124 2253 1589 2297 inter relationes relatiue oppositas. Prima autem oppositio non est nisi inter duas relationes quae sunt extre-
128 2292 1589 2348 ma vnius quasi interualli. Tertia vero est distinctio relationum secundum oppositionem disparationis: qualis est in
134 2344 1589 2393 ter relationes quae fundantur super fundamenta absoluta disparata: quaeliter diuersae relationes sunt & dispara
131 2385 1573 2441 tae aequalitas fundata in quantitate & similitudo fundata in quaelitate. Et est sper ista oppositio sicut praecedens inter
133 2423 1587 2484 duas relationes: quae sunt quasi interualla duarum extremitatum: quae sunt relationes relatiue oppositae. Vnde di
129 2472 1586 2525 cunt quod differunt relationes istae seipsis formaliter sicut & sua fundamenta. Et etiam generatio & spiratio se
140 2524 1577 2573 cundum quod sunt interualla, & coniter continent rationem actionis & passionis, isto tertio modo differunt. Quod nullo
137 2559 1587 2609 modo potest stare in diuinis: quia talis oppositio non causatur nisi ex diuersitate fundamentorum: quaelis non est in
127 2615 1577 2662 deo, in quo fundamentum omnium relationum est simplex essentia deitati: in qua relationes fundatae semper sunt
137 2655 1587 2706 diuersae secundum rationem tantum, nisi inter ipsas sit aliquo modo ratiooriginis qua hoc quoquo modo
134 2689 1589 2766 habet esse ab hoc. Dico ergo secundum iam dicta, quod licet generatio & spiratio nullam habeant relatiuam
