2017 3199
404 249 1869 314 nisi quia ab ipso habet esse filius, & ab ipso habet filius quod a filio habet esse spiritus sanctus. Ex hoc enim quod
407 304 1871 360 praecise a patre habet esse spiritus sanctus: solummodo dicitur esse principalius deus quam spiritus sanctus: sicut
411 340 1877 400 & filius ex hoc quod similiter ab ipso habet esse spiritus sanctus. Et sic pater solummodo dicitur esse deus
409 394 1874 452 principalius respectu filii inquantum praecise ab ipso habet esse filius. Et sic cum in diuinis dicitur esse deus
413 432 1868 496 principaliter principalius & principalissime, est comparatio voce tantum inter comperatiuum & superlati-
411 480 1884 537 uum secundum modum grammaticum, quo aliud significatur omnino in vno gradu & in altero. Alia enim rela-
416 525 1877 578 tione omnino dicitur pater principalis siue deus, alia vero dicitur filius principalius deus quam spiritus sanctus.
416 577 1881 634 propter quod non minus principaliter dicitur deus filius quam ptur: nec spiritus sanctus quam pater aut filius. Est autem
416 613 1886 668 comperatio voce tantum inter comperatiuum & positiuum, secundum modum quo secundum pdicta in diuinis penitus
411 662 1881 717 idem significant comparatiuum & positiuum. Eadem enim relatione omnino dicitur filius aut pater principa
411 705 1592 768 liter aut principalissime deus: quia singulus eorum dicitur principaliter deus.
688 762 1873 844 Irca decimum arguitur quod spirantes habent aliquam aliam proprietatem conem quam spirationem
668 835 1873 890 actiuam. Primo sic. Sicut se habet generatio ad solum patrem, sic se habet ipiratio coni-
686 887 1886 933 ter ad patrem & filium. Sed non solum generatio actiua est positiue proprietas propria pa
675 919 1883 977 tris, sed etiam generatio passiua negatiue est proprietas patris, quae est ingenitum
683 968 1882 1023 esse. ergo consimiliter non solum spiratio actiua positiue est proprietas communis patris &
667 1009 1877 1060 afilii: sed etiam spiratio passiua negatiue erit communis proprietas patris & filii, quae est in
667 1059 1873 1115 Tspiratum esse. ⁋ Secundo sic. Sicut in deo intellectus est naturalis, & ideo consideratur
406 1102 1874 1149 in deo intellectus vt est natura aut vt est intellectus: & ab eo inquantum est natura simpliciter, con-
407 1148 1875 1205 sequitur proprietas quae est generatio actiua in patre: inquantum vero est intellectus siue natura intel
414 1191 1882 1253 lectualis, consequitur proprietas quae est dicere secundum superius determinata: Sic in deo est voluntas natura
413 1238 1885 1300 lis quae consideratur vt est natura, aut vt est voluntas. ergo & ab ea inquantum est natura simpliciter, conse-
418 1281 1881 1343 qui debet vna proprietas: & ab ea inquantum est voluntas, debet sequi alia proprietas, quarum vna respon-
409 1326 1883 1384 det ei quod est generare in patre, alia vero ei quid est dicere. Quare cum voluntas secundum supra determina
410 1377 1884 1440 ta est principium productiuum in patre & filio coniter, sicut intellectus in patre: & ex parte intellectus in
429 1418 1879 1479 patre non solum est proprietas patris generare: sed etiam dicere: consimiliter in patre & filio ex parte volunta-
422 1463 1881 1522 tis non solum est, proprietas ipsorum communis spirare, sed etiam aliqua alia. ⁋ In contrarium est quod tunc essent plures
423 1511 1707 1564 notiones quam quinque secundum superius determinata: quod est contra omnes doctores Theologicos.
419 1559 1889 1617 ⁋ Dico secundum quod supra expositum est in principio quaestionis tertiae circa proprieta
422 1615 1887 1667 tes proprias patri, quod vna proprietas potest intelligi esse alia ab altera, vel secundum rem, vel secundum rationem tantum.
418 1659 1884 1712 Secundum rem autem vna non est alia ab altera (vt ibi tactum est) nisi ex ordie ad obiectum aliud & aliud. Quare
411 1706 1884 1750 cum pater & filius non habeant conem ordinem ad obiectum, nisi ad vnicum. scilicet spiritum sanctum coniter productum
423 1746 1871 1801 ab ipsis: secundum rem igitur non est nisi vna proprietas communis patri & filio: quae cum sit spiratio actiua secundum
420 1795 1877 1851 praedeterminata, praeter spirationem ergo actiuam spirantes nullam habent aliam proprietatem realem conem.
416 1840 1875 1897 Secundum rationem autem proprietas vna est alia ab alia ex diuerso modo se habendi in ordine ad obiectum.
413 1880 1880 1944 Et hoc modo bene verum est quod spirantes habent aliam immo alias proprietates cones quam spirationem: quae
410 1933 1868 1984 tamen sunt idem secundum rem cum spiratione actiua: quemadmodum pater habet proprietates proprias alias secundum
422 1977 1874 2034 rationem a generare: quae secundum rem sunt idem cum ipso generare. Sed huiusmodi diuersitas in ordine diuerso
411 2027 1868 2080 ad idem obiectum potest accipi tripliciter. Vno modo vt ipsum obiectum iam habitum est, & simul existens
419 2071 1866 2122 cum producente, qualis proprietas in patre importatur nomine paternitatis: vt expositum est in dicta quaestio-
411 2112 1875 2161 ne. Alio modo vt obiectum habet produci a producente, & hoc dupliciter. Vno modo accipiendo istam
423 2154 1866 2215 diuersitatem ex parte principii productiui. Alio modo accipiendo ipsam ex parte actus quo producitur.
434 2200 1871 2264 Vno enim modo quia productio quae est generatio in patre, non est in quacumque natura, & cuiuscumque producen
416 2247 1868 2305 tis de quocumque, sed in natura intellectuali, productio illa qua pater producit filium, non: solum dicitur genera-
411 2291 1866 2354 re ratione naturae simpliciter: sed etiam dicitur dicere ratione naturae intellectualis: & sunt idem re, differen
411 2342 1875 2392 tia sola ratione. secundum quod supra declaratum est de proprietatibus patris in quaestione secunda. Alio autem modo
420 2384 1879 2434 quia actus generandi tripliciter habet mediare inter generantem & genitum, differunt secundum ratio-
424 2430 1869 2480 nem in patre generatiuum & potentia generandi & ipsum generare, vt declaratum est ibidem in
432 2470 1871 2535 quaestione tertia. Secundum primum istorum modorum est modus proprietatis innominatus: quo pater & filius
417 2523 1877 2579 respiciunt spiritum sanctum vt iam productum & simul existentem cum eis: qualis importatur in patre respe-
417 2562 1869 2615 ctu filii nomine paternitatis. Vnde sicut pater dicitur pater quia est ei filius, & non est pater nisi per filium
422 2613 1869 2670 vt expositum est in dicta quaestione tertia: & similiter non est pater nisi quia habet filium: vt tactum est iam
417 2647 1870 2711 in quaestione precedente: sic prim & filio non convenit iste modus relationis innominatus ad spiritum
422 2689 1872 2770 sanctum nisi quia est eis spiritus, & per spiritum sanctum, & quia habent spiritum sanctum iam
