2017 3188
404 235 1858 309 ctione, productus tamen est quoquo modo mediante generatione alterius. & ideo ipse non omnino ita
410 283 1880 362 proprie & perfecte potest dici ingenitus sicut non genitus: sicut ille in quo habet esse primo alius
416 328 1877 405 per generationem. Propter quod quia generatio est prima productio, ingenitum sic acceptum circa gene-
411 372 1885 444 rantem: non solum negat genitum siue per generationem esse immediate, sed etiam mediate: & sic negat omne
408 422 1882 493 esse ab alio: & hoc est quod intelligitur nomine ingeniti, & consequitur principale significatum: ratione
409 465 1872 538 cuius habet rationem dignitatis simpliciter, & est notio: vt superius est expositum. Nunc autem in proposito
416 508 1885 586 non est simile de non spirato: quia non spiratum, proprietas siue notio non est ratione eius quid per se & prin
418 555 1869 627 cipaliter significat: cum neget id quoid dignitatis est & notio, ratione sui principalis significati: similiter ne
410 602 1874 682 quod ratione alicuius quod consequitur siue intelligitur in non spirato ratione eius quod principaliter significatur
419 648 1867 715 in ipso. Quia enim spirare non est prima productio, & spiratum non est primum productum, neque ipsum spira-
419 706 1884 758 re est ratio omnis vlterioris productionis, neque ipse spiratus est ratio producendi omnis producti in di-
416 744 1868 803 uinis: immo nullius: quia in diuinis non est vlterior productio, vt habitum est supra: vt propterea ipse
413 786 1873 859 genitus in diuinis ita perfecte possit dici non spiratus siue inspiratus: sicut ipse generans dicitur in
423 843 1866 893 penitus. Et communiter conveniens gignenti & genito, non negat esse ab alio: & ideo quando solummo
414 894 1889 946 do (vt dictum est) ingenitum habet rationem dignitatis & notionis, hoc habet eo quod includit in suo in
417 923 1867 986 tellectu non esse omnino ab alio. Nullo igitur modo inspiratum proprietas poterit dici aut notio pa
407 976 1886 1031 tris & filii communis: quia nullo modo in suo intellectu includit esse omnino ab alio. & sic inspiratum nul-
416 1015 1872 1076 lo modo potest esse proprietas communis patris & filii: licet ingenitum sit proprietas & notio solius patris.
412 1067 1875 1118 ⁋ Ad secundum quod in deo consideratur natura vt est natura, & vt intellectus est: ergo & voluntas &c.
425 1113 1873 1170 Dico quod verum est conclusum: sed illa diuersitas quae procedit a voluntate vt est natura & vt est vo-
417 1159 1895 1220 luntas, est secundum rationem tantum, & ambo sunt vna proprietas secundum rem, sicut superius est ex
410 1196 1877 1266 positum de dicere & generare. Circa tamen ipsum medium inductum est aduertendum quod defe-
417 1239 1884 1308 cit in similitudine: licet enim intelligere & voluntas in deo considerantur vt natura & vt intellectus si
425 1298 1876 1344 ue voluntas: & natura communiter in eis accipitur pro principio intrinseco notionaliter siue modo
413 1335 1876 1393 naturae: hoc tamen fit diuersimode: quia motum modo naturae, mouet quodam modo principaliori:
429 1382 1877 1444 quodam vero non principaliori. Est enim duplex modus mouendi modo naturae scilicet & impetu & neces
412 1440 1879 1489 sitate: quorum primus est principalior: & excludit modum mouendi ex libera voluntate: secundus ve-
410 1474 1880 1534 ro est non principalior, nec excludit modum mouendi ex libertate voluntatis: sed solum ex volunta
409 1531 1887 1569 tis libero arbitrio. Primo modo in generatione filii & verbi distinguitur productum & vt est natura,
411 1568 1883 1619 & vt est intellectus: quia non solum necessitate incommutabili, sed impetu quodam pater producit filium
412 1602 1879 1666 siue verbum. Secundo modo in spiratione spiritus sancti distinguitur productum vt est natura: & vt
419 1657 1891 1714 est voluntas: quia sola necessitate incommutabilitatis absque omni impetu pater & filius producunt
417 1701 1880 1761 spnium sanctum. Propter quod dictum est superius quod vtraque productio est modo naturae: sed principaliori mo
414 1749 1881 1808 do naturae producitur filius. Est etiam processio filii principaliori modo naturae ex parte modi pro
410 1793 1880 1851 cedendi incommutabili necessitate: quia etsi voluntas sub diuersis rationibus consideratur: & vt
417 1837 1882 1895 est natura: & vt est voluntas: sicut & intellectus: tamen alius & alius est ordo harum rationum:
417 1888 1874 1932 quia ex parte intellectus ratio intellectus vt est natura, prima est respectu eiusdem vt est intellectus.
422 1930 1874 1983 Econverso autem est ex parte voluntatis: nam ratio vcluntatis vt est voluntas, prima est respectu eiusdem
422 1976 1874 2032 vt est natura. Libertas ex parte voluntatis est: principalitas autem ex parte intellectus: vt in deo volun
415 2023 1874 2076 tas dicatur esse naturalis respectu productionis spiritus sancti: natura vero intellectualis respectu productio
426 2056 1889 2120 nis filii. Nunc autem prima ratio principiandi principalis est respectu secundae: propter quod ex parte in
423 2116 1880 2173 tellectus principalior est modus naturae, quia secundum primam rationem est, quam ex parte voluntatis, quia
417 2156 1888 2218 secunda est. Propter ergo istum duplicem modum principaliorem naturae in procedendo, filius simpliciter
428 2197 1873 2251 dicitur procedere modo naturae: & spiritus sanctus modo voluntatis. Nec tamen modus voluntatis remo-
428 2244 1882 2302 uendus est a processione filii: pater enim dicitur generare filium voluntate consequente siue concomi-
417 2290 1887 2358 tante: & omnino non impertinente ad rationem generatiuam: vt habitum est supra, & amplius decla
425 2331 1891 2394 rabitur in vi. quaest. articuli sequentis. Pater autem & filius nequaquam dicuntur spirare spcanitum sanctum na
422 2385 1885 2433 tura consequente siue concomitante, modo quo voluntas sequitur generationem filii: & hoc ideo quia mo
426 2427 1878 2482 dus naturae ex impetu nullo modo cadit in processione spiritus sancti: quia (vt dictum est modo) iste
422 2476 1883 2522 modus naturae libertatem siue liberalitatem excludit: modus autem naturae ex necessitate incommu-
418 2519 1875 2574 tabili non concomitatur rationem voluntatis qua primo & principaliter spiratur spiritus sanctus: sicut
423 2561 1878 2608 modus voluntatis liberae concomitatur rationem naturae qua primo & principaliter generatur fi-
413 2612 1883 2673 lius: quia modus ille naturae licet sit concomitans, pertinet ad rationem spirandi cum ratione vo-
412 2659 1872 2728 luntatis: non sic autem modus iste concomitans pertinet ad rationem generandi cum ratione na
415 2697 1365 2771 turae: vt propterea sit diuersus modus concomitandi hic & ibi.
