2017 3206
122 243 1590 315 filium, vt in terminum: & econuerso a filio in patrem: secundum quod iam declarabitur inferius. Et
122 312 1581 362 est hic aduertendum quod ista productio spiritus sancti inquantum habet esse a producentibus, non dif
135 348 1584 403 sert a modo producendi filium: nisi quod productio filii est a solo patre: & per principium quod est intellectus
122 396 1586 453 Productio autem spiritus sancti est simul a patre & filio: & per principium quod est voluntas, secundum mo
122 444 1581 494 dum superius expositum. Inquantum vero ista productio spiritus sancti habet esse ab illo de quo vt de qua
123 489 1581 547 si subiecto & principio materiali producitur: differt a modo producendi filium non solum in hoc quod
132 546 1579 595 productio filii est de intellectu simplici conuerso super se vt est informatus notitia simplici & essentia
117 583 1578 638 li: productio vero spiritus sancti est de voluntate informata amore simplici & essentiali secundum
128 626 1585 680 modum superius expositum: sed etiam differt ab illo in hoc, quod productio filii est de intellectu vt de
129 671 1584 721 subiecto & quasi materia per quasi illius informationem & impressionem factam in illo ab intellectu in-
121 718 1570 773 formato notitia simplici: a quo in intellectu quasi formatur notitia declaratiua quae verbum est & fi
128 765 1578 822 lius. Productio autem spiritus sancti est de voluntate informata amore essentiali: vt de subiecto & quasi
119 806 1587 859 materia, non per quasi informationem aut impressionem quacumque: sed potius per quasi excussionem
116 852 1588 916 siue exusfiationem, siue expressionem, aut expulsionem quandam factam a voluntate nuda: a qua vt
116 893 1587 956 a ratione spiratiua existente in patre & filio, quasi excutitur de voluntate informata amore simpli
123 947 1575 1004 ci amor incentiuus qui est spiritus sanctus: secundum quod supra declaratum est: & iam amplius decla
117 990 1575 1053 rabitur inferius. Talis autem excussio siue exufflatio spiritualis spiratio dicitur: & est similis spiratio
113 1037 1579 1094 ni corporali qua virtute cordis excuteretur siue exufflaretur aer per expirationem de pulmone vt de
109 1082 1581 1142 subiecto & principio materiali: qui prius non fuisset contentus in pulmone per inspirationem in ips
118 1133 1577 1188 sum attractus. Sed est differentia in hoc: quod aer iste excuteretur de pulmone per quendam transitum
115 1171 1581 1239 & recessum ab illo. Spiritus sanctus autem excutitur de voluntate informata amore simplici abs
124 1217 1581 1279 quod transitu & recessu ex parte spiritus sancti a patre & filio, aut ab eo de quo producitur. Nihilomi-
115 1266 1587 1322 nus tamen procedit ab illo, modo praedicto: & sic vere spiratur: licet aliter quam aliquid spiretur tempo
116 1310 1582 1368 raliter: vt patet ex iam dictis. Et quia secundum modum iam dictum spiritus sanctus in sua emana-
127 1358 1593 1414 tione non solum procedit a producentibus: sed etiam ab illo de quo emanat: inquantum videlicet
115 1409 1594 1456 ab illo excutitur: filius autem in sua emanatione solummodo procedit a producente: nullo autem mo-
116 1451 1597 1504 do ab illo de quo emanat, inquantum videlicet in illo quasi imprimitur: propter hoc licet communiter
121 1490 1593 1550 vtraque emanatio dicatur processio: proprie tamen emanatio spiritus sancti, dicitur processio: non au
127 1545 1586 1592 tem filii: & hoc non ratione eius quod spiritus sanctus habet procedere a producentibus: sed solummo-
121 1582 1597 1639 do ratione qua procedit modo iam dicto a principio quasi materiali & subiecto. Propter quod eti
119 1633 1592 1679 am talis emanatio proprie dicitur spiratio: sicut emanatio filii proprie dicitur generatio. Vnde ex
128 1674 1581 1736 parte modi producendi personas de aliquo vt de subiecto & quasi materia, debet accipi differentia
127 1717 1587 1782 emanationum: non autem ex parte modi producendi ab ipsis producentibus: secundum quod superi
124 1771 711 1823 us eorum differentiam assignauimus.
410 1840 1581 1921 lrca tertium arguitur quod in spiritu sancto sit aliqua alia proprietas quam spirari: Pri-
411 1909 1583 1969 mo sic. sicut conuenit soli patri esse a quo alius per generationem: & communiter
424 1949 1599 2011 patri & filio esse a quo alius per spirationem: sic conuenit communiter patri & si
420 1993 1586 2047 io & spiritui sancto esse a quo alius per creationem. sed esse a quo alius per gene
409 2040 1595 2101 rationem, est proprium patri: esse a quo alius per spirationem, est proprium filio con
393 2085 1590 2142 muniter cum patre. ergo consimiliter esse a quo alius per creationem, est proprium
128 2135 1600 2190 spiritui sancto communiter cum patre & filio. ⁋ Secundo sic. sicut conuenit proprie patri quod non sit
122 2176 1590 2232 ab alio per generationem: sic conuenit spiritui sancto communiter cum patre & filio quod non sit ab alio per
129 2221 1587 2279 creationem, quare cum propter illud proprietas propria patris est ingenitum esse, similiter propter istud
125 2266 1599 2328 proprietas communis spiritu sancto cum patre & filio est increatum esse. ⁋ Tertio sic. sicut conuenit soli
125 2318 1589 2373 patri esse a quo omnis alius in diuinis, sic conuenit spiritui sancto esse a quo nullus alius in diui-
128 2360 1595 2411 nis. sed illud est proprium solius patris: ergo istud consimiliter proprium est solius spiritus sancti.
134 2407 1600 2467 ⁋ Quarto sic. sicut commune est patri & filio quod ab ipsis est alius per spirationem: sic commune est pa
128 2451 1596 2508 tri & spiritui sancto quod non habent esse ab alio per generationem. sed illud est communis proprietas
131 2491 1599 2555 patris & filii, ergo & istud est communis proprietas patris & spiritus sancti. ⁋ Quinto sic. sicut patri
117 2539 1588 2602 conuenit non esse ab alio per generationem: sic & spiritui sancto. sed propter illud patris proprie-
125 2584 1598 2641 tas est ingenitum esse. ergo propter idem hoc etiam est proprietas spiritus sancti communis eum patre. ⁋ Se-
129 2628 1595 2690 xto sic. sicut convenit pri quod ab ipso est alius per generationem, & ipse non est ab alio per generationem: sic
114 2677 1606 2730 econuerso conuenit spiritui sancto quod ipse est ab alio per spirationem, & ab ipso non sit alius per spiratio-
121 2725 1598 2802 nem. Quare cum propter illa duo duplex proprietas conueniat patri: & propter vnum illorum eius
