2017 3241
115 260 1593 324 in actum suum quasi praeuia voluntate. Vnde loquendo de notitia quasi antecedente, & similiter de
109 319 1591 374 amore quasi antecedente, spiritus sanctus potius dicendus est esse cum notitia amor, quam filius siue verbum cum
119 365 1587 423 amore notitia: quia notitia duplex scilicet essentialis & declaratiua, qua pater & filius noscunt spiritum
107 411 1596 468 sanctum a se productum, est saltem ratio sine qua non spiritus sanctus produceretur, & quasi praeuia ad ipsum
116 456 1586 508 producendum sicut dictum est. Amor autem qui solus quasi praeuius est in productione filii quo pa
113 500 1590 553 ter amat genitam a se prolem, nec etiam est ratio sine qua non produceretur filius, vt dictum est.
113 545 1592 599 Propter quod nequaquam legitur notitia siue intellectus procedere de amore: dicitur tamen amor siue
110 594 1586 640 voluntas procedere de notitia. Vnde Augustinus loquens de luce increata dicit, xv. de triniitate. ca. xvii.
121 637 1582 694 ipsa tibi ostendit duo velut parentem & prolemn tertia voluntate siue dilectione iungente. Quam quidem
113 686 1590 733 voluntatem de cognitione procedere necesse est. Nemo enim vult quod quid vel quale sit nescit. Sumendo au
119 731 1584 776 tem producere de aliquo vt de ipso producente, cum producentes spiritum sanctum sunt pater & filius
115 780 1580 830 quorum neuter dicitur esse amor: sed potius dicuntur esse amantes aut habentes in se amorem: secundum
105 822 1586 871 istum modum nullo modo spiritus sanctus dicendus est procedere vt amor de amore: sed potius de
113 870 1587 920 amantilaus vel habentibus amorem: quia amor personaliter non dicitur de patre & filio. Quia autem
119 913 1593 969 pater & filius non solum dicuntur noscentes vel habentes in se notitiam, accipiendo notitiam pro
111 966 1580 1018 actu vel habitu perficiente personam secundum intellectum: sed etiam notitia personaliter dicitur
122 1004 1583 1061 de illis inquantum pater est notitia ingenita, de qua procedit filius vt notitia genita: ldeo secundum
119 1046 1589 1104 istum modum spiritus sanctus dicendus est procedere non solum vt amor de noscentibus vel ha-
111 1093 1583 1141 bentibus in se notitiam: sed etiam vt amor de notitia duplici, genita. scilicet & ingenita. Sed est aduerten-
120 1141 1584 1199 dum quod cum spiritus sanctus dicitur procedere de noscentibus vel habentibus notitiam, hoc non est per
117 1185 1596 1236 se: sed potius per accidens: quia non procedit de noscentibus vel habentibus notitiam inquantum
111 1233 1592 1290 tales: sed potius inquantum sunt volentes vel ipsam voluntatem concordem habentes: eo quod in ipsis
107 1281 1588 1326 secundum iam dicta, voluntas est ratio spirandi spiritum sanctum propter quam sic: non sic no
116 1325 1599 1378 titia. Vnde per se loquendo spiritus sanctus non procedit nisi de volentibus inquantum tales sunt
118 1372 1601 1418 non autem de noscentibus inquantum noscentes sunt: nec etiam de amantibus inquantum aman
112 1418 1593 1471 tes sunt: nisi accipiendo de aliquo vt de principio quasi materiali, non autem vt de principio eliciti
116 1467 1601 1519 uo, sicut patet ex praedictis. FEilius autem econuerso accipiendo de aliquo vt de principio elicitiuo pro
122 1508 1592 1566 cedit per se de cognoscente inquantum cognoscens est, & de intelligente inquantum intelligens (di
106 1556 1598 1603 co notitia essentiali) non autem de amante inquantum amans est, neque de volente inquantum vo-
110 1598 1593 1652 lens est: licet aliquis voluntate & amore essentiali ipse sit amans & volens se & suam essentiam. Lo-
119 1645 1602 1696 quendo autem de aliquo vt de principio quasi materiali, tunc filius non est dicendus procedere de co-
119 1693 1593 1747 gnoscente aut intelligente aut amante aut volente: sed solummodo de intellectu aut habente in se in
116 1737 1599 1794 tellectum. Et secundum hoc loquendo de voluntate antecedente vt terminatur ad ipsum filium, pa
116 1788 1607 1841 ter neque dicendus est generare filium volens neque nolens: sed loquendo de voluntate consequente quo
122 1831 1605 1881 ad actum volendi vt terminatur ad filium, dicendus est generare volens: quia & amore essentiali & amo
121 1872 1608 1933 re notionali complacet ei in prole genita. Similiter loquendo de intellectu antecedente vt terminatur ad
123 1918 1606 1972 spiritum sanctum, pater & filius non sunt dicendi spirare spiritum sanctum intelligentes: sed loquendo de in
112 1968 1601 2018 tellectu consequente quo ad actum intelligendi vt terminatur ad spiritum sanctum, dicendi sunt spirare
123 2009 1595 2072 spiritum sanctum intelligentes: quia & notitia essentiali & notitia notionali cognoscunt amorem
122 2049 393 2115 procedentem a se.
122 2072 1592 2164 ⁋ Ad primum ergo obiectum quod spiritus sanctus procedit de patre & filio vt amor de
116 2151 1609 2207 notitia: quia sic contigit in partibus imaginis creatae: Dico secundum iam exposita quod loquendo de aliquo quasi ma
117 2200 1609 2255 terialiter spiritus sanctus non procedit de notitia: nec similiter in partibus imaginis amor aut voluntas: & similiter i
122 2244 1609 2302 neque loquendo de aliquo elicitiue vt de ratione propter quam sic. Dicitur tamen procedere de noscentibus, inquantum
122 2291 1600 2349 notitia sumitur pro habitu vel actu noscendi: & similiter de notitia genita & igenita inquantum notitia sumitur
109 2337 1598 2394 personaliter secundum iam expositum modum. Et ideo cum in partibus imaginis amor dicitur procedere de mente & de no
126 2378 1609 2439 titia vt de notitia duplici, genita. scilicet & ingenita: & similiter voluntas dicitur procedere de memoria & intel
120 2427 1608 2474 ligentia vt de duplici notitia: ibi accipitur notitia quasi personaliter: & stat ibi mens pro habente mentem
122 2471 1609 2523 siue pro meminente, & notitia pro cognoscente, qui personaliter est ipsa notitia aut habens in se notitiam, sumen
118 2520 1603 2568 do notitiam pro habitu aut actu. Et sic loquitur Augustinus quando de processu amoris qui est spiritus sanctus di-
117 2562 1602 2612 cit. x. de trinitate. cap. xii. Ab ipsa quippe mente procedit. Et ibi similiter accipitur memoria pro habente memoriam
121 2609 1609 2660 siue pro memorante, & intelligentia pro intelligente, qui personaliter est ipsa intelligentia aut habens in
110 2657 1608 2710 se intelligentiam, sumendo intelligentiam pro actu aut habitu. secundum quod haec omnia debent
124 2698 1609 2751 exponi disputando de creatura intellectuali in generali quomodo creata est ad imaginem, & quo
111 2750 1609 2819 modo est imago creatoris: & sic ratio illa nullo modo potest procedere contra determinata.
