2017 3162
138 229 1594 305 dit distinctionem attributorum, distinctam apprehensionem a patre necesse est praecedere productionem
153 298 1596 349 verbi ordine rationis: licet sua apprehensio vt est verbi sequatur illam. aliter enim verbum non diceretur pro
145 334 1606 395 cedere modo intellectus, & spiritus sanctus modo voluntatis. Dico tamen quod ipsa processio verbi non dependet
134 378 1599 453 ab ipsa distinctione: nec requirit ipsam quasi praeuiam quo ad id quod rationis seu a ratione in ipsis distin-
143 425 1590 482 ctis: sed solum quo ad id quod sunt in ipsa diuina essentiam virtute & quasi inchoatiue & in aptitudine
139 468 1595 527 ad distinctionem qua existit in actuali consideratione intellectus: & sic sunt origines emanationum. Sed sunt
133 510 1599 570 aliqui qui concedunt conclusum in dicto argumento: dicentes quod non dicitur verbum procedere modo intellectus
137 567 1583 618 & spiritus sanctus modo voluntatis: quia intellectus & voluntas sunt principia productiua personarum vt
139 609 1589 661 sunt intellectus & voluntas. Non est ita: sed ipsa diuina essentia est principium productiuum personarum vt
139 650 1595 708 est subintrans quendam modum qui est proprietas relatiua. per hoc enim habet in se vim generatiuam & spira-
145 693 1587 753 tiuam. ⁋ Quod autem dicitur quod vna productio procedit per modum naturae & intellectus: altera vero per modum volun
136 738 1592 793 tatis: sic debet intelligi vt dicunt scilicet quod vna procedit in essentia diuina per vim talem: alia vero per vim aliam: quarum
151 786 1592 846 processiones nominamus modo intellectus & voluntatis. Quare in creaturis tales modos reprimus: vbi
140 837 1583 889 scilicet vnum procedit ab alio, & est productio naturae: aliud vero a duobus, & est productio voluntatis: quae praesuper
149 878 1592 945 ponit intellectum. Quod dicunt quia tenent pro firmo quod impossibile est in deo aliquorum corporalium distinctam
146 923 1585 980 apprehensionem esse nisi in verbo & per verbum: ita quod impossibile sit intelligi quod in diuinis sit vna processio
151 962 1589 1021 modo intellectus, & alia modo voluntatis: aut quod in deo sint distincta vllo modo natura aut voluntas
140 1014 1593 1067 aut aliqua alia attributa inter se nisi in verbo & per verbum, & nisi cointelligendo consimilia vel correspon-
139 1055 1589 1117 dentia in creaturis. Et dicunt quod ideo Augustinus vocat filium artem: vbi exponendo dicta Hila. lib. vi. de
152 1099 1598 1154 trinitate cap. vltimo dicit sic. In imagine nominauit speciem tanquam verbum perfectum cui non desit aliquid
138 1144 1603 1199 & ars quaedam omnipotentis & sapientis dei plena omnium rationum viuentium incommutabi-
145 1188 1599 1248 lium: & omnes vnum in ea sicut ipsa vnum de vno cum quo vnum. Qualiter attributorum distin-
140 1228 1605 1297 ctio in diuinis non est accipienda per habitudinem ad creaturas extra: sed solummodo adintra, satis de
152 1279 1596 1345 claratum est supra loquendo de attributis: & amplius declarabitur infra loquendo de relationibus
143 1319 1598 1383 communibus. Quia autem ista distinctio non sit solummodo in verbo & per verbum: sed per intellectum essentialem
148 1367 1608 1434 patris vt patris est, iam (vt arbitror) est satis declaratum. Ad aliud dictum Augustini quod verbum est ars
145 1410 1599 1483 plena rationum: Dico quod ibi Augustinus non loquitur de rationibus attributalibus: sed solummodo de
146 1457 1598 1517 rationibus idealibus: quae sunt rationes cognitiuae & causatiuae essentiarum in creaturis. Quod be
148 1495 1607 1566 ne declarat Augustinus subdens post verbum praedictum. lbi nouit deus omnia quae fecit deus per ipsam
152 1546 1604 1604 non solum in esse essentiae quo ad rerum formas & species: sed etiam in esse existentiae quo ad rerum
148 1595 1598 1651 specifica indiuidua. Vnde sequitur continue. Et ideo cum decedunt & succedunt tempora, non de
156 1632 1595 1695 cedit nec succedit aliquid scientiae dei. Non enim quae creata sunt ideo sciuntur a deo quia facta sunt, &
149 1680 1594 1738 non potius ideo facta sunt vel mutabilia quia immutabiliter ab eo sciuntur. ⁋ Quia vero dicunt quod in-
149 1729 1605 1781 tellectus & voluntas in deo non sunt principia productiua personarum sed potius diuina essentia sub
152 1774 1602 1834 intrans modum & rationem proprietatum: Dico quod diuina essentia non est principium diuinarum ema
149 1814 1614 1872 nationum subintrans rationem proprietatum, nisi ipsa ordine quodam rationis primo sit origo intel
145 1861 1605 1917 lectus & voluntatis immediate subintrans modos illorum originaliter, inquantum quasi virtute
149 1903 1605 1964 in ipsa sunt essentia. sic enim sunt proxima principia subintrantia rationes illarum proprietatum re
154 1952 1604 2011 latiuarum, & hoc realiter, sicut iam exposuimus. ⁋ Quia autem dicunt quod filius dicitur procedere modo
152 1994 1615 2049 naturae & intellectus, & spiritus sanctus modo voluntatis: quia in creaturis consimiles modos proce
157 2035 1608 2100 dendi reperimus: hoc nihil arguit, nec aliquam rationem dicti eorum ostendi: quia consimili modo
158 2086 1613 2152 possumus dicere de ipsis emanationibus: scilicet quod filius dicitur procedere generatione & spiritus san-
158 2127 1606 2188 ctus processione, quia consimilia & correspondentia illis inueniuntur in creaturis: quod tamen omnis falsum
161 2172 1598 2232 esse pronunciauit, quia sicut horum distinctio est ibi actione & natura rei, similiter est ibi illorum di-
164 2219 1607 2284 stinctio virtute & natura rei: licet non compleatur nisi ab intellectu. ⁋ Argumenta duo vltima conce
162 2268 869 2333 denda sunt secundum modum iam expositum.
423 2328 1605 2400 Irca septimum arguitur quod spiritus sanctus non sit amor quo pater & filius di-
447 2395 1618 2452 igunt se & alia, Primo sic. sicut se habet filius inquantum est notitia ad actum intelligen
464 2443 1619 2496 i ex parte intellectus: sic se habet spiritus sanctus inquantum est amor ad actum
447 2490 1618 2545 diligendi ex parte voluntatis, quia sicut filius inquantum est notitia est perfectio
443 2535 1617 2591 vel quasi intellectus secundum superius determinata: sic spiritus sanctus est perfectio
446 2584 1617 2630 vel quasi voluntatis. sed pater non intelligit se & alia filio vt est verbum siue no
433 2623 1619 2677 titia: quia per quod intelligit sapit. Non autem sapit verbo sed sapientia siue genita
167 2665 1619 2735 secundum Augustinum. vii. de trinitate cap i. &. 4. ergo &c. ⁋ Secundo sic. si pater & filius dilige-
