2017 3210
437 236 1905 325 est quod producere fiorem. Nunc autem in proposito diligere cum sit purum essentiale, non est idem
430 309 1896 368 quod producere amorem. & ideo licet in ratione causae formalis bene dicitur arbor fiorere flore, eo quod flo-
428 356 1899 412 rere includit actum propinquum producendi fiorem: non tamen in ratione effectus formalis dici sic
446 404 1895 455 potest pater diligere amore qui est spiritus sanctus, quia licet per actum diligendi a patre procedat
433 442 1905 499 spiritus sanctus, hoc tamen non est nisi vt per actum producendi remotum. Praeterea quando actus
427 497 1901 553 construitur cum ablatiuo in ratione effectus formalis, verbum illud necessario ex se sic est absolutum
436 543 1900 595 quod nullo modo potest simul construi cum alio in quod designetur transire. Non enim potest dici quod arbor
434 582 1908 638 floret hoc vel illud fiore. Sed in proposito verbum diligendi simul potest construi cum dicto ablati-
437 630 1905 678 uo & transire in aliud, dicendo pater diligit filium vel creaturam amore qui est spiritus sanctus. & hoc quia
431 673 1897 718 quando illo modo construitur, ablatiuus ille non dicit nisi rationem quandam circa actum vt ab-
437 717 1916 769 solute habet esse in subiecto: non autem vt transeat in aliquem terminum extra. Quando vero isto mo
440 762 1908 814 do construitur, iste ablatiuus non dicit rationem circa actum vt habet esse in subiecto: sed potius
430 811 1921 860 vt transit in aliquid extra: & ideo dicit rationem & circunstantiam transeuntem in illud. & tunc
428 858 1902 909 actus ille construitur cum ablatiuo tanquam cum eo quo actus ordinatur & dirigitur in illud. Sic in pro
430 899 1904 958 posito pater diligit amore qui est spiritus sanctus, tanquam eo quo ordinatur actus diligendi in illud quod
440 944 1912 1004 diligitur vel natum est diligi a patre. Secundum hunc modum igitur oportet hic assignare aliquam ra
427 989 1902 1039 tionem a praedictis, qua talis ablatiuus dicendus est construi cum tali verbo. ⁋ Ad cuius inuestiga
434 1034 1906 1088 tionem aduertendum est quod diligere in diuinis tripliciter accipitur. Primo modo vt est purum essen
429 1088 1908 1140 tiale: vt quando dicit actum diligendi simplicem. Secundo modo vt habet annexum aliquid notiona
427 1124 1917 1174 le, vt quando dicit actum diligendi incentiue ex parte diligentis, & gratificatiue ex parte dilecti. Ter
437 1170 1913 1227 tio modo vt accipitur pro notionali extenso ad essentiale: vt quando accipitur pro actu fiagrandi, se
434 1216 1908 1264 cundum quod iam declarabitur. Si ergo accipitur diligere primo modo, dico quod nullo modo dictus abla
441 1261 1912 1311 tiuus construi debet cum tali verbo: nec vllo modo est haec recipienda, pater diligit amore vel dili-
452 1304 1915 1356 it filium vel aliquid aliud spiritu sancto. Similiter neque de filio neque de seipso spiritu sancto, quod di-
443 1353 1911 1403 ligit amore qui est spiritus sctuns. Nec est ratio eliciendi talem actum de subiecto, vt habitum est supra: nec
434 1396 1909 1447 etiam ratio dirigendi ipsum in obiectum: sed horum ratio solummodo est amor essentialis: quia ta
428 1435 1905 1488 lis actus & directio in obiectum conueniret personae vniuoce, si esset in diuinis absque amore proce-
444 1483 1905 1546 dente, & similiter absque verbo procedente: & sic quasi primo conveniret patri quam generare aliquid spirare. Si
437 1531 1911 1588 vero accipitur diligere secundo modo, videlicet vt habet annexum aliquid notionale, puta vt cum
440 1574 1905 1633 dicit actum diligendi incentiue: dico quod illa bene est recipienda, pater diligit spiritu sancto: quia licet
427 1620 1904 1670 amor procedens non sit ratio eliciendi actum diligendi simpliciter de subiecto, & ordinandi ipsum
441 1666 1915 1712 in subiectum: est tamen bene ratio incentiui circa actum, & hoc in ordine eius ad subiectum a quo eli-
443 1705 1918 1768 citur, & etiam in ordine ad obiectum, secundum quod iam inferius declarabitur in solutione primi ar
440 1760 1908 1815 gumenti. Pater enim etsi non diligit nude & simpliciter nisi amore essentiali: incentiue tamen non diligit nisi
427 1806 1912 1862 amore notionali qui est spiritus sanctus. Quia sicut se habet diligere simpliciter ad amorem simplici
434 1848 1908 1899 ter: sic se habet diligere incentiue ad amorem notionalem. Est enim ratio incentiui aliquod notionalis circa actum
443 1890 1907 1946 diligendi essentialem, licet cum illa determinatione tribus personis conueniat. Si vero diligere ac-
437 1939 1903 1996 cipiatur tertio modo, videlicet pro notionali extenso ad essentiale, vt puta pro actu fiagrandi: dico quod
437 1989 1903 2038 adhuc bene recipitur illa, pater diligit spiritu sancto, quia licet amor notionalis non sit ratio elicien
421 2028 1902 2079 di actum talem de subiecto, est tamen ratio ordinandi ipsum in obiectum. ⁋ Ad cuius intellectum
421 2077 1902 2127 est aduertendum secundum praedicta, quod sicut ex parte intellectus circa actum producendi eius est
433 2116 1911 2185 vna notio secundum rem: diuersa vero secundum solam rationem, qua pater dicitur generare fi-
425 2162 1908 2220 lium, & dicere verbum: & similiter eandem personam nominant secundum rem filius & verbum:
433 2204 1905 2263 licet secundum diuersas rationes: sic ex parte voluntatis circa actum producendi eius vna notio est
426 2249 1903 2303 secundum rem quae secundum rationes diuersas diuersis nominibus est appellanda: & similiter vna
422 2298 1900 2360 persona secundum diuersas rationes diuersis nominibus est appellanda. Sed secundum vnam ratio
430 2348 1901 2393 nem nomen est ei impositum tam actui quam personae: secundum quam pater & filius dicuntur spirare spi
432 2383 1900 2440 ritum sanctum: & respondet actus spirandi ex parte voluntatis, actui generandi ex parte intellectus: &
431 2434 1909 2495 nomen spiritus respondet filio. Secundum aliam autem rationem nomen non est impositum nec actui
428 2483 1900 2541 nec personae: sed actum possumus dicere flagrare, & personam possumus appellare zelum: vt flagrare
428 2525 1898 2587 respondeat illi quod est dicere, & zelum verbo. Et sicut dicere ex parte intellectus non solum accipitur vt
435 2572 1900 2630 purum notionale, & vt dicit solum actum producendi verbum, & construitur cum verbo in ac-
435 2614 1908 2661 cusatiuo, dicendo pater dicit verbum: sed etiam vt extenditur ad essentiale & dicit rationem ma-
423 2660 1893 2714 nifestationis siue declarationis apud intellectum illorum quae intellecta sunt intelligentia simplici
418 2696 1914 2761 formata per ipsum verbum vt per manifestatiuum cuilibet intellectui illustrato vero verbo: sic etiam fia
