<?xml version="1.0" encoding="UTF-8" standalone="yes"?>
<PcGts xmlns="http://schema.primaresearch.org/PAGE/gts/pagecontent/2013-07-15" xmlns:xsi="http://www.w3.org/2001/XMLSchema-instance" xsi:schemaLocation="http://schema.primaresearch.org/PAGE/gts/pagecontent/2013-07-15 http://schema.primaresearch.org/PAGE/gts/pagecontent/2013-07-15/pagecontent.xsd">
    <Metadata>
        <Creator>prov=University of Rostock/Institute of Mathematics/CITlab|PLANET AI GmbH/Gundram Leifert/gundram.leifert@planet-ai.de:name=Badius1520-m2(htr_id=24043)::::v=2.6.6
prov=University of Rostock/Institute of Mathematics/CITlab|PLANET AI GmbH/Tobias Gruening/tobias.gruening@planet-ai.de:name=de.uros.citlab.module.baseline2polygon.B2PSeamMultiOriented:v=2.6.6
prov=University of Rostock/Institute of Mathematics/CITlab|PLANET AI GmbH/Tobias Gruening/tobias.gruening@planet-ai.de:name=/net_tf/LA73_249_0mod360.pb:de.uros.citlab.segmentation.CITlab_LA_ML:v=2.6.6
Transkribus</Creator>
        <Created>2020-04-15T01:42:58.525+02:00</Created>
        <LastChange>2020-05-22T22:56:05.319+02:00</LastChange>
        <TranskribusMetadata docId="369791" pageId="14432676" pageNr="389" tsid="29523505" status="IN_PROGRESS" userId="25065" imgUrl="https://files.transkribus.eu/Get?id=IPDZQDCHMRKEDKGXLMTYHYDJ&amp;fileType=view" xmlUrl="https://files.transkribus.eu/Get?id=KOIDAESLMIWRXCTRLAEFTEDD" imageId="10395826"/>
    </Metadata>
    <Page imageFilename="388.jpg" imageWidth="2017" imageHeight="3143">
        <ReadingOrder>
            <OrderedGroup id="ro_1590235579882" caption="Regions reading order">
                <RegionRefIndexed index="0" regionRef="TextRegion_1589421004121_3398"/>
            </OrderedGroup>
        </ReadingOrder>
        <TextRegion orientation="0.0" id="TextRegion_1589421004121_3398" custom="readingOrder {index:0;}">
            <Coords points="126,249 1570,249 1570,2726 126,2726"/>
            <TextLine id="r1l2" custom="readingOrder {index:0;}">
                <Coords points="146,310 1577,315 1577,265 1401,240 147,249"/>
                <Baseline points="156,290 226,290 297,290 367,291 438,291 509,291 579,291 650,291 720,291 791,293 862,293 932,293 1003,294 1073,294 1144,296 1215,297 1285,297 1356,299 1426,300 1497,302 1568,303"/>
                <TextEquiv>
                    <Unicode>tionem productio spiritus sancti secundum se, &amp; productio eius in filio a patre vel econverso. Et est ordine</Unicode>
                </TextEquiv>
            </TextLine>
            <TextLine id="r1l3" custom="readingOrder {index:1;}">
                <Coords points="141,347 1526,364 1572,316 141,308"/>
                <Baseline points="150,338 220,336 291,336 361,336 432,336 503,336 573,336 644,336 715,338 785,338 856,338 927,338 997,339 1068,339 1139,341 1209,341 1280,342 1351,344 1421,344 1492,345 1563,347"/>
                <TextEquiv>
                    <Unicode>naturae ratio processionis spiritus sancti prima respectu rationis processionis eiusdem in alterutrum illorum. Spitus</Unicode>
                </TextEquiv>
            </TextLine>
            <TextLine id="r1l4" custom="readingOrder {index:2;}">
                <Coords points="139,395 1569,399 1557,356 139,349"/>
                <Baseline points="147,380 217,380 288,380 358,381 429,381 500,381 570,381 641,381 712,381 782,381 853,383 924,383 994,383 1065,384 1136,384 1206,386 1277,387 1348,387 1418,389 1489,390 1560,392"/>
                <TextEquiv>
                    <Unicode>sctuns enim a patre procedit quasi accipiendo esse: licet non potest non esse neque duratione: neque natura.</Unicode>
                </TextEquiv>
            </TextLine>
            <TextLine id="line_1589421004197_3401" custom="readingOrder {index:3;}">
                <Coords points="137,446 1578,449 1579,408 138,396"/>
                <Baseline points="146,423 219,423 293,423 367,423 441,423 515,423 589,424 662,425 736,425 810,425 884,426 958,427 1032,428 1106,429 1179,429 1253,431 1327,432 1401,434 1475,435 1549,437 1570,437"/>
                <TextEquiv>
                    <Unicode>Ab eodem autem procedit quasi vlterius in filium vt iam habens. Re vera ergo vt procedit obiectio, alia est</Unicode>
                </TextEquiv>
            </TextLine>
            <TextLine id="r1l6" custom="readingOrder {index:4;}">
                <Coords points="143,480 1572,496 1531,442 144,446"/>
                <Baseline points="153,470 223,470 294,470 364,470 435,470 505,470 576,470 646,470 717,471 787,471 858,471 928,471 999,473 1069,473 1140,474 1210,474 1281,476 1351,477 1422,479 1492,480 1563,482"/>
                <TextEquiv>
                    <Unicode>actio qua spiritus sanctus mutuo datur filio a patre: &amp; qua procedit ab vtroque: sed secundum rationem tantum.</Unicode>
                </TextEquiv>
            </TextLine>
            <TextLine id="line_1589421004199_3403" custom="readingOrder {index:5;}">
                <Coords points="146,525 1578,544 1579,499 147,480"/>
                <Baseline points="155,513 229,513 304,515 379,515 453,515 528,515 603,515 677,515 752,515 827,516 901,516 976,517 1051,518 1125,519 1200,519 1275,521 1349,522 1424,524 1499,525 1570,526"/>
                <TextEquiv>
                    <Unicode>Propter quod non sequitur vlterius quod dare spiritum &amp; spirare ipsum sint duae actiones notionales: non </Unicode>
                </TextEquiv>
            </TextLine>
            <TextLine id="r1l8" custom="readingOrder {index:6;}">
                <Coords points="135,571 1578,595 1578,543 1505,531 135,528"/>
                <Baseline points="144,557 215,558 286,558 357,558 428,560 500,560 571,560 642,560 713,560 784,560 856,561 927,561 998,561 1069,563 1140,563 1212,564 1283,566 1354,567 1425,569 1496,570 1568,573"/>
                <TextEquiv>
                    <Unicode>secundum rationem tantum: &amp; similiter dari &amp; spirari: quod nullum est inconveniens: Quemadmodum verbum &amp;</Unicode>
                </TextEquiv>
            </TextLine>
            <TextLine id="r1l9" custom="readingOrder {index:7;}">
                <Coords points="135,615 1196,619 1196,576 1040,566 135,571"/>
                <Baseline points="144,603 196,603 248,603 300,605 352,605 405,605 457,605 509,605 561,605 613,605 666,605 718,605 770,606 822,606 874,606 927,606 979,607 1031,608 1083,608 1135,609 1188,609"/>
                <TextEquiv>
                    <Unicode>filius sunt duae relationes notionales differentes secundum rationem tantum.</Unicode>
                </TextEquiv>
            </TextLine>
            <TextLine id="r1l10" custom="readingOrder {index:8;}">
                <Coords points="333,683 881,679 946,709 1299,689 1299,641 1176,617 1021,646 511,613 333,633"/>
                <Baseline points="342,674 389,672 436,672 484,671 531,671 579,671 626,671 673,671 721,669 768,671 816,671 863,671 910,671 958,672 1005,672 1053,674 1100,674 1147,675 1195,677 1242,678 1290,680"/>
                <TextEquiv>
                    <Unicode>⁋ Art. LXIl. De Relationibus communibus absolute. </Unicode>
                </TextEquiv>
            </TextLine>
            <TextLine id="r1l11" custom="readingOrder {index:9;}">
                <Coords points="539,748 1572,758 1572,700 1466,707 1418,672 1339,711 540,683"/>
                <Baseline points="549,734 599,734 650,734 700,734 751,734 802,734 852,734 903,734 954,734 1004,735 1055,735 1106,737 1156,737 1207,737 1258,738 1308,739 1359,740 1410,741 1460,742 1511,743 1562,744"/>
                <TextEquiv>
                    <Unicode>Xpedito hucusque a. liii. articulo de pertinentibus in diuinis ad </Unicode>
                </TextEquiv>
            </TextLine>
            <TextLine id="r1l12" custom="readingOrder {index:10;}">
                <Coords points="548,793 1568,805 1569,757 549,749"/>
                <Baseline points="557,780 607,780 657,780 707,780 757,780 807,780 857,782 907,782 957,782 1007,782 1058,783 1108,783 1158,783 1208,785 1258,786 1308,786 1358,788 1408,788 1458,789 1508,791 1559,792"/>
                <TextEquiv>
                    <Unicode>relationes proprias &amp; notionales: quibus personae distinguuntur, aut etiam con</Unicode>
                </TextEquiv>
            </TextLine>
            <TextLine id="r1l13" custom="readingOrder {index:11;}">
                <Coords points="542,837 1566,841 1545,798 543,790"/>
                <Baseline points="551,825 601,825 651,825 701,825 752,825 802,825 852,825 903,825 953,825 1003,827 1054,827 1104,827 1154,828 1204,828 1255,830 1305,830 1355,831 1406,831 1456,833 1506,833 1557,834"/>
                <TextEquiv>
                    <Unicode>stituuntur: sequitur de illis quae pertinent in eisdem ad relationes cones quae conse-</Unicode>
                </TextEquiv>
            </TextLine>
            <TextLine id="r1l14" custom="readingOrder {index:12;}">
                <Coords points="552,886 1574,887 1574,853 1524,843 553,843"/>
                <Baseline points="561,869 611,869 661,869 711,869 761,869 812,869 862,870 912,870 962,870 1012,870 1063,871 1113,872 1163,872 1213,873 1263,873 1314,875 1364,875 1414,876 1464,877 1514,878 1565,879"/>
                <TextEquiv>
                    <Unicode>quuntur diuinas personas distinctas, &amp; in esse constitutas: cuiusmodi sunt</Unicode>
                </TextEquiv>
            </TextLine>
            <TextLine id="line_1589421004203_3405" custom="readingOrder {index:13;}">
                <Coords points="549,927 1496,948 1578,935 1579,890 550,888"/>
                <Baseline points="558,914 608,914 659,914 710,914 761,914 812,914 863,914 913,915 964,915 1015,915 1066,915 1117,917 1168,917 1219,918 1269,918 1320,920 1371,920 1422,921 1473,923 1524,924 1570,925"/>
                <TextEquiv>
                    <Unicode>dentitas, aequalitas, &amp; similitudo. Quarum contraria sunt diuersitas, inaequali</Unicode>
                </TextEquiv>
            </TextLine>
            <TextLine id="r1l16" custom="readingOrder {index:14;}">
                <Coords points="538,978 1546,990 1575,946 539,928"/>
                <Baseline points="548,960 598,960 649,960 700,960 751,960 802,959 853,960 903,960 954,960 1005,960 1056,960 1107,962 1158,962 1209,963 1259,963 1310,963 1361,965 1412,966 1463,967 1514,968 1565,969"/>
                <TextEquiv>
                    <Unicode>tas, &amp; dissimilitudo, quae nequaquam in diuinis repiuntur. Et quia plerumque con-</Unicode>
                </TextEquiv>
            </TextLine>
            <TextLine id="r1l17" custom="readingOrder {index:15;}">
                <Coords points="535,1012 1575,1027 1575,977 536,976"/>
                <Baseline points="545,1002 596,1002 647,1004 698,1004 749,1004 800,1004 851,1004 902,1004 953,1004 1004,1005 1055,1005 1106,1005 1157,1007 1208,1007 1259,1008 1310,1008 1361,1010 1412,1011 1463,1013 1514,1014 1566,1016"/>
                <TextEquiv>
                    <Unicode>trarium iuxta contrarium clarius illucescit: &amp; vt dicit Ricari. i. de trinitate. ca. x.</Unicode>
                </TextEquiv>
            </TextLine>
            <TextLine id="line_1589421004204_3407" custom="readingOrder {index:16;}">
                <Coords points="541,1062 1579,1071 1579,1033 1533,1022 542,1014"/>
                <Baseline points="551,1049 602,1049 653,1049 704,1049 755,1049 806,1049 857,1049 908,1049 959,1049 1010,1049 1061,1050 1112,1050 1163,1050 1214,1051 1265,1052 1316,1053 1367,1053 1418,1055 1469,1056 1520,1058 1570,1058"/>
                <TextEquiv>
                    <Unicode>in natura creata legimus quod de natura increata pesare vel aestimare</Unicode>
                </TextEquiv>
            </TextLine>
            <TextLine id="r1l19" custom="readingOrder {index:17;}">
                <Coords points="541,1102 1577,1128 1546,1065 542,1063"/>
                <Baseline points="551,1092 601,1092 652,1092 703,1092 754,1092 805,1092 856,1092 906,1092 957,1094 1008,1094 1059,1094 1110,1094 1161,1095 1212,1095 1262,1096 1313,1097 1364,1098 1415,1098 1466,1100 1517,1101 1568,1103"/>
                <TextEquiv>
                    <Unicode>debemus: ldeo paulo altius proposito ordiendo materiam de rela-</Unicode>
                </TextEquiv>
            </TextLine>
            <TextLine id="line_1589421004205_3409" custom="readingOrder {index:18;}">
                <Coords points="537,1158 1568,1168 1579,1134 1522,1109 537,1111"/>
                <Baseline points="546,1136 597,1136 648,1137 699,1137 751,1137 802,1137 853,1137 904,1137 956,1139 1007,1139 1058,1139 1109,1139 1161,1139 1212,1140 1263,1140 1314,1142 1366,1142 1417,1143 1468,1145 1519,1147 1570,1148"/>
                <TextEquiv>
                    <Unicode>tionibus communibus quae sunt identitas &amp; diuersitas, aequalitas &amp; inaequalitas,</Unicode>
                </TextEquiv>
            </TextLine>
            <TextLine id="r1l22" custom="readingOrder {index:19;}">
                <Coords points="118,1207 1568,1200 1545,1155 118,1144"/>
                <Baseline points="126,1183 194,1184 319,1182 388,1182 457,1182 526,1182 595,1182 663,1182 732,1182 801,1182 870,1182 939,1184 1008,1184 1077,1184 1145,1185 1214,1185 1283,1187 1352,1187 1421,1188 1490,1190 1559,1191"/>
                <TextEquiv>
                    <Unicode>similitudo &amp; dissimilitudo: in quibuscumque inueniantur: intentum nostrum prosequmur: principaliter tamen quo </Unicode>
                </TextEquiv>
            </TextLine>
            <TextLine id="r1l23" custom="readingOrder {index:20;}">
                <Coords points="128,1234 1569,1246 1569,1208 1463,1197 128,1198"/>
                <Baseline points="136,1226 205,1226 312,1226 381,1226 451,1226 520,1226 589,1226 658,1226 728,1226 797,1227 866,1227 935,1227 1005,1227 1074,1228 1143,1229 1212,1229 1282,1230 1351,1232 1420,1232 1489,1234 1559,1236"/>
                <TextEquiv>
                    <Unicode>ad identitatem, aequalitatem, &amp; similitudinem vt habent esse in diuinis: &amp; ad ampliorem intellectum illorum vt</Unicode>
                </TextEquiv>
            </TextLine>
            <TextLine id="r1l24" custom="readingOrder {index:21;}">
                <Coords points="129,1282 1578,1310 1553,1242 130,1236"/>
                <Baseline points="138,1271 209,1271 281,1271 352,1271 424,1271 495,1271 567,1271 638,1271 710,1271 781,1272 853,1272 925,1272 996,1272 1068,1274 1139,1274 1211,1275 1282,1275 1354,1276 1425,1277 1497,1278 1569,1280"/>
                <TextEquiv>
                    <Unicode>habent esse in diuinis specialiter, generaliter vt etiam habent esse in creaturis. Et primo in generali</Unicode>
                </TextEquiv>
            </TextLine>
            <TextLine id="r1l25" custom="readingOrder {index:22;}">
                <Coords points="138,1329 1575,1339 1529,1287 138,1288"/>
                <Baseline points="146,1314 217,1314 288,1314 359,1314 430,1314 501,1316 572,1316 643,1316 714,1316 785,1316 856,1317 927,1317 998,1317 1069,1319 1140,1319 1211,1320 1282,1320 1353,1322 1424,1322 1495,1323 1566,1325"/>
                <TextEquiv>
                    <Unicode>prout habent esse communiter in deo &amp; in creaturis: deinde specialiter prout habent esse in deo. </Unicode>
                </TextEquiv>
            </TextLine>
            <TextLine id="r1l26" custom="readingOrder {index:23;}">
                <Coords points="134,1369 1537,1400 1570,1334 134,1329"/>
                <Baseline points="143,1359 213,1359 284,1359 355,1359 426,1359 497,1359 568,1361 638,1361 709,1361 780,1361 851,1362 922,1362 993,1363 1064,1364 1134,1364 1205,1365 1276,1367 1347,1368 1418,1368 1489,1370 1560,1371"/>
                <TextEquiv>
                    <Unicode>Et circa primum, Primo de ipsis generibus relationum conmunium secundum se &amp; absolute. Secundo de eis-</Unicode>
                </TextEquiv>
            </TextLine>
            <TextLine id="r1l27" custom="readingOrder {index:24;}">
                <Coords points="128,1411 928,1429 908,1375 128,1370"/>
                <Baseline points="137,1403 176,1403 215,1403 254,1404 293,1404 332,1404 371,1404 410,1404 449,1404 488,1404 527,1404 566,1404 605,1404 644,1404 683,1404 722,1406 761,1406 800,1406 839,1406 878,1407 918,1407"/>
                <TextEquiv>
                    <Unicode>dem in comparatione. Et circa primum istorum, quatuor. </Unicode>
                </TextEquiv>
            </TextLine>
            <TextLine id="r1l28" custom="readingOrder {index:25;}">
                <Coords points="137,1460 897,1472 897,1431 858,1420 137,1413"/>
                <Baseline points="146,1446 183,1446 220,1448 257,1448 294,1448 331,1448 368,1448 405,1448 442,1449 479,1449 517,1449 554,1448 591,1448 628,1449 665,1449 702,1449 739,1449 776,1449 813,1450 850,1451 888,1451"/>
                <TextEquiv>
                    <Unicode>Primum est vtrum sint aliquae relationes communes.</Unicode>
                </TextEquiv>
            </TextLine>
            <TextLine id="r1l29" custom="readingOrder {index:26;}">
                <Coords points="129,1501 762,1509 792,1529 824,1522 825,1463 129,1456"/>
                <Baseline points="138,1490 171,1490 205,1491 239,1493 273,1493 307,1493 341,1493 375,1494 409,1494 443,1494 477,1494 510,1494 544,1494 578,1494 612,1494 646,1494 680,1494 714,1494 748,1494 782,1494 816,1496"/>
                <TextEquiv>
                    <Unicode>Secundum: vtrum sint plures secundum genera.</Unicode>
                </TextEquiv>
            </TextLine>
            <TextLine id="r1l30" custom="readingOrder {index:27;}">
                <Coords points="138,1546 266,1560 293,1544 328,1560 371,1546 421,1564 610,1553 610,1504 540,1517 501,1502 345,1515 316,1502 196,1514 139,1501"/>
                <Baseline points="147,1535 172,1536 197,1536 222,1536 247,1538 272,1538 298,1538 323,1538 348,1538 373,1538 398,1539 423,1539 449,1539 474,1539 499,1539 524,1539 549,1539 574,1538 600,1538"/>
                <TextEquiv>
                    <Unicode>Tertium: vtrum sint tantum tres.</Unicode>
                </TextEquiv>
            </TextLine>
            <TextLine id="r1l31" custom="readingOrder {index:28;}">
                <Coords points="143,1592 1204,1608 1221,1547 959,1522 426,1565 143,1545"/>
                <Baseline points="152,1581 207,1581 263,1581 319,1583 374,1583 430,1583 486,1584 542,1584 597,1585 653,1586 709,1586 765,1587 820,1587 876,1589 932,1589 988,1590 1043,1590 1099,1592 1155,1592 1211,1593"/>
                <TextEquiv>
                    <Unicode>Quartum: vtrum omnes sint relationes secundum rem: an secundum rationem.</Unicode>
                </TextEquiv>
            </TextLine>
            <TextLine id="r1l32" custom="readingOrder {index:29;}">
                <Coords points="419,1636 1572,1650 1553,1600 420,1595"/>
                <Baseline points="428,1628 484,1628 541,1629 598,1629 655,1629 711,1631 768,1631 825,1632 882,1632 938,1634 995,1634 1052,1634 1109,1635 1165,1635 1222,1637 1279,1637 1336,1637 1392,1638 1449,1638 1506,1640 1563,1640"/>
                <TextEquiv>
                    <Unicode>Irca Primum arguitur quod non sit aliqua relatio communis, Primo sic generaliter tam in </Unicode>
                </TextEquiv>
            </TextLine>
            <TextLine id="r1l33" custom="readingOrder {index:30;}">
                <Coords points="423,1688 1539,1705 1560,1652 423,1636"/>
                <Baseline points="431,1671 487,1673 543,1673 599,1674 655,1674 711,1676 767,1676 823,1677 879,1677 935,1677 991,1679 1047,1679 1103,1680 1159,1680 1215,1680 1271,1682 1327,1682 1383,1682 1439,1683 1495,1683 1551,1685"/>
                <TextEquiv>
                    <Unicode>diuinis quam in creaturis. Sicut non dicitur relatio propria nisi quia solum vni creatorum</Unicode>
                </TextEquiv>
            </TextLine>
            <TextLine id="r1l34" custom="readingOrder {index:31;}">
                <Coords points="410,1730 1572,1748 1572,1698 1513,1691 411,1689"/>
                <Baseline points="419,1716 476,1716 533,1717 590,1718 647,1718 705,1719 762,1719 819,1719 876,1721 933,1721 991,1722 1048,1722 1105,1724 1162,1724 1219,1725 1277,1725 1334,1727 1391,1728 1448,1730 1505,1731 1563,1733"/>
                <TextEquiv>
                    <Unicode>convenit: puta paternitas in diuinis soli patri, &amp; filiatio soli filio, &amp; vniverstalit illae quae </Unicode>
                </TextEquiv>
            </TextLine>
            <TextLine id="r1l35" custom="readingOrder {index:32;}">
                <Coords points="417,1775 1491,1799 1566,1796 1567,1749 418,1725"/>
                <Baseline points="426,1763 482,1763 539,1763 595,1763 652,1763 708,1764 765,1764 821,1764 878,1764 934,1766 991,1766 1048,1766 1104,1767 1161,1767 1217,1769 1274,1769 1330,1770 1387,1772 1443,1772 1500,1773 1557,1775"/>
                <TextEquiv>
                    <Unicode>sunt in actiuis &amp; passiuis: sic non dicitur relatio communis nisi quia convenit vtrique ex-</Unicode>
                </TextEquiv>
            </TextLine>
            <TextLine id="r1l36" custom="readingOrder {index:33;}">
                <Coords points="412,1818 1559,1834 1559,1796 1463,1781 412,1779"/>
                <Baseline points="420,1805 476,1806 533,1806 589,1807 646,1808 702,1808 759,1808 815,1809 872,1809 928,1809 985,1811 1041,1811 1098,1811 1154,1812 1211,1812 1267,1813 1324,1814 1380,1815 1437,1815 1493,1817 1550,1818"/>
                <TextEquiv>
                    <Unicode>tremorum relatorum inter se. Sed non est aliqua relatio talis neque in diuinis neque </Unicode>
                </TextEquiv>
            </TextLine>
            <TextLine id="line_1589420976108_3385" custom="readingOrder {index:34;}">
                <Coords points="401,1857 1562,1879 1574,1835 401,1814"/>
                <Baseline points="410,1842 455,1845 521,1848 586,1851 651,1853 716,1854 782,1854 847,1856 912,1856 977,1856 1043,1856 1108,1856 1173,1856 1238,1856 1304,1857 1369,1857 1434,1860 1499,1862 1565,1865"/>
                <TextEquiv>
                    <Unicode>in creaturis: quia tam in his quam in illis relationis esse est ad aliud se habere: nec est</Unicode>
                </TextEquiv>
            </TextLine>
            <TextLine id="r1l38" custom="readingOrder {index:35;}">
                <Coords points="136,1907 1561,1917 1518,1868 136,1864"/>
                <Baseline points="144,1890 214,1892 284,1893 355,1894 425,1895 495,1895 566,1896 636,1896 706,1898 777,1898 847,1899 917,1899 988,1900 1058,1901 1128,1901 1199,1902 1269,1902 1339,1904 1410,1905 1480,1907 1551,1907"/>
                <TextEquiv>
                    <Unicode>relatio nisi inter relatiue opposita: Talia autem non sunt aliquibus communia: contraria enim &amp; vniversale opposita</Unicode>
                </TextEquiv>
            </TextLine>
            <TextLine id="r1l39" custom="readingOrder {index:36;}">
                <Coords points="126,1950 1565,1973 1565,1928 1331,1904 126,1905"/>
                <Baseline points="135,1937 206,1937 277,1938 348,1938 419,1940 490,1940 561,1941 632,1941 703,1942 774,1943 846,1943 917,1944 988,1944 1059,1946 1130,1946 1201,1947 1272,1947 1343,1949 1414,1949 1485,1950 1557,1952"/>
                <TextEquiv>
                    <Unicode>non sunt simul in eisdem. ergo &amp;c. ⁋ Secundo sic. cum opposita nata sint fieri circa idem: cone autem oppo-</Unicode>
                </TextEquiv>
            </TextLine>
            <TextLine id="r1l40" custom="readingOrder {index:37;}">
                <Coords points="139,1993 1569,2003 1550,1958 139,1953"/>
                <Baseline points="147,1982 217,1982 288,1982 358,1982 429,1983 500,1983 570,1985 641,1985 712,1986 782,1986 853,1988 924,1988 994,1989 1065,1989 1136,1991 1206,1991 1277,1992 1348,1992 1418,1992 1489,1994 1560,1994"/>
                <TextEquiv>
                    <Unicode>nitur proprio: si ergo sint relationes cones in deo aut in creaturis: opponuntur propriis relationibus</Unicode>
                </TextEquiv>
            </TextLine>
            <TextLine id="r1l41" custom="readingOrder {index:38;}">
                <Coords points="135,2038 1569,2055 1569,2003 135,1993"/>
                <Baseline points="144,2025 214,2027 285,2027 356,2028 427,2028 498,2028 568,2030 639,2030 710,2030 781,2031 852,2031 922,2031 993,2033 1064,2033 1135,2034 1206,2034 1276,2036 1347,2036 1418,2037 1489,2037 1560,2039"/>
                <TextEquiv>
                    <Unicode>in eisdem. hoc autem falsum est: quia in diuinis relationes propriae non opponuntur nisi inter se tantum. Similiter in</Unicode>
                </TextEquiv>
            </TextLine>
            <TextLine id="r1l42" custom="readingOrder {index:39;}">
                <Coords points="134,2082 1558,2100 1558,2052 1502,2047 135,2038"/>
                <Baseline points="144,2070 214,2070 284,2072 354,2072 424,2073 495,2073 565,2075 635,2075 705,2075 775,2076 846,2076 916,2076 986,2077 1056,2078 1126,2078 1197,2079 1267,2079 1337,2081 1407,2081 1477,2082 1548,2084"/>
                <TextEquiv>
                    <Unicode>creaturis non sunt rlesiones propriae: sed quae sunt, non sunt nisi in actiuis &amp; passiuis, &amp; in mensuris: quae non</Unicode>
                </TextEquiv>
            </TextLine>
            <TextLine id="r1l43" custom="readingOrder {index:40;}">
                <Coords points="136,2126 1485,2151 1562,2139 1563,2098 136,2084"/>
                <Baseline points="144,2114 214,2115 285,2116 355,2117 426,2118 496,2118 567,2118 637,2119 708,2120 778,2120 849,2120 919,2121 990,2121 1060,2122 1131,2123 1201,2123 1272,2124 1342,2126 1413,2127 1483,2129 1554,2130"/>
                <TextEquiv>
                    <Unicode>opponuntur nisi inter se. ergo &amp;c. ⁋ ldem arguitur tertio: sed specialiter in diuinis. Primo sic. secundum </Unicode>
                </TextEquiv>
            </TextLine>
            <TextLine id="r1l44" custom="readingOrder {index:41;}">
                <Coords points="132,2170 1566,2200 1552,2139 133,2125"/>
                <Baseline points="141,2159 211,2160 282,2162 353,2162 424,2163 495,2163 565,2163 636,2164 707,2165 778,2165 849,2165 919,2165 990,2165 1061,2166 1132,2166 1203,2168 1273,2169 1344,2171 1415,2172 1486,2174 1557,2177"/>
                <TextEquiv>
                    <Unicode>Damas. li. Sententiarum suarum ca. ii. &amp;. xi. Pater &amp; filius &amp; spiritus sanctus secundum omnia sunt vnum praeter ge </Unicode>
                </TextEquiv>
            </TextLine>
            <TextLine id="r1l45" custom="readingOrder {index:42;}">
                <Coords points="124,2213 1554,2231 1486,2183 124,2172"/>
                <Baseline points="132,2202 202,2204 273,2205 343,2207 414,2207 485,2208 555,2208 626,2208 697,2210 767,2210 838,2210 909,2210 979,2210 1050,2211 1121,2211 1191,2213 1262,2214 1333,2214 1403,2217 1474,2219 1545,2220"/>
                <TextEquiv>
                    <Unicode>nerationem, ingenerationem, &amp; processionem. Sed relationes cones siquae sunt in diuinis sunt, praeter genera</Unicode>
                </TextEquiv>
            </TextLine>
            <TextLine id="r1l46" custom="readingOrder {index:43;}">
                <Coords points="128,2265 1557,2273 1513,2228 129,2212"/>
                <Baseline points="138,2246 208,2247 279,2249 349,2250 420,2250 490,2252 561,2252 631,2253 702,2253 772,2253 843,2255 913,2255 984,2255 1054,2256 1125,2256 1195,2258 1266,2259 1336,2259 1407,2261 1477,2262 1548,2264"/>
                <TextEquiv>
                    <Unicode>rationem &amp; ingenerationem &amp; processionem: quia istae non sunt communes sed, propriae secundum ratione prin-</Unicode>
                </TextEquiv>
            </TextLine>
            <TextLine id="r1l47" custom="readingOrder {index:44;}">
                <Coords points="132,2303 1554,2328 1535,2274 133,2266"/>
                <Baseline points="141,2292 211,2292 281,2294 351,2294 421,2295 492,2295 562,2297 632,2297 702,2297 772,2298 843,2298 913,2300 983,2300 1053,2301 1123,2301 1194,2303 1264,2304 1334,2304 1404,2306 1474,2307 1545,2309"/>
                <TextEquiv>
                    <Unicode>cipii aut principiati: suntque praeter illa vnum: tum quia illud est substantia: &amp; substantia non est relatio: </Unicode>
                </TextEquiv>
            </TextLine>
            <TextLine id="r1l48" custom="readingOrder {index:45;}">
                <Coords points="132,2355 1530,2372 1554,2327 133,2303"/>
                <Baseline points="141,2334 211,2336 281,2337 351,2339 421,2339 492,2340 562,2340 632,2342 702,2342 772,2343 843,2343 913,2343 983,2345 1053,2345 1123,2346 1194,2346 1264,2348 1334,2349 1404,2351 1474,2352 1545,2354"/>
                <TextEquiv>
                    <Unicode>tum quia secundum relationem ipsa relata non sunt vnum: sed potius alia &amp; alia, quia (vt iam dictum est) rela</Unicode>
                </TextEquiv>
            </TextLine>
            <TextLine id="line_1589421004210_3411" custom="readingOrder {index:46;}">
                <Coords points="130,2393 1580,2406 1432,2357 130,2354"/>
                <Baseline points="138,2378 211,2380 284,2382 358,2382 431,2384 504,2385 578,2385 651,2387 724,2387 798,2387 871,2388 944,2388 1018,2390 1091,2390 1164,2391 1238,2393 1311,2393 1384,2395 1458,2397 1531,2399 1570,2399"/>
                <TextEquiv>
                    <Unicode>tionis esse est ad aliud se habere. ergo &amp;c. ⁋ Quarto sic. in dicto cap. xi. dicit Damasc.s In omnibus</Unicode>
                </TextEquiv>
            </TextLine>
            <TextLine id="r1l50" custom="readingOrder {index:47;}">
                <Coords points="133,2441 1563,2453 1537,2406 133,2396"/>
                <Baseline points="141,2424 211,2426 282,2427 352,2427 423,2429 494,2430 564,2430 635,2432 706,2432 776,2432 847,2433 918,2433 988,2435 1059,2435 1130,2436 1200,2436 1271,2438 1342,2438 1412,2439 1483,2441 1554,2442"/>
                <TextEquiv>
                    <Unicode>creaturis conitas siue quod cone est: ratione consideratur. in supsubstantiali autem trinitate econtrario</Unicode>
                </TextEquiv>
            </TextLine>
            <TextLine id="r1l51" custom="readingOrder {index:48;}">
                <Coords points="125,2486 1554,2497 1543,2452 125,2445"/>
                <Baseline points="135,2468 205,2469 275,2471 346,2472 416,2472 487,2474 557,2475 628,2475 698,2475 769,2477 839,2477 909,2478 980,2478 1050,2478 1121,2480 1191,2481 1262,2481 1332,2483 1403,2484 1473,2486 1544,2487"/>
                <TextEquiv>
                    <Unicode>est. illic enim cone &amp; vnum re consideratur. Sed relationes cones re non possunt considerari in diuinis: quia in</Unicode>
                </TextEquiv>
            </TextLine>
            <TextLine id="r1l52" custom="readingOrder {index:49;}">
                <Coords points="132,2527 1552,2542 1534,2495 133,2481"/>
                <Baseline points="141,2511 211,2514 281,2516 351,2517 421,2517 491,2519 561,2520 631,2520 701,2522 771,2522 841,2522 911,2523 981,2523 1051,2525 1121,2525 1191,2526 1261,2526 1331,2528 1401,2529 1471,2529 1542,2531"/>
                <TextEquiv>
                    <Unicode>diuinis nihil potest considerari re nisi substantia: quae est res vna absoluta &amp; non relatio: sicut dictum est</Unicode>
                </TextEquiv>
            </TextLine>
            <TextLine id="r1l53" custom="readingOrder {index:50;}">
                <Coords points="133,2569 1549,2589 1506,2540 133,2527"/>
                <Baseline points="141,2556 210,2558 280,2559 350,2561 420,2561 490,2562 560,2564 630,2564 700,2565 770,2565 840,2567 909,2567 979,2568 1049,2568 1119,2569 1189,2570 1259,2571 1329,2571 1399,2573 1469,2574 1539,2574"/>
                <TextEquiv>
                    <Unicode>&amp; tres personae quae sunt tres res subsistentes relatiue: &amp; quaetuor relationes reales: quaerum nulla est communis tiritit</Unicode>
                </TextEquiv>
            </TextLine>
            <TextLine id="r1l54" custom="readingOrder {index:51;}">
                <Coords points="123,2617 1485,2640 1553,2631 1554,2590 124,2570"/>
                <Baseline points="132,2601 202,2603 273,2604 343,2604 414,2606 485,2607 555,2607 626,2609 697,2609 767,2610 838,2610 909,2612 979,2612 1050,2613 1121,2614 1191,2615 1262,2616 1333,2617 1403,2618 1474,2619 1545,2621"/>
                <TextEquiv>
                    <Unicode>bus personis. ergo &amp;c. ⁋ Quinto sic. quaelibet relatio communis habet aliam relationem communem sibi contrariam &amp;</Unicode>
                </TextEquiv>
            </TextLine>
            <TextLine id="r1l56" custom="readingOrder {index:52;}">
                <Coords points="122,2657 1562,2674 1562,2627 123,2617"/>
                <Baseline points="132,2645 203,2646 274,2648 345,2649 416,2649 487,2651 558,2651 629,2652 700,2654 771,2654 842,2655 913,2655 984,2657 1055,2657 1126,2658 1197,2660 1268,2660 1339,2661 1410,2663 1481,2664 1553,2666"/>
                <TextEquiv>
                    <Unicode>oppositam: puta in creaturis identitas diuersitatem: aequalitas inaequalitatem: similitudo dissimilitudinem. Nunc autem</Unicode>
                </TextEquiv>
            </TextLine>
            <TextLine id="r1l57" custom="readingOrder {index:53;}">
                <Coords points="117,2701 1565,2738 1566,2672 118,2658"/>
                <Baseline points="126,2691 197,2693 269,2693 340,2694 412,2696 483,2697 555,2698 626,2699 698,2700 769,2700 841,2702 913,2702 984,2703 1056,2703 1127,2705 1199,2706 1270,2706 1342,2708 1413,2709 1485,2709 1557,2711"/>
                <TextEquiv>
                    <Unicode>ita est de oppositis &amp; contrariis quod nata sunt esse circa idem, quare cum tales contrarietates relationum</Unicode>
                </TextEquiv>
            </TextLine>
            <TextEquiv>
                <Unicode>tionem productio spiritus sancti secundum se, &amp; productio eius in filio a patre vel econverso. Et est ordine
naturae ratio processionis spiritus sancti prima respectu rationis processionis eiusdem in alterutrum illorum. Spitus
sctuns enim a patre procedit quasi accipiendo esse: licet non potest non esse neque duratione: neque natura.
Ab eodem autem procedit quasi vlterius in filium vt iam habens. Re vera ergo vt procedit obiectio, alia est
actio qua spiritus sanctus mutuo datur filio a patre: &amp; qua procedit ab vtroque: sed secundum rationem tantum.
Propter quod non sequitur vlterius quod dare spiritum &amp; spirare ipsum sint duae actiones notionales: non 
secundum rationem tantum: &amp; similiter dari &amp; spirari: quod nullum est inconveniens: Quemadmodum verbum &amp;
filius sunt duae relationes notionales differentes secundum rationem tantum.
⁋ Art. LXIl. De Relationibus communibus absolute. 
Xpedito hucusque a. liii. articulo de pertinentibus in diuinis ad 
relationes proprias &amp; notionales: quibus personae distinguuntur, aut etiam con
stituuntur: sequitur de illis quae pertinent in eisdem ad relationes cones quae conse-
quuntur diuinas personas distinctas, &amp; in esse constitutas: cuiusmodi sunt
dentitas, aequalitas, &amp; similitudo. Quarum contraria sunt diuersitas, inaequali
tas, &amp; dissimilitudo, quae nequaquam in diuinis repiuntur. Et quia plerumque con-
trarium iuxta contrarium clarius illucescit: &amp; vt dicit Ricari. i. de trinitate. ca. x.
in natura creata legimus quod de natura increata pesare vel aestimare
debemus: ldeo paulo altius proposito ordiendo materiam de rela-
tionibus communibus quae sunt identitas &amp; diuersitas, aequalitas &amp; inaequalitas,
similitudo &amp; dissimilitudo: in quibuscumque inueniantur: intentum nostrum prosequmur: principaliter tamen quo 
ad identitatem, aequalitatem, &amp; similitudinem vt habent esse in diuinis: &amp; ad ampliorem intellectum illorum vt
habent esse in diuinis specialiter, generaliter vt etiam habent esse in creaturis. Et primo in generali
prout habent esse communiter in deo &amp; in creaturis: deinde specialiter prout habent esse in deo. 
Et circa primum, Primo de ipsis generibus relationum conmunium secundum se &amp; absolute. Secundo de eis-
dem in comparatione. Et circa primum istorum, quatuor. 
Primum est vtrum sint aliquae relationes communes.
Secundum: vtrum sint plures secundum genera.
Tertium: vtrum sint tantum tres.
Quartum: vtrum omnes sint relationes secundum rem: an secundum rationem.
Irca Primum arguitur quod non sit aliqua relatio communis, Primo sic generaliter tam in 
diuinis quam in creaturis. Sicut non dicitur relatio propria nisi quia solum vni creatorum
convenit: puta paternitas in diuinis soli patri, &amp; filiatio soli filio, &amp; vniverstalit illae quae 
sunt in actiuis &amp; passiuis: sic non dicitur relatio communis nisi quia convenit vtrique ex-
tremorum relatorum inter se. Sed non est aliqua relatio talis neque in diuinis neque 
in creaturis: quia tam in his quam in illis relationis esse est ad aliud se habere: nec est
relatio nisi inter relatiue opposita: Talia autem non sunt aliquibus communia: contraria enim &amp; vniversale opposita
non sunt simul in eisdem. ergo &amp;c. ⁋ Secundo sic. cum opposita nata sint fieri circa idem: cone autem oppo-
nitur proprio: si ergo sint relationes cones in deo aut in creaturis: opponuntur propriis relationibus
in eisdem. hoc autem falsum est: quia in diuinis relationes propriae non opponuntur nisi inter se tantum. Similiter in
creaturis non sunt rlesiones propriae: sed quae sunt, non sunt nisi in actiuis &amp; passiuis, &amp; in mensuris: quae non
opponuntur nisi inter se. ergo &amp;c. ⁋ ldem arguitur tertio: sed specialiter in diuinis. Primo sic. secundum 
Damas. li. Sententiarum suarum ca. ii. &amp;. xi. Pater &amp; filius &amp; spiritus sanctus secundum omnia sunt vnum praeter ge 
nerationem, ingenerationem, &amp; processionem. Sed relationes cones siquae sunt in diuinis sunt, praeter genera
rationem &amp; ingenerationem &amp; processionem: quia istae non sunt communes sed, propriae secundum ratione prin-
cipii aut principiati: suntque praeter illa vnum: tum quia illud est substantia: &amp; substantia non est relatio: 
tum quia secundum relationem ipsa relata non sunt vnum: sed potius alia &amp; alia, quia (vt iam dictum est) rela
tionis esse est ad aliud se habere. ergo &amp;c. ⁋ Quarto sic. in dicto cap. xi. dicit Damasc.s In omnibus
creaturis conitas siue quod cone est: ratione consideratur. in supsubstantiali autem trinitate econtrario
est. illic enim cone &amp; vnum re consideratur. Sed relationes cones re non possunt considerari in diuinis: quia in
diuinis nihil potest considerari re nisi substantia: quae est res vna absoluta &amp; non relatio: sicut dictum est
&amp; tres personae quae sunt tres res subsistentes relatiue: &amp; quaetuor relationes reales: quaerum nulla est communis tiritit
bus personis. ergo &amp;c. ⁋ Quinto sic. quaelibet relatio communis habet aliam relationem communem sibi contrariam &amp;
oppositam: puta in creaturis identitas diuersitatem: aequalitas inaequalitatem: similitudo dissimilitudinem. Nunc autem
ita est de oppositis &amp; contrariis quod nata sunt esse circa idem, quare cum tales contrarietates relationum</Unicode>
            </TextEquiv>
        </TextRegion>
    </Page>
</PcGts>
