2017 3190
463 258 1920 331 communium nullo modo natae sint esse circa deum: quia in ipso nulla cadit diuersitas: nulla inaequalitas
459 331 1907 378 nulla dissimilitudo: vt infra videbitur. ergo &c. ⁋ Contrarium arguitur Primo coniter tam in deo quam in crea
473 367 1917 417 turis sic. Relatio quae eodem nomine & eadem ratione denominat vtrumque relatorum: & cui secundum idipsum convenit esse
461 409 1914 469 in illis: est relatio communis. In hoc enim consistit ratio communis. Talis relatio habet esse tam in diuinis quam in cre
457 452 1914 508 aturis, vt infra patebit de identitate, aequalitate, & similitudine. ergo &c. ⁋ Secundo arguitur idem spe
461 499 1923 554 cialiter in diuinis sic. secundum philosophum. i. Ethicorum. quanto aliquod est communius tanto est diuinius, nobilius,
469 544 1915 592 atque dignius: & ideo tanto etiam magis deo conuenit & eidem attribuendum est secundum superius de-
464 589 1919 646 terminata, quare cum in diuinis sint relationes propriae quales inueniuntur in creaturis: multo for
454 635 1089 682 tius ergo & in eis sunt aliquae communes.
473 653 1921 740 ⁋ Hic oportet primo videre quare relatio dicitur communis & quae. Secundo vnde ha
458 732 1922 782 bet quod sit communis. Tertio concludetur intentum. ⁋ De primo aduertendum est quod relatio dicitur communis quae secundum
452 783 1920 836 idem nomen & eandem rem & eadem ratione relatis per ipsam conuenit. & haec est ratio quare dicitur communis. Vnde
473 824 1930 878 hilosophus. v. meta. loquens de relationibus comomunibus, dicit quod aequale simile & idem omnia dicuntur secundum eundem mo
464 869 1922 927 dum: quia referuntur ad vnum. Quod tamquam cam dictorum exponens Commeto. dicit ibidem sic. Proprium est istis tri-
461 912 1914 970 bus generibus relatiuis: quod proportio in eis est eadem in vtroque extremo. Similium enim vtrumque simile: & similiter
459 959 1923 1014 aequalia. Et hoc intendebat cum dixit: quia referuntur ad vnum. id est quia conveniunt in aliquo. Et econtrario in
457 1002 1928 1054 aliis speciebus relationis scilicet secundum potentias & mensurationes. Et intellige de contrariis eorum quod di-
463 1045 1932 1100 ctum est de eodem aequali & similit quia diuersorum vtrumque diuersum est: & inaequalium vtrumque est in aequale
464 1093 1926 1146 & dissimilium vtrumque dissimile est: quae sunt tres contrarietates secundum tria genera relationum conmunium, vt in
457 1138 1923 1195 fra patebit. Et sumit hic Commetn. proportionem eandem pro conformi & mutua habitudine extremorum
453 1183 1933 1235 adinuicem. Et hoc (vt dicit) intendebat Aristotel. cum dixit: Quia referuntur ad vnum. id est secundum Comment.
459 1235 1928 1283 quia conveniunt in aliquo. Econtra in aliis spebus relationis. Conveniunt autem in vno, & hoc vel in spe
460 1272 1930 1326 ciali: vt vbi sub ommuni habitudine & conformi nulla continetur habitudo difformis: vt puta sub idem
452 1320 1918 1377 titate aequalitate & similitudine omnis habitudo contenta est conformis Qualis enim est habitudo vnius
453 1359 1928 1412 extremi ad alterum: talis est econverso. Vel in generali: vt si sub communi habitudine conformi continentur ha
459 1408 1919 1456 bitudines difformes: prout sub inaequalitate quae sub ratione & nomine inaequalitatis est relatio communis
461 1453 1932 1507 inaequalium: quod vtrumque est inaequale: continentur habitudines sic difformes: vt scilicet alterius modi sit habi
462 1499 1926 1557 bitudo vnius extremorum ad alterum: alterius vero econverso. Cum enim duo & quatuor sunt iaequalia
460 1546 1932 1590 & vtrumque eorum est & dicitur aequale alteri: tamen quia secundum philosophum. x. Met. inaequale continet maius & mi-
455 1586 1927 1644 nus: vnum eorum, puta quatuor, est inaequale duplum: alterum vero, puta duo, est inaequale sub
467 1631 1924 1694 duplum. Et sic licet sit eadem habitudo inaequalitatis in generali illorum adinuicem: tamen est alia & alia ha-
452 1679 1925 1728 bitudo in speciali: qua vnum dicitur ad aliud habitudine dupli ad subduplum. Alterum vero econver-
465 1721 1929 1774 so habitudine subdupli ad duplum. Dicuntur tamen nihilominus omnia haec: relatiua relatione communi: & hoc
468 1770 1927 1829 propter conem habitudinem generalem sub nomine inaequalis: sub quo ambo continentur: & duplum tamquam maius: &
455 1813 1930 1872 subduplum tamquam minus: & sic de caeteris habitudinibus diuersis contentis sub inaequali: & similiter de contem
461 1859 1929 1920 tis sub diuerso & dissiii. Et propter talem conformitatem relationum conmunium in nomine: relationes cones
471 1905 1926 1954 appellari possunt relationes consimilium nominium: Et hoc ad differentiam relationum in actiuis & passiuis at
472 1953 1917 2010 quod in mensuris: quae semper sunt consimilium nominium: licet non solum propter nominium conionem dicantur relationes cones
461 1996 1916 2040 sed potius propter conionem rationis & rei super quam fundantur, vt iam dicetur. ⁋ Sed ista communio nominm in genere
463 2036 1932 2086 talium relationum semper inuenitur: non autem semper in speciebus: in quo aliqui errabant dicentes quod duplum
464 2082 1921 2139 subduplum, multiplex submultiplex, & huiusmodi relationes non continentur sub genere relationum conmu
457 2131 1925 2177 nium: quia non sunt eorundem nominim. Distiguebant enim relationes omnes in relationes nominium dissiilium & nominim
456 2173 1917 2221 silium: & dicebant quod secundum philosophum. v. Meta. relationes dissimilium nominium ad tria genera relationum reducuntur
467 2220 1908 2281 cilicet ad relationes modo numeri & secundum potentiam & secundum mensuram: quia in istis vtrumque relatiuorum non
458 2262 1919 2317 simpliciter induit idem nomen. Nam mensura & mensuratum: agens & actum: duplum & subduplum: non penitus
470 2309 1907 2367 idem nomen habent. Et (vt dicunt) simiter ad tria genera reducuntur relatiua similium nominim. Nam (vt dicunt) talia
459 2356 1920 2413 relatiua secundum vnitatem accipiuntur. Vnitas autem tripliciter accipit scilicet in substantia, in quantitate, & in
454 2395 1920 2450 qualitate. Et secundum hoc tres sunt relationes similium nominim. Quia secundum philosophum. v. Meta. Vnum in substantia
440 2446 1919 2490 facit idem: vnum in quantitate facit aequale: vnum in qualitate facit simile. ⁋ Sed non est omnino ita vt dicunt
457 2486 1901 2542 nec intelligunt mentem Aristotelis distinguentis tres modos relationum in v. Meta. & sub vno illorum
459 2537 1917 2591 modorum comprehendit idem, aequale, & simile. Vnde dicit ibidem expresse. Aequale idem & simile dicuntur secundum
471 2576 1913 2634 vnum modum. Et quia contraria sunt sub eodem genere: secundum eundem in x. Meta. modi autem relationum vo-
469 2625 1915 2680 cantur relationum genera: sub eodem ergo modo relationis cum illis continentur eorum contraria. scilicet diuersum
473 2667 1906 2720 inaequale & dissimile. Et sunt omnia haec relatiua similium nominum: & relationes communes: & sic
465 2718 1908 2787 totum genus relationis est rsionum conium siue similium nominm: & non aliarum. & est omnium talium contentiuum. Et sic
