2017 3130
167 222 1607 316 est in diuinis, quia enim in illis tanta vnitas numeralis est in quantitate & qualitate: quanta est vni
158 296 1611 351 tas numeralis in substantia: ideo non secundum rationem maioris vnitatis referri debent inter se perso-
160 343 1614 392 nae diuinae secundum substantiam quam secundum quantitatem aut secundum qualitatem. Nunc autem secundum maiorem ra
165 387 1608 449 tionem vnitatis referuntur adinuicem quae referuntur per identitatem, quam quae referuntur per aequalitatem,
164 433 1623 480 aut per similitudinem. Maioris enim vnitatis est aliqua esse eadem, quam aequalia aut similia, quia aequa-
164 476 1618 537 lia aut similia bene negantur esse eadem. prout loan. ix. dicebant quidam de caeco nato: nequaquam est hic
172 515 1612 570 sed similis ei. sed non econuerso. Quare cum diuinae personae dicantur eaedem simpliciter secundum sub-
158 570 1611 627 stantiam numeralem siue singularem quae est in illis: consimiliter ergo debent etiam dici eaedem secundum
179 610 1620 672 quantitatem & qualitatem singularem quae est in eis. Consimiliter vlterius etiam in creaturis diuersis
161 657 1615 714 in quibus est eadem quantitas aut qualitas secundum speciem, personae debent dici secundum illam eaedem specie.
161 701 1607 759 Sed identitates specie & numero & genere pertinent ad vnum modum relationis communis, quare
160 746 1604 804 cum relatio communis non accipiatur nisi a substantia, quantitate, & qualitate, non est ergo nisi vnus mo-
170 790 1617 846 dus relationis communis in diuinis & in creaturis. ⁋ Specialiter autem quod non sit nisi vnus modus
155 832 1619 894 relationis communis in diuinis, arguitur sic. Non est relatio communis in aliquibus, nisi secundum vnum
161 879 1620 932 commune absolutum existens in illis: vt iam tactum est supra, & amplius declarabtur infra. In diui-
160 923 1620 972 nis autem non est nisi vnum commune absolutum scilicet substantia: quae sola cum tribus relatiuis proprieta
161 967 1604 1026 tibus constituit tres personas secundum superius determinata. Ab vno autem in substantia non sequitur ni
155 1016 1627 1075 si vna relatio communis quae est identitas: vt infra declarabitur. ergo &c. ⁋ Contrarium arguitur Primo
170 1051 1613 1110 in creaturis: quia secundum dictum Philosophi. v. Metapis. vt habitum est in quaestione praecedenti, relationes com
173 1101 1616 1157 munes sunt idem, aequale, & simile, & eorum contraria. Isti autem sunt plures modi & diuersi. ergo &c.
170 1136 1652 1196 ⁋ Secundo arguitur idem specialiter in diuinis sic. Quicquid est dignitatis simpliciter: diuinis per-a a
169 1188 1617 1251 sonis attribuendum est secundum superius determinata. Sed dignitatis simpliciter est quod persona quaecumque
164 1229 1628 1287 diuina sit eadem alteri personae diuinae, non solum eadem: sed & similis & aequalis, & tanto maio-
173 1280 1614 1342 ris dignitatis est hoc illi: quanto persona altera est dignior. Quare cum quaelibet persona diuina sit
162 1324 1617 1388 dignissima, cuilibet ergo personae diuinae tribuendum est quod sit aequalis & similis, non solum eadem
164 1374 644 1426 cuilibet alteri personae diuinae.
179 1399 1607 1482 ⁋ Dico iuxta dicta in praecedenti quaestione, quod cum communicatio plurium in eodem
166 1468 1623 1525 siue in aliquo vno absoluto sit ratio communis habitudinis illorum adinuicem, in qua consistit ra-
166 1513 1616 1571 tio relationis communis: plura autem sunt absoluta in quibus aliqui vel aliqua comnmunicare pos
172 1557 1620 1615 sunt: immo in quibus communicant, tam in diuinis quam in creaturis: quia in illis sunt rationes plu
172 1611 1626 1659 rium perfectionum, quae omnes in deo ad dignitatem pertinent: vt patet ex superius determinatis: & per
172 1650 1620 1697 consequens communicatio in illis: & similiter habitudines relationum illorum inter se quae fundantur
171 1690 1626 1745 in illis quae communicantur: Propterea igitur necesse est ponere plures relationes communes tam in diuinis
173 1744 1623 1801 quam in creaturis. Et secundum hoc processit vltima ratio specialiter in diuinis, & penultima conmuniter
168 1789 1176 1854 & in diuinis & in creaturis, quae secundum hoc concedendae sunt.
169 1833 1608 1919 ⁋ Ad primum in oppositum: quod ab vnitate numerali quantitatis & qualitatis dicuntur
170 1903 1618 1957 habentia illas, idem: ergo & similiter ab vnitate earundem secundum speciem & secundum genus: & sic
176 1950 1618 2007 non est nisi relatio communis identitatis secundum illa &c. Dico quod quantitas & qualitas tam in diuinis
167 1993 1622 2054 quam in creaturis dupliciter possunt considerari. Vno modo comparando illas sibiipsis & eis quae sunt
176 2037 1622 2090 sui generis: puta quantitatem quantitati, & qualitatem qualitati. Alio modo comparando illas ad sub
173 2083 1626 2142 iecta in quibus sunt: non vt dantia illis esse simpliciter: sed rationem perfectionis in bene esse. Quod
173 2126 1619 2187 dico ad differentiam substantiae quae in nullo est sicut in subiecto: sed si est in aliquo vt aliquid illius,
169 2175 1615 2231 hoc est solummodo sicut in constituto per illam, & vt recipiente esse simpliciter per illam. sed hoc in-
178 2231 1620 2275 quantum includit in se primo: prout infra declarabitur: sicut in creaturis recipit esse compositum
183 2263 1617 2318 & in esse constituitur & a materia & a forma. Si primo modo, bene verum est quod ad illa consequitur
177 2309 1619 2360 identitas: qua. scilicet quantitas aut qualitas vna, dicitur eadem numero: & plures quantitates aut plures
169 2353 1628 2411 qualitates dicuntur eaedem specie aut genere: prout tangitur in argumento: sed in ista comparatione non
173 2410 1623 2456 considerantur in ordine ad substantiam. Propter quod licet secundum istam comparationem identitate denomi-
170 2443 1614 2494 nantur quantitates aut qualitates secundum se: non sequitur tamen quod secundum talem identitatem denominent
176 2489 1622 2545 subiecta habentia illas in se. de quorum subiectorum habitudine per relationes communes funda
179 2530 1630 2581 tas in illis aut in eis quae habentur in illis: siue vt perficientia in esse: siue in bene esse, est hic ser-
175 2573 1614 2629 mo. Si ergo secundo modo consideretur comparatio quantitatis & qualitatis scilicet in ordine ad sua sub
177 2620 1617 2673 iecta: dico quod ad communionem quantitatis aut qualitatis siue secundum numerum, siue secundum speciem, siue
161 2670 1624 2741 secundum genus: nunquam sequitur habitudo identitatis: sed solum modo aequalitatis secundum communionem
