2017 3203
414 234 1887 308 quantitatis: quia proprium eius est. secundum eam aequale vel inaequale dici: & similitudinis secundum com-
408 297 1875 351 munionem qualitatis: quia proprium eius est. secundum eam simile vel dissimile dici: vt vult Philosophus in
405 341 1875 399 praedicamentis. Et ideo sicut a comnmunione substantiae habetur vnus modus relationis communis quae
404 392 1883 442 dicitur identitas: sic a communione quantitatis habetur alius qui dicitur aequalitas, & a conmunione
411 430 1887 491 qualitatis tertius: qui dicitur similitudo. Et sunt ad minus tres modi isti relationum conmunium
404 478 1883 527 in illis in quibus habent esse: substantia quantitas & qualitas, siue in diuinis siue in creaturis.
414 521 1887 578 ⁋ Sed quod arguitur quod ab vnitate numerali quantitatis aut qualitatis in diuinis non habetur nisi
413 567 1893 618 identitas: ergo nec in creaturis ab identitate secundum speciem, aut secundum genus: Dico quod illud falsum
407 612 1898 666 est in diuinis, & etiam falsum est hoc conclusum ex illo in creaturis: quia nec in deo nec in creatu
410 657 1890 706 ris sequitur identitas aliqua ex quantitate aut qualitate inquantum habent rationem quantitatis aut
415 704 1897 771 qualitatis. Quod ergo ad probationem illius in diuinis dicitur: quod tanta est vnitas numeralis quantita-
423 742 1899 805 tis aut qualitatis in diuinis personis quanta est substantiae: dico quod verum est, & quod cum hoc etiam verum
410 788 1899 848 est quod idcirco etiam non secundum rationem maioris vnitatis debent referri inter se diuinae personae secundum
409 835 1899 898 substantiam quam secundum quantitatem aut secundum qualitatem. ⁋ Quod autem assumitur vlterius, quod secundum ratio
417 887 1898 937 nem maioris vnitatis referantur inter se quae referuntur secundum identitatem quam quae referuntur secundum aequa
413 924 1897 983 litatem aut similitudinem: dico quod non est verum quando referuntur aequalitas aut similitudo a tan
422 970 1902 1029 ta vnitate in quantitate & qualitate, a quanta vnitate sumitur identitas: vt contingit in diuinis, in
422 1028 1901 1080 quibus identitas, aequalitas, & similitudo sumuntur ab vnitate numerali substantiae, quantitatis, &
419 1066 1895 1129 qualitatis, & etiam in creaturis quo ad aequalitatem & similitudinem substantiales & identitatem secun
409 1111 1905 1170 do modo identitatis inferius distinguendae. In diuinis enim in quibus sumuntur identitas, aequali-
417 1150 1902 1213 tas, & similitudo ab vnitate numerali substantiae quantitatis & qualitatis, non est maioris vnitatis
413 1200 1895 1263 personas esse easdem quam ipsas esse aequales aut similes. Similiter in creaturis in quibus sumitur iden-
409 1248 1909 1305 titas secundo modo dicta ab vnitate speciei aut generis, & similiter aequalitas & similitudo sub-
410 1291 1897 1348 stantiales: vt inferius declarabitur: non est maioris vnitatis aliqua esse eadem: puta Petrum &
413 1335 1899 1388 Paulum in humanitate, quam eos esse in humanitate aequales aut similes: sed tunc solummodo ve
410 1383 1904 1438 rum est, quod secundum rationem maioris vnitatis referuntur inter se quae referuntur secundum identita-
416 1423 1899 1488 tem, quam quae referuntur secundum aequalitatem aut similitudinem: quoniam aequalitas & similitudo non sumum
422 1468 1909 1524 tur a tanta vnitate in quantitate & qualitate a quanta vnitate sumitur identitas: vt contingit in
424 1520 1894 1578 creaturis quo ad aequalitatem & similitudinem siue substantiales siue accidentales, & identitatem pri
422 1566 1894 1627 mo modo dictam: in quibus aequalitas aut similitudo nunquam accipiuntur ab vnitate numerali quam
426 1610 1902 1660 titatis aut qualitatis. Immo sicut aequalia & similia necessario sunt diuersa secundum rem: quia nihil
421 1657 1904 1711 sibiipsi est aequale aut simile, sicut infra patebit: sic alia & alia quantitas est secundum quas dicuntur
432 1699 1901 1758 equales, & alia & alia qualitas secundum quas dicuntur similes: prout similiter infra declarabitur. Identita
428 1746 1905 1803 te autem primo modo identitatis: qua. scilicet aliquid dicitur idem sibiipsi: bene accidit ab vnitate substan
414 1792 1895 1850 tiae numerali in creaturis esse maioris vnitatis personas aliquas esse easdem quam aequales aut similes:
416 1839 1898 1895 sicut in exemplo de Io. ix. Illi enim qui demonstrato caeco prius dicebant de illuminato, nequaquam
427 1885 1899 1937 est hic sed similis illi, intendebant per similitudinem illam excludere identitatem, quasi dicerent: simi
422 1927 1903 1988 lis est illi, sed non idem. Sed postquam secundum veritatem vna persona erat prius caeca: & postea illuminata
422 1975 1894 2031 non erat similis sed eadem, non solum in substantia: sed etiam in personalitate. quo ad hoc enim nulla est diffe
415 2018 1902 2074 rentia in creaturis. Quaecumque enim persona creata est eadem alteri in substantia, est eadem alteri in personalita
416 2061 1893 2126 te: quia in creaturis idem numero non diuersificatur nisi nomine & definitione, proprio & accidente: vt
410 2106 1884 2162 dicitur in Topicis. & in proposito diuersa erat solo accidente persona prius caeca & postea illumi-
429 2150 1888 2216 nata: licet quo ad illud magna sit differentia in diuinis: quia in diuinis vna persona bene est eadem
426 2195 1894 2260 alteri in substantia: & hoc secundo modo identitatis, quo non est aliquis vel aliquid idem sibiipsi
426 2244 1896 2306 sed alteri tantum: licet nulla sit eadem alteri in personalitate. Sic enim non est persona eadem nisi si-
427 2288 1888 2338 biipsi. & hoc primo modo identitatis. Propter quod similitudo in diuinis excludit identitatem in per-
421 2327 1902 2398 sona: sed non in substantia. Et iuxta assuetudinem nostram circa creanturas in intelligendo eadem
424 2382 1895 2442 aequalia & similia secundum rationem maioris & minoris vnitatis, non tanta occurrit prima fronte
425 2424 1893 2475 animo nostro vnitatis perceptio inter personas etiam diuinas quando dicuntur aequales aut similes,
429 2474 1890 2528 sicut quando dicuntur esse eaedem. Et sic non solum in creaturis sed etiam in diuinis sicut ab vni
422 2511 1883 2572 tate substantiae habetur identitas, & non nisi identitas: sic ab vnitate quantitatis habetur aequalitas
428 2558 1892 2616 & non nisi aequalitas: & ab vnitate qualitatis similitudo & non nisi similitudo, non obstante quod
419 2607 1894 2662 tanta est vnitas numeralis in deo quantitatis & qualitatis, quanta est substantiae: licet propter
425 2651 1891 2707 hoc alio modo habeant esse & differenter identitas, aequalitas, & similitudo in deo & in creatu-
425 2696 1905 2770 ris, sicut infra patebit. Veruntamen quia propter vniformen vnitatem in deo numeralem substans
