2017 3093
165 220 1600 302 sunt generare & generari: spirare & spirari: & inquantum est plures ratione secundum rationem suba
158 288 1604 344 stantiae quantitatis & qualitatis, est origo plurium relationum conmunsam personarum, quae sunt identitas,
164 335 1588 386 aequalitas, & similitudo. In diuinis autem quia in absoluto supra quid solum nata est fundari relatio
163 378 1601 424 communis, nec est multum nec multa secundum rem, ideo nulla relationum quae natae sunt sequi ex mul-
159 418 1600 474 to, inuenitur in diuinis: quia non sequitur nisi ad multum secundum rem. In creaturis autem vbi
173 465 1600 517 diuersa sunt re in diuersis scilicet substantia, quantitas, & qualitas, non est mirum si ad illa sequuntur secundum
164 513 1596 565 rationem vnius relationes communes diuerse scilicet identitas, aequalitas, & similitudo, & contraria illorum
162 557 1592 608 secundum rationem mult. scilicet diuersitas, inaequalitas, & dissimilitudo. secundum modum inferius exponendum.
155 598 1593 649 ⁋ Quod vero implicatur in argumento, quod ad plurificationem vnius oppositorum sequitur plurificatio
162 644 1603 694 alterius: patet responsio ex dictis in praecedenti quaestione: quia hoc non tenet in diuinis: quia in il-
164 691 1598 747 lis alterum oppositorum naturaliter inest. ⁋ Ad secundum, quod relationes communes sequuntur vnum &
160 736 1607 790 multum, quae reperiuntur in quolibet praedicamento: quorum nouem inueniuntur in creaturis, & duo tantum in
167 774 1600 832 diuinis: Dico quod hoc verum est secundum modum inferius exponendum. Et quod ex hoc concludendo subiu n
170 830 1597 881 gitur, quare in creaturis erunt relationes communes sequentes vnum & multum in quolibet praedicamen-
170 871 1591 918 to: Dico quod verum est: non tamen ex hoc sequitur quod sint plures relationes communes secundum genus quam tres
157 906 1593 965 in creaturis: quia super septem praedicamenta accidentium respectus importantia non fundatur relatio
175 957 1598 1014 prout illa comparantur ad subiectum: qua quidem relatione ipsum subiectum relatum habeat referri: si-
157 1000 1602 1051 cut fundatur relatio super quantitatem & qualitatem prout comparantur ad subiectum: qua quidem rela-
170 1035 1593 1098 tione ipsa subiecta qualia & quanta referuntur inter se: sed super illa septem praedicamenta solummodo fun
166 1081 1609 1141 datur relatio secundum quod ea quae in illis praedicamentis sunt, comparantur inter se. Et secundum talem compara
163 1129 1597 1185 tionem omnia praedicamenta accidentium habent rationem substantiae: & ad vnum & multa in illis non sequuntur
176 1174 1601 1227 nisi idem & diuersum: sicut non nisi illa sequuntur ad ea quae sunt in praedicamento substantiae. Et sic ne
166 1215 1599 1275 quaquam secundum illa septem praedicamenta distinguuntur relationes communes: sed solummodo secundum tria
176 1267 1603 1321 praedicamenta absoluta, secundum quod omnia haec declarabuntur inferius. ⁋ Quia vero subditur concluden
163 1304 1604 1365 do in diuinis: quod cum in diuinis sint tantum duo praedicamenta, ergo erunt tantum duae relationes communes: qua
166 1345 1608 1409 rum vna sequitur vnum in substantia, & alia sequitur vnum in relatione, & hoc si in diuinis relatio com
170 1389 1604 1456 munis sequitur tantum ad vnum: Dico quod quamuis in diuinis sit vnum substantiae & vnum relationis: ad solum
171 1443 1605 1502 tamen vnum substantiae, inquantum rationem quantitatis & qualitatis in se continet vt dictum est, & am-
173 1475 1607 1545 plius declarabitur in sequentibus, sequuntur relationes communes: non autem ad vnum relationis inquam
176 1523 1608 1587 tum relatio est, quia (vt dictum est) ad vnum non sequitur relatio communis nisi vt illud est plurium:
176 1569 1596 1624 nulla autem relatio personae constitutiua, est plurium. Idcirco ergo patet quod secundum vnum in illa nul
182 1612 1602 1667 la sequitur relatio communis. Si ergo secundum aliquam relationem vnam notionalem sequatur relatio communis:
175 1658 1607 1714 hoc non est nisi secundum communem spirationem actiuam, quae est relatio patris & filii: quod tagit quartum ar
172 1700 1595 1767 gumentum: super quam tamen nulla fundari potest relatio communis: quia illa conmunis spiratio nec est
177 1749 1595 1801 nec relatio est nec vna est nisi ex eo quod duorum est: vt supra declaratum est. & per hoc alio modo
170 1791 1607 1846 in illa est communio, quam in illo super quo debet fundari, aut ad quod debet sequi communis relatio. Id enim
171 1834 1597 1887 super quod fundatur communis relatio, sic debet esse vnum plurium: vt in singulo illorum vt singulum est,
176 1873 1605 1930 habeat esse, & esse vnum: quemadmodum substantia, quantitas, & qualitas habent esse in diuinis per-
172 1917 1608 1986 sonis idem numero, & in diuersis personis creatis eadem specie. Non sic autem habet esse relatio spi
183 1965 1592 2023 rationis actiuae in patre & filio: sed solummodo in ambobus, & ambo sunt vnum spirandi principium
179 2005 1608 2064 & vt in pari voluntate concordes sunt, & sunt duo spiratores. secundum quod supra est expositum, & am
174 2045 1599 2120 plius exponetur inferius. Propter quod licet ad vnum secundum substantiam, quantitatem, aut qualitatem
177 2096 1594 2152 in tribus personis sequatur relatio communis: nequaquam tamen ad vnum in spiratione actiua communi. & hoc
179 2139 1605 2199 etiam si ipsa vis spirandi actiua est quid absolutum, sicut est ipsa voluntas concors. Super tale enim abso-
170 2179 1601 2243 lutum potest fundari relatio illorum cuius est simul ad alterum ab ambobus: nequaquam tamen ipsorum adin-
182 2235 1603 2283 uicem. Quapropter cum huiusmodi spiratio actiua sit relatio quaedam: multo minus potest super ipsam
174 2269 1608 2329 fundari relatio communis: quia super relationem inquantum relatio est, non potest fundari alterius generis quam sit. il-
170 2325 1608 2374 la. secundum quod inferius declarabitur. ⁋ Quod vero in argumento tangitur vltimo de multo in diuinis, quod videlicet
166 2358 1604 2423 ad ipsum debet sequi aliqua relatio communis: Dico quod ex hoc nihil argui potest nisi quod sicut in diuinis ex vni
179 2400 1604 2467 tate substantiae in tribus personis sequitur identitas, & ex vnitate quantitatis in eisdem sequitur aequali
176 2448 1601 2510 tas, atque ex vnitate qualitatis in eisdem sequitur similitudo, sic a multo quod est in personis, sequa-
172 2499 1611 2550 tur vna relatio communis: puta qua vna persona saltem dicatur altera ab altera. Sicut enim
170 2528 1601 2589 quaelibet illarum dicitur eadem aequalis & similis alteri propter vnitatem substantiae, quantitatis, &
169 2582 1613 2638 qualitatis in eisdem: sic (vt videtur) quaelibet illarum dicitur altera ab altera propter diuersitatem seu alietatem
164 2623 1613 2695 personalium proprietatum. iuxta illud quod dicitur in symbolo Athanasii. Alia est persona pris: alia est filii persona:
