2017 3164
392 226 1888 298 in creaturis super vnum genere vel specie, bene possunt esse reales: licet fundatae super vnum nume
399 295 1871 344 ro, semper sint rationales in creaturis sicut & in diuinis. Relationes autem dictis contrarae scilicet diuer-
392 322 1875 396 sitatis inaequalitatis & dissimilitudinis, quae in solis creaturis inueniuntur, fundatae super multum:
405 381 1880 437 quia ex natura ipsarum rerum semper fundantur in illis: semper sunt relationes secundum rem, secun-
393 430 1864 485 dum quod haec inferius declarabuntur. ⁋ Sed contra hoc arguitur ex eo quod dicit Porph. Genus ad species habitu
405 463 1868 523 dinem habet. Species autem ad indiuidua nullam. Dico quod verum est loquendo de habitudine artificia
396 509 1868 567 li: quia descendentes a genere vsque ad indiuidua, iubet Plato quiescere: ea videlicet de causa: quia de
403 554 1868 616 indiuiduis non est ars neque scientia. Non autem verum est de habitudine naturali. naturalem enim habi-
398 606 1868 659 tudinem habent indiuidua ad speciem: & sunt vera subiecta naturae: licet non artis aut scientiae. ⁋ Ad
395 647 1876 707 secundum quod dictae relationes in diuinis sunt reales, quia verissime habent esse in illis: Dico quod rela-
406 688 1878 753 tionum secundum rationem quaedam sunt omnino secundum rationem & originaliter & completiue: quaedam
409 747 1868 801 etiam originaliter habent esse a rebus & in rebus: sed completiue a ratione & in ratione. Eorum autem
404 792 1881 848 quae omnino sunt secundum rationem: quaedam sunt secundum rationem & quo ad ipsos respectus relationum: &
416 823 1881 879 uo ad relata atque fundamenta relationum in relatis. Quaedam autem non quo ad relata aut fundamenta in
401 870 1884 933 illis: sed solum quo ad respectus relationum oppositaru: & hoc vniversaliquo ad respectus vtriusque relationum
402 916 1879 973 oppositarum seu in diuersis seu in eodem, vel alterius tantum. Primo modo secundum rationem sunt re-
407 973 1884 1020 lationes non entium inter se: vel non entis ad ens. Quae naturam habent entitatis secundo modo, sunt
393 1005 1878 1062 relationes secundum rationem quo ad respectus vtriusque relationum oppositarum, vel quo ad alterum
404 1054 1868 1113 tantum. Primo modo relationes oppositae habent esse in diuersis. vt si aliquis habeat vnam columnam a dextri
398 1103 1883 1158 suis, & aliam a sinistris: comparando illas columnas inter se secundum ordinem quem habent ad de-
394 1153 1880 1201 xtrum & ad sinistrum in animali, vna dicetur dextra alteri respectu alterius: & altera econuerso si-
397 1184 1878 1239 nistra. In eodem autem habent esse huiusmodi relationes dupliciter: vel in ordine ad eundem: quemadmodum
401 1232 1893 1286 imago hominis habet in se dextrum & sinistrum in ordine & consideratione ad dextrum & sini-
392 1276 1874 1339 strum in homine cuius est imago: vel in ordine ad diuersos: quemadmodum columna existens inter
397 1323 1887 1385 duos homines dextra est in ordine ad vnum: & sinistra ad alium: & sic in se habet secundum ratio
401 1380 1878 1427 nem & dextrum & sinistrum. Quo ad respectum alterius relationum oppositarum tantum, sunt relatio
408 1417 1876 1475 nes omnino secundum rationem dupliciter. Quia quaedam sunt secundum rationem quia alterum est ad
395 1460 1881 1521 ipsum secundum rem: quemadmodum mensura dicitur relatiue ad mensuratum quia mensuratum dicitur ad illam se
398 1504 1884 1563 cundum rem: & sicut scibile ad scientiam quia scientia dicitur ad scibile secundum rem. Quaedam vero sunt secundum
406 1550 1874 1608 rationem non quia alterum dicatur ad ipsum secundum rem: sed quia consideratur in ordine ad illud quod est secundum
393 1607 1877 1651 rem: quemadmodum columna quae est a dextris animalis, dicitur animali sinistra, & dicitur relatiue ad dextrum anima
403 1641 1884 1700 lis: & econverso animal dextro suo dicitur secundum rationem relatiue ad sinistrum columnae: quia illud secundum
402 1693 1875 1743 rationem dicitur ad animalis dextrum, quod relatiue dicitur ad sinistrum in eodem secundum rem. Et sunt omnes istae relatio
406 1726 1874 1788 nes secundum ronem totaliter: & verum est de omnibus istis quod non habent nisi diminutam rationem esse siue
403 1774 1874 1830 entis: sed de numero talium non sunt relationes communes in deo: quia omnes originaliter habent esse in
404 1817 1875 1876 re quae est natura diuina: & ab ipsa: sed completiue a ratione. Hoc enim modo idem in deo originaliter fundatur
398 1863 1875 1924 super naturam diuinam inquantum substantia habilis est & apta naturaliter vt circa ipsam conside
398 1911 1875 1965 retur personarum identitas: & similiter fundatur in ipso aequale super quantitatem, simile super qualitatem, siue super
401 1958 1882 2012 diuinam naturam inquantum est quantitas & quaelitas. Propter quod tales relationes in deo licet habeant esse di
398 2001 1881 2059 minutum quo ad suum esse completum: quia habent illud a ratione & in ratione tantum: tamen inquantum originaliter habent
411 2049 1880 2105 esse suum a natura rei, verissime habent esse in deo: & verius, licet in eo sint tantum rationales, quam habeant
398 2092 1872 2151 esse in creaturis, in quibus sunt omnino reales: quanto verius in deo quam in creaturis habet esse natu-
394 2137 1871 2194 ra & vnitas ipsius naturae habens rationem substantiae quantitatis & qualitatis, in qua originaliter fun
401 2184 1874 2239 dantur. & per hoc quoquo modo originaliter habent esse a natura rei, & quodammodo sunt relationes secun
395 2224 1870 2282 dum rem: aut eis multum vicinantur: & mendiae sunt inter illas quae omnino sunt reales, & illas quae omnino sunt
401 2270 1878 2320 rationales: & quo ad hoc relationes communes verissime habent esse in deo: & esset haereticus censen
395 2318 1863 2366 dus qui negaret identitatem, aequalitatem, aut similitudinem diuinarum personarum: sicut qui ne
399 2360 1874 2416 garet eius substantiam magnitudinem aut bonitatem: licet completiue sint rationales: & quo ad
396 2409 1873 2468 hoc verius habent esse in creaturis in quibus sunt reales, quam in deo. ⁋ Per idem patet responsio ad ter
398 2452 1866 2507 tium quod aequalitas est adoranda: & eadem ratione similitudo & identitas: quare sunt res aut reale
407 2498 1866 2558 quid. Dicendum quod verum est inquantum ortum habent originaliter a re. Aliter autem non: quia
391 2544 1872 2598 completiue sunt rationales, per quod distinguuntur contra omnino reales. Relationes enim secundum
395 2588 1864 2647 rem & secundum rationem distinguimus secundum esse suum completiuum. Propter quod relationes cones in
398 2635 1872 2689 diuinis non dicimus reales: quia completiue sunt a ratione. ⁋ Ad quartum, quod relationes secundum ra-
400 2678 1874 2752 tionem non conueniunt deo nisi ex nouo & ex tempore: istae autem conueniunt ei ab aeterno: Dico quod
