<?xml version="1.0" encoding="UTF-8" standalone="yes"?>
<PcGts xmlns="http://schema.primaresearch.org/PAGE/gts/pagecontent/2013-07-15" xmlns:xsi="http://www.w3.org/2001/XMLSchema-instance" xsi:schemaLocation="http://schema.primaresearch.org/PAGE/gts/pagecontent/2013-07-15 http://schema.primaresearch.org/PAGE/gts/pagecontent/2013-07-15/pagecontent.xsd">
    <Metadata>
        <Creator>prov=University of Rostock/Institute of Mathematics/CITlab|PLANET AI GmbH/Gundram Leifert/gundram.leifert@planet-ai.de:name=Badius1520-m2(htr_id=24043)::::v=2.6.6
prov=University of Rostock/Institute of Mathematics/CITlab|PLANET AI GmbH/Tobias Gruening/tobias.gruening@planet-ai.de:name=de.uros.citlab.module.baseline2polygon.B2PSeamMultiOriented:v=2.6.6
prov=University of Rostock/Institute of Mathematics/CITlab|PLANET AI GmbH/Tobias Gruening/tobias.gruening@planet-ai.de:name=/net_tf/LA73_249_0mod360.pb:de.uros.citlab.segmentation.CITlab_LA_ML:v=2.6.6
Transkribus</Creator>
        <Created>2020-04-15T01:43:05.988+02:00</Created>
        <LastChange>2020-05-22T23:11:16.968+02:00</LastChange>
        <TranskribusMetadata docId="369791" pageId="14432701" pageNr="414" tsid="29523753" status="IN_PROGRESS" userId="25065" imgUrl="https://files.transkribus.eu/Get?id=FCEHDOXMSVRTDQQQUEZQOCXD&amp;fileType=view" xmlUrl="https://files.transkribus.eu/Get?id=TWFDUMCACBTSJRWEUMMYBSEZ" imageId="10395851"/>
    </Metadata>
    <Page imageFilename="413.jpg" imageWidth="2017" imageHeight="3167">
        <ReadingOrder>
            <OrderedGroup id="ro_1590235582828" caption="Regions reading order">
                <RegionRefIndexed index="0" regionRef="TextRegion_1589422396726_4068"/>
            </OrderedGroup>
        </ReadingOrder>
        <TextRegion orientation="0.0" id="TextRegion_1589422396726_4068" custom="readingOrder {index:0;}">
            <Coords points="399,254 1890,254 1890,2743 399,2743"/>
            <TextLine id="r3l2" custom="readingOrder {index:0;}">
                <Coords points="425,301 1888,307 1888,248 425,251"/>
                <Baseline points="435,290 507,290 579,291 651,291 723,291 795,292 867,293 940,293 1012,294 1084,294 1156,294 1228,296 1300,296 1372,296 1445,297 1517,297 1589,297 1661,297 1733,297 1805,297 1878,296"/>
                <TextEquiv>
                    <Unicode>&amp; illa de quibus dicuntur, differunt. Et post pauca. Quantitates autem &amp; qualitantes secundum quas aequa- </Unicode>
                </TextEquiv>
            </TextLine>
            <TextLine id="r3l3" custom="readingOrder {index:1;}">
                <Coords points="418,353 1883,349 1822,305 418,300"/>
                <Baseline points="428,338 500,337 572,336 644,336 717,336 789,338 861,338 934,338 1006,338 1078,339 1151,339 1223,341 1295,341 1367,341 1440,341 1512,342 1584,342 1657,342 1729,342 1801,341 1874,341"/>
                <TextEquiv>
                    <Unicode>lia &amp; consimilia dicuntur: non adeo diuersae sunt sicut potestas secundum quam ille dominus iste ser-</Unicode>
                </TextEquiv>
            </TextLine>
            <TextLine id="r3l4" custom="readingOrder {index:2;}">
                <Coords points="419,398 1792,412 1887,394 1888,353 419,356"/>
                <Baseline points="429,380 501,380 573,381 646,381 718,381 791,381 863,383 936,383 1008,383 1081,384 1153,384 1225,385 1298,386 1370,386 1443,386 1515,387 1588,387 1660,387 1733,387 1805,387 1878,387"/>
                <TextEquiv>
                    <Unicode>uus dicuntur: sed quodammodo vnum sunt, non quidem ea quae ex singularitate est vnitate: sed ea quae ex pro</Unicode>
                </TextEquiv>
            </TextLine>
            <TextLine id="r3l5" custom="readingOrder {index:3;}">
                <Coords points="426,441 1848,455 1894,391 426,400"/>
                <Baseline points="435,426 507,426 579,426 652,425 724,425 797,426 869,426 942,427 1014,428 1087,428 1159,429 1231,430 1304,431 1376,432 1449,432 1521,432 1594,434 1666,434 1739,434 1811,432 1884,432"/>
                <TextEquiv>
                    <Unicode>portione comparatur vnitate. Etiam consimiliter dico quod comparando in creaturis relatiua primo ge </Unicode>
                </TextEquiv>
            </TextLine>
            <TextLine id="r3l6" custom="readingOrder {index:4;}">
                <Coords points="429,485 1899,482 1899,447 1803,441 429,439"/>
                <Baseline points="438,470 510,470 583,470 655,470 728,470 801,470 873,471 946,471 1018,471 1091,473 1164,473 1236,474 1309,474 1381,476 1454,476 1527,477 1599,477 1672,479 1744,479 1817,479 1890,479"/>
                <TextEquiv>
                    <Unicode>nere relationis &amp; tertio inter se, vnum &amp; multum in substantia numerorum secundum quae mensura &amp;</Unicode>
                </TextEquiv>
            </TextLine>
            <TextLine id="r3l7" custom="readingOrder {index:5;}">
                <Coords points="421,528 1836,542 1890,487 421,485"/>
                <Baseline points="431,516 503,515 576,515 648,515 721,515 793,515 866,516 938,516 1011,516 1083,518 1156,518 1228,519 1301,519 1373,521 1446,521 1518,522 1591,522 1663,522 1736,524 1808,524 1881,524"/>
                <TextEquiv>
                    <Unicode>mensuratum dicuntur relatiua: non adeo diuersa sunt sicut actiuum &amp; passiuum: sed quodammodo vnum</Unicode>
                </TextEquiv>
            </TextLine>
            <TextLine id="r3l8" custom="readingOrder {index:6;}">
                <Coords points="422,579 1833,589 1893,538 423,528"/>
                <Baseline points="432,560 504,560 577,560 649,560 722,560 795,560 867,560 940,561 1012,561 1085,563 1158,563 1230,564 1303,565 1375,566 1448,567 1521,567 1593,568 1666,569 1738,569 1811,569 1884,569"/>
                <TextEquiv>
                    <Unicode>sunt non quidem ea quae ex singularitate est vnitate, sicut contingit in identitate numerali: nec ea quae </Unicode>
                </TextEquiv>
            </TextLine>
            <TextLine id="r3l9" custom="readingOrder {index:7;}">
                <Coords points="421,624 1899,636 1899,577 422,582"/>
                <Baseline points="431,606 507,605 584,603 661,603 738,603 814,603 891,605 968,605 1045,606 1122,608 1198,608 1275,609 1352,611 1429,611 1506,612 1582,613 1659,614 1736,614 1813,614 1890,614"/>
                <TextEquiv>
                    <Unicode>comparatur ex vnione scilicet in eodem secundum speciem aut genus, sicut contingit in identitate specie vel</Unicode>
                </TextEquiv>
            </TextLine>
            <TextLine id="r3l10" custom="readingOrder {index:8;}">
                <Coords points="418,670 1888,665 1859,621 418,625"/>
                <Baseline points="426,651 498,650 571,650 643,648 716,648 789,650 861,650 934,650 1006,651 1079,651 1152,653 1224,654 1297,654 1369,656 1442,656 1515,657 1587,657 1660,659 1732,659 1805,659 1878,659"/>
                <TextEquiv>
                    <Unicode>genere, &amp; specialiter in aequalitate vel similitudine: sed (sicut dicit Commnen. super finem tertii capi-</Unicode>
                </TextEquiv>
            </TextLine>
            <TextLine id="r3l11" custom="readingOrder {index:9;}">
                <Coords points="422,707 1824,721 1896,711 1897,667 423,668"/>
                <Baseline points="431,693 503,693 576,693 649,693 722,693 795,695 867,695 940,696 1013,696 1086,698 1159,698 1231,699 1304,699 1377,701 1450,701 1523,702 1595,702 1668,703 1741,704 1814,704 1887,704"/>
                <TextEquiv>
                    <Unicode>tuli de triniitate. Boethii) comparando deum ad creaturas secundum rationem mensurae &amp; mensurati qua- </Unicode>
                </TextEquiv>
            </TextLine>
            <TextLine id="r3l12" custom="readingOrder {index:10;}">
                <Coords points="417,752 1804,764 1897,752 1897,712 417,715"/>
                <Baseline points="426,737 499,737 572,737 645,737 718,737 791,738 864,738 937,740 1010,741 1083,741 1156,743 1229,744 1302,744 1375,746 1448,746 1521,747 1594,748 1667,749 1740,749 1813,749 1887,749"/>
                <TextEquiv>
                    <Unicode>dam extra ab exemplari conformatiua deductione: non quidem plena in tota sui substantia, aut in parte</Unicode>
                </TextEquiv>
            </TextLine>
            <TextLine id="r3l13" custom="readingOrder {index:11;}">
                <Coords points="418,796 1896,797 1896,753 1749,748 419,750"/>
                <Baseline points="428,783 500,782 573,782 646,782 719,782 792,782 865,783 938,783 1011,785 1084,786 1157,787 1229,788 1302,789 1375,791 1448,792 1521,792 1594,794 1667,794 1740,794 1813,794 1886,792"/>
                <TextEquiv>
                    <Unicode>substantiae suae semiplena substantiali similitudine qua aeternis temporalia nequaquam conferri possunt:</Unicode>
                </TextEquiv>
            </TextLine>
            <TextLine id="r3l14" custom="readingOrder {index:12;}">
                <Coords points="422,845 1883,861 1883,809 1835,801 422,792"/>
                <Baseline points="431,828 503,827 575,827 647,827 719,827 791,827 863,828 936,828 1008,830 1080,831 1152,832 1224,833 1296,834 1368,836 1441,836 1513,837 1585,837 1657,839 1729,839 1801,839 1874,837"/>
                <TextEquiv>
                    <Unicode>sed quadam extra substantiam imitatione ea vnitate quae ex sola proportione comparatur, &amp; imi-</Unicode>
                </TextEquiv>
            </TextLine>
            <TextLine id="r3l15" custom="readingOrder {index:13;}">
                <Coords points="423,882 1897,894 1848,848 423,845"/>
                <Baseline points="432,870 504,870 577,870 650,870 723,872 795,872 868,873 941,873 1014,875 1086,876 1159,877 1232,878 1305,879 1377,881 1450,881 1523,882 1596,882 1668,882 1741,882 1814,882 1887,882"/>
                <TextEquiv>
                    <Unicode>tatione substantiali similitudine. Nota quod dicit de similitudine inter deum &amp; creaturam secundum</Unicode>
                </TextEquiv>
            </TextLine>
            <TextLine id="r3l16" custom="readingOrder {index:14;}">
                <Coords points="426,934 1740,950 1896,935 1897,895 426,892"/>
                <Baseline points="435,917 507,915 580,915 652,915 725,915 798,917 870,917 943,918 1015,919 1088,920 1161,921 1233,923 1306,924 1378,926 1451,926 1524,927 1596,927 1669,927 1741,927 1814,927 1887,926"/>
                <TextEquiv>
                    <Unicode>rationem mensurae &amp; mensurati, quod non est in tota substantia: aut in parte substantiae: sed omnino ex-</Unicode>
                </TextEquiv>
            </TextLine>
            <TextLine id="r3l17" custom="readingOrder {index:15;}">
                <Coords points="416,980 1868,989 1887,941 416,938"/>
                <Baseline points="426,962 498,960 571,960 643,960 716,960 789,960 861,962 934,963 1006,963 1079,965 1152,966 1224,968 1297,969 1369,971 1442,971 1515,972 1587,972 1660,972 1732,972 1805,972 1878,971"/>
                <TextEquiv>
                    <Unicode>tra substantiaum scilicet mensurae conformatiua deductione, quia comparando secundum similitudinem inter</Unicode>
                </TextEquiv>
            </TextLine>
            <TextLine id="r3l18" custom="readingOrder {index:16;}">
                <Coords points="423,1022 1845,1038 1885,985 424,980"/>
                <Baseline points="432,1007 504,1006 576,1005 648,1005 720,1005 792,1005 864,1007 937,1007 1009,1008 1081,1010 1153,1011 1225,1013 1297,1014 1369,1014 1442,1016 1514,1016 1586,1017 1658,1017 1730,1017 1802,1017 1875,1016"/>
                <TextEquiv>
                    <Unicode>creaturas secundum rationem mensurae &amp; mensurati: licet non sit in tota substantia: est tamen in par-</Unicode>
                </TextEquiv>
            </TextLine>
            <TextLine id="r3l19" custom="readingOrder {index:17;}">
                <Coords points="419,1064 1834,1089 1890,1034 419,1026"/>
                <Baseline points="429,1050 501,1050 574,1049 646,1049 719,1050 791,1050 864,1051 936,1052 1009,1053 1081,1055 1154,1056 1227,1058 1299,1058 1372,1059 1444,1061 1517,1061 1589,1061 1662,1062 1734,1061 1807,1061 1880,1059"/>
                <TextEquiv>
                    <Unicode>te substantiae scilicet semiplena. substantiali tamen similitudine quadam: &amp; conformatiua deductione qua-</Unicode>
                </TextEquiv>
            </TextLine>
            <TextLine id="r3l20" custom="readingOrder {index:18;}">
                <Coords points="416,1112 1826,1128 1900,1076 417,1065"/>
                <Baseline points="426,1097 499,1095 572,1094 645,1094 718,1094 792,1095 865,1095 938,1097 1011,1098 1084,1099 1158,1101 1231,1102 1304,1104 1377,1104 1450,1106 1524,1107 1597,1107 1670,1107 1743,1107 1816,1106 1890,1104"/>
                <TextEquiv>
                    <Unicode>lis est inter vnitatem &amp; numerum constitutum per vnitatum replicationem. In quolibet enim nu</Unicode>
                </TextEquiv>
            </TextLine>
            <TextLine id="r3l21" custom="readingOrder {index:19;}">
                <Coords points="410,1162 1825,1176 1899,1154 1900,1108 411,1116"/>
                <Baseline points="419,1142 492,1140 566,1139 639,1139 713,1139 786,1140 860,1140 933,1142 1007,1143 1080,1145 1154,1146 1228,1146 1301,1148 1375,1149 1448,1151 1522,1152 1595,1152 1669,1152 1742,1152 1816,1151 1890,1149"/>
                <TextEquiv>
                    <Unicode>mero recipitur aliquid formae vnitatis, deficienter tamen a perfectione illa quam habet in simplicitate vnita</Unicode>
                </TextEquiv>
            </TextLine>
            <TextLine id="r3l22" custom="readingOrder {index:20;}">
                <Coords points="411,1199 1896,1219 1897,1162 412,1162"/>
                <Baseline points="420,1185 493,1184 566,1184 640,1184 713,1184 786,1184 860,1185 933,1185 1006,1187 1080,1188 1153,1190 1226,1191 1300,1192 1373,1193 1446,1194 1520,1196 1593,1196 1666,1196 1740,1197 1813,1196 1887,1196"/>
                <TextEquiv>
                    <Unicode>tis: sed hoc secundum plus &amp; minus: quia quanto numerus magis elongatur ab vnitate, tanto in illo</Unicode>
                </TextEquiv>
            </TextLine>
            <TextLine id="r3l23" custom="readingOrder {index:21;}">
                <Coords points="426,1251 1891,1250 1805,1205 426,1203"/>
                <Baseline points="435,1230 507,1229 579,1229 651,1227 724,1229 796,1229 868,1230 941,1230 1013,1232 1085,1233 1158,1235 1230,1236 1302,1238 1374,1239 1447,1239 1519,1241 1591,1241 1664,1241 1736,1241 1808,1239 1881,1239"/>
                <TextEquiv>
                    <Unicode>plus deficit forma vnitatis. Vnde numerus non denominatur talis vel talis a pluralitate suarum vnitatum: </Unicode>
                </TextEquiv>
            </TextLine>
            <TextLine id="r3l24" custom="readingOrder {index:22;}">
                <Coords points="428,1293 1897,1299 1897,1246 429,1247"/>
                <Baseline points="438,1275 510,1274 582,1274 655,1274 727,1274 800,1274 872,1275 945,1275 1017,1277 1090,1278 1162,1280 1234,1280 1307,1281 1379,1283 1452,1284 1524,1286 1597,1286 1669,1286 1742,1287 1814,1287 1887,1286"/>
                <TextEquiv>
                    <Unicode>quia illas materialiter continet: sed a forma vnitatis sub qua illas continet. Propter quod dicit Philosophus. vi.</Unicode>
                </TextEquiv>
            </TextLine>
            <TextLine id="r3l25" custom="readingOrder {index:23;}">
                <Coords points="410,1340 1884,1352 1862,1297 411,1294"/>
                <Baseline points="419,1320 491,1320 564,1319 637,1319 710,1319 783,1319 855,1320 928,1320 1001,1321 1074,1322 1147,1323 1219,1323 1292,1325 1365,1326 1438,1326 1511,1328 1583,1329 1656,1329 1729,1331 1802,1331 1875,1331"/>
                <TextEquiv>
                    <Unicode>metaphysiy. quod numerus denarius non est decies vnum: sed semel decem. Et consimiliter comparando rela</Unicode>
                </TextEquiv>
            </TextLine>
            <TextLine id="r3l26" custom="readingOrder {index:24;}">
                <Coords points="412,1378 1684,1402 1899,1395 1900,1340 413,1339"/>
                <Baseline points="422,1365 495,1364 568,1362 642,1362 715,1362 789,1364 862,1364 935,1365 1009,1365 1082,1367 1156,1368 1229,1370 1302,1371 1376,1373 1449,1374 1523,1374 1596,1376 1669,1376 1743,1376 1816,1376 1890,1376"/>
                <TextEquiv>
                    <Unicode>tiua secundo genere relationis &amp; tertio: dico quod relatiua maxime relatione fundata super vnum in ter-</Unicode>
                </TextEquiv>
            </TextLine>
            <TextLine id="r3l27" custom="readingOrder {index:25;}">
                <Coords points="416,1429 1878,1439 1890,1391 416,1384"/>
                <Baseline points="425,1410 497,1409 570,1407 643,1407 716,1407 789,1407 861,1409 934,1409 1007,1410 1080,1412 1153,1413 1225,1415 1298,1416 1371,1416 1444,1418 1517,1419 1589,1419 1662,1419 1735,1419 1808,1419 1881,1418"/>
                <TextEquiv>
                    <Unicode>tio genere relationis non adeo diuersa sunt sicut relatiua secundo genere relationis. L. mensuratio-</Unicode>
                </TextEquiv>
            </TextLine>
            <TextLine id="r3l28" custom="readingOrder {index:26;}">
                <Coords points="407,1477 1896,1471 1852,1432 408,1427"/>
                <Baseline points="416,1454 489,1452 563,1451 636,1451 710,1451 783,1452 857,1452 930,1454 1004,1455 1077,1457 1151,1457 1225,1459 1298,1460 1372,1461 1445,1463 1519,1464 1592,1464 1666,1466 1739,1466 1813,1464 1887,1464"/>
                <TextEquiv>
                    <Unicode>nis: quia plus vnum sunt relata tertio genere relationis quam secundo. Relata enim tertio genere relatio-</Unicode>
                </TextEquiv>
            </TextLine>
            <TextLine id="r3l29" custom="readingOrder {index:27;}">
                <Coords points="423,1514 1884,1528 1885,1475 424,1470"/>
                <Baseline points="432,1499 504,1497 576,1497 648,1497 720,1497 792,1497 864,1499 937,1500 1009,1500 1081,1502 1153,1503 1225,1504 1297,1505 1369,1506 1442,1508 1514,1509 1586,1509 1658,1510 1730,1511 1802,1511 1875,1511"/>
                <TextEquiv>
                    <Unicode>nis relatione fundata super vnum: sunt vnum aut ea quae ex singularitate est vnitate: aut ea quae comparatur ex</Unicode>
                </TextEquiv>
            </TextLine>
            <TextLine id="r3l30" custom="readingOrder {index:28;}">
                <Coords points="416,1555 1699,1576 1890,1568 1891,1527 417,1514"/>
                <Baseline points="425,1542 497,1542 570,1542 643,1541 716,1542 789,1542 861,1543 934,1544 1007,1545 1080,1547 1153,1548 1225,1548 1298,1550 1371,1551 1444,1553 1517,1554 1589,1554 1662,1556 1735,1556 1808,1556 1881,1556"/>
                <TextEquiv>
                    <Unicode>vnione, secundum quod inferius declarabitur. Illa autem quae sunt relatiua secundo genere relationis scilicet sicut men</Unicode>
                </TextEquiv>
            </TextLine>
            <TextLine id="r3l31" custom="readingOrder {index:29;}">
                <Coords points="410,1604 1670,1630 1898,1621 1899,1568 410,1558"/>
                <Baseline points="420,1589 493,1589 567,1589 640,1589 714,1589 787,1590 861,1590 934,1592 1008,1592 1081,1593 1155,1595 1228,1595 1302,1596 1375,1598 1449,1599 1522,1601 1596,1601 1669,1602 1743,1602 1816,1602 1890,1604"/>
                <TextEquiv>
                    <Unicode>sura &amp; mensuratum, sunt vnum sola vnitate: &amp; quod minus est, vnione quae ex sola proportione &amp; imi</Unicode>
                </TextEquiv>
            </TextLine>
            <TextLine id="r3l32" custom="readingOrder {index:30;}">
                <Coords points="418,1653 522,1643 548,1659 580,1642 594,1655 646,1647 672,1656 740,1641 739,1612 715,1599 691,1610 679,1601 609,1600 566,1611 542,1602 491,1610 472,1599 417,1607"/>
                <Baseline points="426,1634 451,1635 476,1635 502,1635 527,1634 553,1634 578,1634 603,1632 629,1632 654,1632 680,1632 705,1634 731,1635"/>
                <TextEquiv>
                    <Unicode>tatione comparatur.</Unicode>
                </TextEquiv>
            </TextLine>
            <TextLine id="r3l34" custom="readingOrder {index:31;}">
                <Coords points="422,1710 1891,1700 1891,1654 1790,1643 423,1653"/>
                <Baseline points="432,1688 504,1686 576,1686 649,1686 721,1686 794,1686 866,1688 939,1689 1011,1689 1084,1691 1156,1692 1228,1694 1301,1695 1373,1695 1446,1697 1518,1697 1591,1698 1663,1698 1736,1697 1808,1697 1881,1695"/>
                <TextEquiv>
                    <Unicode>⁋ Ad primum in oppositum, quod relationes communes non distinguuntur ab aliis se-</Unicode>
                </TextEquiv>
            </TextLine>
            <TextLine id="r3l36" custom="readingOrder {index:32;}">
                <Coords points="425,1746 1896,1764 1896,1696 426,1709"/>
                <Baseline points="435,1733 507,1733 580,1731 652,1733 725,1733 798,1733 870,1734 943,1735 1015,1736 1088,1737 1161,1739 1233,1740 1306,1742 1378,1742 1451,1743 1524,1745 1596,1746 1669,1746 1741,1746 1814,1746 1887,1746"/>
                <TextEquiv>
                    <Unicode>cundum genus aut speciem: quia distinctio earum est per accidens ab aliis sub genere relationis: quia per</Unicode>
                </TextEquiv>
            </TextLine>
            <TextLine id="r3l38" custom="readingOrder {index:33;}">
                <Coords points="423,1786 1882,1801 1814,1754 423,1746"/>
                <Baseline points="432,1778 504,1778 576,1778 648,1778 720,1778 792,1779 864,1779 936,1781 1008,1781 1080,1782 1152,1784 1224,1785 1296,1785 1368,1787 1440,1788 1512,1788 1584,1790 1656,1791 1728,1791 1800,1791 1872,1791"/>
                <TextEquiv>
                    <Unicode>res alterius generis: Dico quod aliquid distinguitur per res alterius generis ab alio dupliciter. Vno modo sicut</Unicode>
                </TextEquiv>
            </TextLine>
            <TextLine id="r3l39" custom="readingOrder {index:34;}">
                <Coords points="408,1834 1815,1854 1881,1847 1882,1801 408,1788"/>
                <Baseline points="417,1821 489,1821 562,1821 635,1821 708,1823 780,1823 853,1824 926,1824 999,1826 1071,1827 1144,1828 1217,1829 1290,1830 1362,1832 1435,1832 1508,1833 1581,1835 1653,1835 1726,1835 1799,1836 1872,1836"/>
                <TextEquiv>
                    <Unicode>subiectum illarum rerum: vt homo per hominem album &amp; hominem nigrum. &amp; ista distinctio vt procedit obiectio est per ac</Unicode>
                </TextEquiv>
            </TextLine>
            <TextLine id="r3l40" custom="readingOrder {index:35;}">
                <Coords points="416,1877 1658,1902 1871,1895 1894,1848 417,1833"/>
                <Baseline points="426,1865 498,1865 571,1865 644,1865 717,1866 790,1866 863,1868 936,1869 1009,1871 1082,1872 1155,1874 1227,1875 1300,1877 1373,1877 1446,1878 1519,1880 1592,1880 1665,1880 1738,1880 1811,1880 1884,1880"/>
                <TextEquiv>
                    <Unicode>cidens. Alio modo sicut consequens essentialiter ad subiectum per res illas alterius generis: sicut in proposito ad hunc</Unicode>
                </TextEquiv>
            </TextLine>
            <TextLine id="r3l41" custom="readingOrder {index:36;}">
                <Coords points="413,1921 1885,1942 1885,1891 1810,1886 413,1879"/>
                <Baseline points="423,1910 495,1910 568,1910 640,1911 713,1911 786,1913 858,1913 931,1914 1003,1916 1076,1917 1149,1918 1221,1919 1294,1920 1366,1922 1439,1923 1512,1923 1584,1925 1657,1925 1729,1925 1802,1925 1875,1925"/>
                <TextEquiv>
                    <Unicode>hominem album inquantum est albus: &amp; ad alium hominem similiter album inquantum est albus, sequitur simile: simili</Unicode>
                </TextEquiv>
            </TextLine>
            <TextLine id="r3l42" custom="readingOrder {index:37;}">
                <Coords points="416,1967 1834,1991 1894,1943 416,1925"/>
                <Baseline points="425,1956 501,1955 578,1956 655,1956 732,1956 808,1958 885,1959 962,1960 1039,1961 1116,1962 1192,1964 1269,1965 1346,1967 1423,1968 1500,1970 1576,1970 1653,1970 1730,1971 1807,1970 1884,1970"/>
                <TextEquiv>
                    <Unicode>ter ad vnum hominem nigrum &amp; ad alium hominem album sequitur dissimilitudo: &amp; sic. in caeteris contentis sub genera</Unicode>
                </TextEquiv>
            </TextLine>
            <TextLine id="r3l43" custom="readingOrder {index:38;}">
                <Coords points="413,2013 1699,2035 1886,2030 1887,1982 413,1969"/>
                <Baseline points="422,2001 494,2001 567,2001 640,2001 713,2001 786,2003 858,2003 931,2004 1004,2006 1077,2007 1150,2007 1222,2009 1295,2010 1368,2012 1441,2013 1514,2013 1586,2015 1659,2015 1732,2015 1805,2015 1878,2015"/>
                <TextEquiv>
                    <Unicode>lissimo relationis ex parte relationum conmunium. &amp; quae sic distiguuntur, essentialiter distinguuntur. Quia licet di</Unicode>
                </TextEquiv>
            </TextLine>
            <TextLine id="r3l44" custom="readingOrder {index:39;}">
                <Coords points="412,2057 1559,2078 1879,2069 1880,2025 413,2013"/>
                <Baseline points="422,2046 494,2045 566,2045 639,2045 711,2046 783,2046 856,2048 928,2049 1000,2051 1073,2052 1145,2054 1217,2054 1290,2055 1362,2057 1434,2058 1507,2059 1579,2060 1651,2060 1724,2060 1796,2060 1869,2058"/>
                <TextEquiv>
                    <Unicode>stinctio communis generalissimi in talibus sit per additamentum, vt dictum est: &amp; quo ad hoc non intantum essentialiter</Unicode>
                </TextEquiv>
            </TextLine>
            <TextLine id="r3l45" custom="readingOrder {index:40;}">
                <Coords points="411,2105 1723,2125 1890,2111 1891,2063 412,2057"/>
                <Baseline points="420,2090 493,2090 566,2090 639,2091 712,2091 785,2093 858,2093 931,2094 1004,2096 1077,2097 1150,2097 1223,2099 1296,2100 1369,2102 1442,2102 1515,2103 1588,2104 1661,2105 1734,2105 1807,2105 1881,2105"/>
                <TextEquiv>
                    <Unicode>fit distinctio secundum genera &amp; species in relationibus istis sicut in absolutis: quia tamen ipsum fundamentum</Unicode>
                </TextEquiv>
            </TextLine>
            <TextLine id="r3l46" custom="readingOrder {index:41;}">
                <Coords points="420,2151 1747,2173 1877,2160 1878,2114 421,2109"/>
                <Baseline points="429,2136 501,2135 573,2135 645,2136 717,2136 789,2138 861,2138 933,2139 1005,2141 1077,2142 1149,2143 1221,2144 1293,2145 1365,2147 1437,2147 1509,2148 1581,2148 1653,2150 1725,2150 1797,2150 1869,2148"/>
                <TextEquiv>
                    <Unicode>per quod sit additamentum illi communi quodammodo subintrat rationem respectus in dando ei realitatem: quia simi</Unicode>
                </TextEquiv>
            </TextLine>
            <TextLine id="r3l47" custom="readingOrder {index:42;}">
                <Coords points="410,2193 1650,2213 1882,2205 1883,2160 410,2153"/>
                <Baseline points="420,2180 492,2180 565,2180 637,2181 710,2181 783,2183 855,2183 928,2184 1000,2186 1073,2187 1146,2187 1218,2189 1291,2190 1363,2192 1436,2192 1509,2193 1581,2193 1654,2195 1726,2195 1799,2195 1872,2195"/>
                <TextEquiv>
                    <Unicode>litudo fundata supra quaelitatem qualitas est quoquo modo, secundum illud dictum vsitatum, Similitudo est rerum</Unicode>
                </TextEquiv>
            </TextLine>
            <TextLine id="r3l48" custom="readingOrder {index:43;}">
                <Coords points="411,2239 1885,2249 1885,2203 411,2191"/>
                <Baseline points="420,2225 492,2225 565,2225 638,2225 711,2225 783,2226 856,2228 929,2229 1002,2231 1074,2231 1147,2232 1220,2234 1293,2235 1365,2237 1438,2238 1511,2238 1584,2240 1656,2240 1729,2240 1802,2238 1875,2238"/>
                <TextEquiv>
                    <Unicode>differentium eadem quaelitas: Idcirco ergo albo vni in ordine ad aliud album similitudo est essentialis quasi secun</Unicode>
                </TextEquiv>
            </TextLine>
            <TextLine id="r3l49" custom="readingOrder {index:44;}">
                <Coords points="414,2289 1638,2303 1875,2293 1876,2251 415,2239"/>
                <Baseline points="423,2270 495,2270 567,2270 639,2271 711,2271 783,2273 855,2273 928,2274 1000,2276 1072,2277 1144,2278 1216,2279 1288,2280 1360,2282 1433,2282 1505,2283 1577,2284 1649,2285 1721,2285 1793,2285 1866,2283"/>
                <TextEquiv>
                    <Unicode>dum tertium modum dicendi per se. Et sicut hoc dico de similitudine, consimiliter &amp; hoc dico de aliis relatio</Unicode>
                </TextEquiv>
            </TextLine>
            <TextLine id="r3l50" custom="readingOrder {index:45;}">
                <Coords points="416,2326 1706,2349 1875,2342 1876,2294 417,2287"/>
                <Baseline points="426,2313 498,2315 570,2315 642,2315 714,2316 786,2318 858,2318 930,2319 1002,2321 1074,2322 1146,2324 1218,2324 1290,2325 1362,2327 1434,2327 1506,2328 1578,2328 1650,2330 1722,2330 1794,2330 1866,2330"/>
                <TextEquiv>
                    <Unicode>nibus omnibus communibus &amp; propriis. Et per hunc modum si relatio quae est praedicamentum consideretur vt vniversale absi ractum</Unicode>
                </TextEquiv>
            </TextLine>
            <TextLine id="r3l51" custom="readingOrder {index:46;}">
                <Coords points="416,2370 1700,2393 1869,2384 1870,2343 416,2326"/>
                <Baseline points="426,2357 497,2358 569,2358 641,2360 712,2360 784,2361 856,2363 927,2364 999,2366 1071,2367 1143,2367 1214,2369 1286,2370 1358,2372 1429,2372 1501,2373 1573,2373 1644,2373 1716,2373 1788,2373 1860,2373"/>
                <TextEquiv>
                    <Unicode>a suis speciebus proximis: sicut illae non solum significant respectum siue esse ad aliud simpliciter: sed realitatem con</Unicode>
                </TextEquiv>
            </TextLine>
            <TextLine id="r3l52" custom="readingOrder {index:47;}">
                <Coords points="411,2414 1881,2427 1835,2382 411,2372"/>
                <Baseline points="419,2403 491,2403 564,2403 636,2405 709,2405 782,2406 854,2408 927,2409 1000,2410 1072,2411 1145,2412 1218,2414 1290,2415 1363,2416 1436,2417 1508,2418 1581,2418 1654,2418 1726,2420 1799,2420 1872,2418"/>
                <TextEquiv>
                    <Unicode>tractam a fundamentis diuersis: sic genus generalissimum quod est relatio, non significat nudum respectum siue mo</Unicode>
                </TextEquiv>
            </TextLine>
            <TextLine id="r3l53" custom="readingOrder {index:48;}">
                <Coords points="410,2466 1656,2486 1869,2475 1885,2429 411,2416"/>
                <Baseline points="419,2448 491,2448 564,2450 637,2450 710,2451 783,2452 855,2453 928,2454 1001,2456 1074,2457 1147,2458 1219,2459 1292,2460 1365,2462 1438,2462 1511,2463 1583,2463 1656,2465 1729,2465 1802,2465 1875,2465"/>
                <TextEquiv>
                    <Unicode>dum quid est ad aliud esse: sed etiam realitatem in vniversali contractam a fundamentis illis in suis speciebus. Et licet a di</Unicode>
                </TextEquiv>
            </TextLine>
            <TextLine id="r3l54" custom="readingOrder {index:49;}">
                <Coords points="419,2510 1749,2530 1869,2516 1870,2474 420,2464"/>
                <Baseline points="429,2492 500,2492 572,2493 643,2495 715,2496 786,2496 858,2498 929,2499 1001,2501 1072,2502 1144,2502 1216,2504 1287,2505 1359,2507 1430,2507 1502,2508 1573,2508 1645,2508 1716,2508 1788,2508 1860,2508"/>
                <TextEquiv>
                    <Unicode>uersis generibus praedicamentorum absolutorum contrahatur ista realitas, contrahitur tamen secundum vnum modum generalem in</Unicode>
                </TextEquiv>
            </TextLine>
            <TextLine id="r3l55" custom="readingOrder {index:50;}">
                <Coords points="417,2550 1880,2559 1853,2517 417,2510"/>
                <Baseline points="426,2537 498,2538 570,2538 642,2540 715,2541 787,2542 859,2543 931,2544 1004,2546 1076,2547 1148,2549 1220,2550 1293,2550 1365,2552 1437,2552 1509,2553 1582,2553 1654,2553 1726,2553 1798,2552 1871,2552"/>
                <TextEquiv>
                    <Unicode>potentiis quibuscumque, in mensuris quibuscumque, &amp; in relationibus omnibus quibuscunque. Quemadmo </Unicode>
                </TextEquiv>
            </TextLine>
            <TextLine id="r3l56" custom="readingOrder {index:51;}">
                <Coords points="407,2596 1881,2618 1882,2559 408,2558"/>
                <Baseline points="417,2582 489,2582 562,2583 635,2583 708,2585 780,2586 853,2588 926,2589 999,2591 1071,2591 1144,2592 1217,2594 1290,2595 1362,2595 1435,2597 1508,2597 1581,2598 1653,2598 1726,2598 1799,2598 1872,2598"/>
                <TextEquiv>
                    <Unicode>dum enim ratione vnius sequitur aequale in magnitudine, sic ratione vnius sequitur simile in qualita</Unicode>
                </TextEquiv>
            </TextLine>
            <TextLine id="r3l57" custom="readingOrder {index:52;}">
                <Coords points="408,2648 1873,2658 1848,2606 409,2598"/>
                <Baseline points="417,2627 489,2627 561,2628 633,2628 706,2630 778,2631 850,2633 923,2634 995,2635 1067,2636 1140,2637 1212,2639 1284,2640 1356,2642 1429,2642 1501,2643 1573,2643 1646,2643 1718,2643 1790,2642 1863,2642"/>
                <TextEquiv>
                    <Unicode>te. Et per hoc licet non in eodem vniuocentur quantitas &amp; qualitas, vniuocantur tamen in eodem</Unicode>
                </TextEquiv>
            </TextLine>
            <TextLine id="r3l59" custom="readingOrder {index:53;}">
                <Coords points="399,2688 1881,2702 1881,2658 1716,2648 400,2648"/>
                <Baseline points="408,2672 481,2672 554,2672 627,2673 700,2675 773,2676 846,2678 920,2679 993,2680 1066,2681 1139,2682 1212,2684 1285,2685 1358,2686 1432,2687 1505,2687 1578,2688 1651,2688 1724,2688 1797,2687 1871,2685"/>
                <TextEquiv>
                    <Unicode>aequalitas &amp; similitudo, vt inferius amplius patebit. ⁋ Per hoc patet ad secundum: quod relationes con</Unicode>
                </TextEquiv>
            </TextLine>
            <TextLine id="line_1589422386102_4060" custom="readingOrder {index:54;}">
                <Coords points="389,2732 1878,2747 1851,2695 389,2695"/>
                <Baseline points="399,2718 412,2718 493,2718 574,2718 655,2720 736,2721 817,2722 898,2723 979,2725 1060,2727 1140,2729 1221,2730 1302,2731 1383,2732 1464,2733 1545,2733 1626,2733 1707,2733 1788,2732 1869,2730"/>
                <TextEquiv>
                    <Unicode>munes omne genus circuneunt: ergo a nullo secundum genus aut speciem distinguuntur. Dico enim</Unicode>
                </TextEquiv>
            </TextLine>
            <TextEquiv>
                <Unicode>&amp; illa de quibus dicuntur, differunt. Et post pauca. Quantitates autem &amp; qualitantes secundum quas aequa- 
lia &amp; consimilia dicuntur: non adeo diuersae sunt sicut potestas secundum quam ille dominus iste ser-
uus dicuntur: sed quodammodo vnum sunt, non quidem ea quae ex singularitate est vnitate: sed ea quae ex pro
portione comparatur vnitate. Etiam consimiliter dico quod comparando in creaturis relatiua primo ge 
nere relationis &amp; tertio inter se, vnum &amp; multum in substantia numerorum secundum quae mensura &amp;
mensuratum dicuntur relatiua: non adeo diuersa sunt sicut actiuum &amp; passiuum: sed quodammodo vnum
sunt non quidem ea quae ex singularitate est vnitate, sicut contingit in identitate numerali: nec ea quae 
comparatur ex vnione scilicet in eodem secundum speciem aut genus, sicut contingit in identitate specie vel
genere, &amp; specialiter in aequalitate vel similitudine: sed (sicut dicit Commnen. super finem tertii capi-
tuli de triniitate. Boethii) comparando deum ad creaturas secundum rationem mensurae &amp; mensurati qua- 
dam extra ab exemplari conformatiua deductione: non quidem plena in tota sui substantia, aut in parte
substantiae suae semiplena substantiali similitudine qua aeternis temporalia nequaquam conferri possunt:
sed quadam extra substantiam imitatione ea vnitate quae ex sola proportione comparatur, &amp; imi-
tatione substantiali similitudine. Nota quod dicit de similitudine inter deum &amp; creaturam secundum
rationem mensurae &amp; mensurati, quod non est in tota substantia: aut in parte substantiae: sed omnino ex-
tra substantiaum scilicet mensurae conformatiua deductione, quia comparando secundum similitudinem inter
creaturas secundum rationem mensurae &amp; mensurati: licet non sit in tota substantia: est tamen in par-
te substantiae scilicet semiplena. substantiali tamen similitudine quadam: &amp; conformatiua deductione qua-
lis est inter vnitatem &amp; numerum constitutum per vnitatum replicationem. In quolibet enim nu
mero recipitur aliquid formae vnitatis, deficienter tamen a perfectione illa quam habet in simplicitate vnita
tis: sed hoc secundum plus &amp; minus: quia quanto numerus magis elongatur ab vnitate, tanto in illo
plus deficit forma vnitatis. Vnde numerus non denominatur talis vel talis a pluralitate suarum vnitatum: 
quia illas materialiter continet: sed a forma vnitatis sub qua illas continet. Propter quod dicit Philosophus. vi.
metaphysiy. quod numerus denarius non est decies vnum: sed semel decem. Et consimiliter comparando rela
tiua secundo genere relationis &amp; tertio: dico quod relatiua maxime relatione fundata super vnum in ter-
tio genere relationis non adeo diuersa sunt sicut relatiua secundo genere relationis. L. mensuratio-
nis: quia plus vnum sunt relata tertio genere relationis quam secundo. Relata enim tertio genere relatio-
nis relatione fundata super vnum: sunt vnum aut ea quae ex singularitate est vnitate: aut ea quae comparatur ex
vnione, secundum quod inferius declarabitur. Illa autem quae sunt relatiua secundo genere relationis scilicet sicut men
sura &amp; mensuratum, sunt vnum sola vnitate: &amp; quod minus est, vnione quae ex sola proportione &amp; imi
tatione comparatur.
⁋ Ad primum in oppositum, quod relationes communes non distinguuntur ab aliis se-
cundum genus aut speciem: quia distinctio earum est per accidens ab aliis sub genere relationis: quia per
res alterius generis: Dico quod aliquid distinguitur per res alterius generis ab alio dupliciter. Vno modo sicut
subiectum illarum rerum: vt homo per hominem album &amp; hominem nigrum. &amp; ista distinctio vt procedit obiectio est per ac
cidens. Alio modo sicut consequens essentialiter ad subiectum per res illas alterius generis: sicut in proposito ad hunc
hominem album inquantum est albus: &amp; ad alium hominem similiter album inquantum est albus, sequitur simile: simili
ter ad vnum hominem nigrum &amp; ad alium hominem album sequitur dissimilitudo: &amp; sic. in caeteris contentis sub genera
lissimo relationis ex parte relationum conmunium. &amp; quae sic distiguuntur, essentialiter distinguuntur. Quia licet di
stinctio communis generalissimi in talibus sit per additamentum, vt dictum est: &amp; quo ad hoc non intantum essentialiter
fit distinctio secundum genera &amp; species in relationibus istis sicut in absolutis: quia tamen ipsum fundamentum
per quod sit additamentum illi communi quodammodo subintrat rationem respectus in dando ei realitatem: quia simi
litudo fundata supra quaelitatem qualitas est quoquo modo, secundum illud dictum vsitatum, Similitudo est rerum
differentium eadem quaelitas: Idcirco ergo albo vni in ordine ad aliud album similitudo est essentialis quasi secun
dum tertium modum dicendi per se. Et sicut hoc dico de similitudine, consimiliter &amp; hoc dico de aliis relatio
nibus omnibus communibus &amp; propriis. Et per hunc modum si relatio quae est praedicamentum consideretur vt vniversale absi ractum
a suis speciebus proximis: sicut illae non solum significant respectum siue esse ad aliud simpliciter: sed realitatem con
tractam a fundamentis diuersis: sic genus generalissimum quod est relatio, non significat nudum respectum siue mo
dum quid est ad aliud esse: sed etiam realitatem in vniversali contractam a fundamentis illis in suis speciebus. Et licet a di
uersis generibus praedicamentorum absolutorum contrahatur ista realitas, contrahitur tamen secundum vnum modum generalem in
potentiis quibuscumque, in mensuris quibuscumque, &amp; in relationibus omnibus quibuscunque. Quemadmo 
dum enim ratione vnius sequitur aequale in magnitudine, sic ratione vnius sequitur simile in qualita
te. Et per hoc licet non in eodem vniuocentur quantitas &amp; qualitas, vniuocantur tamen in eodem
aequalitas &amp; similitudo, vt inferius amplius patebit. ⁋ Per hoc patet ad secundum: quod relationes con
munes omne genus circuneunt: ergo a nullo secundum genus aut speciem distinguuntur. Dico enim</Unicode>
            </TextEquiv>
        </TextRegion>
    </Page>
</PcGts>
