2017 3282
417 294 1929 354 duo quaedam intelligo: aliud quo animus est: aliud quo bonus. Et quidem vt animus esset, non egit ipse
417 338 1920 396 aliquid: non enim iam erat qui ageret vt esset: vt autem sit bonus animus, video agendum esse volun
421 377 1923 436 tate: non quia idipsum quo animus est: non est aliquid boni: sed nondum dicitur animus bonus: quia
419 429 1920 489 restat ei actio voluntatis qua sit praestantior. Haec autem duo genera bonorum quamuis in creaturis dif
428 475 1914 531 ferant, in deo tamen idipsum sunt: & in vna ratione boni transferuntur a nobis in deum. Et cum bo
427 524 1917 582 num diuiditur primo aequaliter in decem praedicamenta, sicut ens, vt vult Philosophus in princi-
415 570 1916 631 pio Ethicorum necessarium est quod ipsum differat ab esse siue a natura & essentia rei in qua fundatur secundum
425 620 1924 673 rationem tantum: quia neque aliud re addit essentiae, sicut album addit super corpus: nec aliud intentione
422 662 1931 715 sicut sensibile addit super vegetabile: quia tunc bonum contraheret ens: sed solum super esse & essentiam
422 705 1932 766 rei cuius est, addit aliquid secundum rationem: hoc est aliam rationem quam sit ratio esse vel entis, quae est de
426 760 1938 812 terminatus modus ipsius entis, ne bonum sit omnino synonymum cum esse vel ente. Determinatus autem
423 809 1920 861 modus quid est rationis tantum, positiuus & absolutus esse non potest: quia nihil est tale quid, nisi ponat rem
428 847 1933 903 aut intentionem aliquam aliam super id cuius est. Oportet igitur quod sit negatiuus aut positiuus re-
420 891 1929 951 spectiuus, secundum quod de hoc satis habitum est supra. Negatiuum autem modum nihil potest ad
428 939 1918 999 dere super ens, nisi negando a seipso diuersitatem: quia ens quodcumque ex natura sua ad seipsum idem
425 984 1928 1039 titatem ponit ex eo quod est. Et ille modus significatur nomine vnius: & format primum conceptum
422 1034 1932 1089 additum rationi entis. Oportet igitur quod bonum super ens & vnum addat respectum rationis tantum.
424 1080 1920 1138 ld autem quod est rationis tantum, oportet fundari in eo quod est rei, ne sit ratio vana. In re autem qualibet tam
424 1138 1929 1191 creata quam increata est considerare & speciem & ipsum subsistens in forma & specie. Species autem duo ha
427 1166 1934 1231 bet agere: & secundum hoc duo habet respicere. Secundum considerationem intellectus nostri est species primo
434 1220 1929 1278 rei manifestatiua & declaratiua. scilicet quia est id quod est. Secundo est rei in suo esse perfectiua & completiua. Vnde
434 1263 1939 1321 cum res nata est denominari a sua forma & specie secundum ea quae forma agit circa eam: potest ergo consi
432 1308 1926 1360 derari res vt per formam suam & speciem ipsa res nata est manifestari esse id quod est. Sic considera-
431 1352 1936 1414 tur in ipsa respectus rationis quem habet per suam speciem ad intellectum cognoscentem: & denominatur hoc
434 1400 1939 1451 nomine verum: vt patet ex supra determinatis. Potest etiam alio modo considerari res, vt per suam
427 1449 1919 1508 formam, & speciem habet perfici & compleri secundum se in suo esse. Sic consideratur in ipsa respe
425 1499 1926 1551 ctus rationis ad ipsam formam & speciem suam: & denominatur hoc nomine bonum. Vnde quia ve
428 1543 1938 1590 rum nominat respectum quem habet res per speciem ad intellectum, in quo perficitur actus manife-
424 1589 1924 1644 standi: Bonum vero nominat respectum ad ipsam speciem quae rem perficit: ldeo dicit Philosophus
433 1635 1929 1686 vi. meta. quod verum & falsum sunt in consideratione, bonum vero & malum sunt in rebus. Et nunquam definitur
438 1682 1930 1743 verum nisi per actum manifestandi: neque bonum nisi per actum perficiendi. Et quia verum nominat respectum quem habet res per
440 1729 1928 1786 peciem ad cognitionem in manifestando: quod facit species ratione qua est species simpliciter: bonum
434 1775 1935 1837 vero nominat respectum quem habet res ad ipsam speciem in perficiendo: quod non facit species nisi quia in
437 1820 1935 1880 se perfecte continet ea quae nata sunt perficere esse & essentiam rei: non quia est species simpliciter: & sic
436 1868 1932 1915 ratio speciei inquantum perficit, se habet per additionem ad rationem speciei simpliciter: ldeo post rationem entis
437 1913 1933 1975 & vnius est tertio ratio veri: & quaerto ratio boni. Sic ergo bonum significat suo nomine principaliter ens perfectionem
424 1959 1940 2007 suam attigens: sicut verum significat ens seipsum intellectui manifestans. Perfectionem autem suam res siue ens potest
422 2003 1935 2068 attigere dupliciter. Vno modo quia perfecte perfectionem suam habet in se & ex se omnino. Alio modo quia illam recipit
421 2053 1938 2114 ab alio & extra se: & hoc vel imperfecte, quoniam illam imperfecte attingit propter aliquam distantiam a suo fine: vel
439 2099 1940 2149 perfecte, quoniam illam perfecte attingit ex perfecta coniunctione cum fine. Primo modo cadit ratio boni in solo
433 2147 1934 2204 deo. Secundo modo cadit in creaturis. Propter quod dicit Boethius de hebd. Primum bonum in eo quod est
435 2190 1932 2250 bonum est. Secundum vero bonum est, quoniam ex eo fluxit cuius esse bonum est. Propter quod primum bonum est bonum per
430 2240 1931 2289 essentiam: Secundum vero per participationem solum. Et quia omne participatum est ab illo quod est per essentiam: & omne hamiens aut re
428 2285 1944 2338 cipiens bonum suum ab alio tendit in illud vt suum bonum in illo bono perficiatur: ideo deus bonus dicitur vt
422 2331 1940 2388 finis: alia vero omnia sicut ea quae sunt ad finem. Et sicut alia dicuntur bona quae tendunt in primum bonum si
436 2376 1931 2429 cut in finem vt ipsum attingant: sic deus dicitur bonum quia finis est omnis boni: & in se & ex se habet
428 2419 1942 2476 perfectionem & complementum omnis boni: vt non sit bonum hoc aut illud sicut sunt caetera bona: sed sim
440 2471 1928 2520 pliciter bonum: & bonum omnis boni. dicente Augustinus viii. de trinitate. ca. iiii. Bona est terra. & caetera plurima
421 2519 1932 2577 quae enumerat tam in rebus corporalibus quam spiritualibus. vbi subdit. Quid plura: bonum hoc, bonum illud
434 2563 1932 2616 & vide ipsum bonum si potes: ita deum videbis non alio bono bonum, sed omnis boni bonum. Non bonus animus
436 2608 1935 2660 aut bonus angelus, aut bonum caelum: sed bonum bonum. Sic enim fortasse facilius aduertitur quid velim dice
427 2653 1941 2715 re. & infra. Cum itaque audis bonum hoc & bonum illud, quae possunt alias dici & non bona, si poteris sine il-
428 2701 1940 2761 lis quae participatione bona sunt perspicere ipsum bonum cuius participatione bona sunt. Simul enim & ipsum
431 2745 1931 2797 intelligis cum audis hoc aut illud bonum. Si ergo potueris illis detractis per seipsum perspicere bonum, perspexe-
413 2794 1920 2860 ris deum. Secundum hunc ergo modum praeexpositum ponendum est quod deus dicendus est esse bonus.
