2017 3264
422 254 1928 334 secundum rem, puta cum pater & filius & spiritus sanctus dicuntur idem simile & aequale. ergo &c. Vnde
434 329 1921 379 & Philosophus. v. meta. de relationibus communibus identitatis aequalitatis & similitudinis dicit sic.
445 370 1923 424 Omnia dicuntur secundum vnum modum. ⁋ Contra est id quod Commentator super illo verbo. v. meta. dicit, sic. i.
443 420 1925 472 & proprium est istis tribus generibus relatiuorum &c. vt supra, articulo primo de relationibus comunibus
443 470 1925 520 in principio corporis solutionis ad quaestionem primam. Si enim sunt tria genera relatiuorum, necessario differunt.
449 507 1920 599 ⁋ Dico secundum praetacta in corpore dictae solutionis, quod postquam identitas aequali
446 583 1922 641 tas & similitudo sint plures relationes communes, vt dictum est in secunda quaestione eiusdem arti
443 625 1921 693 culi, necesse est ponere quod sunt diuersae inter se. Vlterius autem postquam conveniunt in genere relationis: quia
437 686 1925 728 omnes sunt relationes, & differunt ab aliis relationibus, vt declaratum est per totum illum articulum: ne
446 720 1934 780 cesse est ponere quod etiam inter se distinctae sunt & differentes: & secundum quod tactum est in secunda quaestio
439 765 1937 825 ne articuli praecedentis de differentia relationum communium ad relationes non communes. Diffe
435 822 1931 874 rentia autem relationum communium inter se ad praesens debet sumi neque penes relata: neque penes fun-
434 860 1934 912 damenta: de quarum differentia secundum illa erit sermo inferius: quae sunt quasi causa materialis
439 909 1928 963 talium relationum: sed solummodo penes rationes causae formalis: aut penes agens huiusmodi formas: quae
455 964 1941 1014 quidem formae sunt huiusmodi relationes aut respectus quibus relata referuntur. Et dico iuxta dicta in il-
434 1000 1938 1056 la quaestione, quod relationes communes differunt & distinguuntur secundum tria genera siue tres mo-
440 1047 1934 1108 dos relationum differentes secundum formam. iDiuersos enim respectus siue relationes important ge
444 1093 1944 1158 nera relationum communium diuersa. & qualiter hoc, declarabitur in quaestionibus sequentibus. Et le-
441 1135 1313 1200 cundum hoc concedenda est vltima ratio iam adducta.
446 1161 1943 1256 ⁋ Ad primum in oppositum, quod relationes communes non distinguuntur penes sun
452 1234 1928 1301 damenta: quare non distinguuntur omnino: quia non nisi penes illa multiplicantur, Dico quod immo
457 1293 1937 1347 er sua fundamenta distinguuntur: licet non formaliter: sed solum quia ab illis rationes suas forma-
453 1336 1944 1396 les trahunt originaliter & completiue, vt contigit in relationibus realibus: vel originaliter tantum, & con
455 1385 1931 1443 pletiue a ratione, vt contigit in relationibus secundum rationem, secundum dicta in secunda quaestione
453 1432 1944 1490 articuli praecedentis. In quibus respectus quid originaliter habent esse in fundamentis, quandoque non habent esste
449 1483 1939 1536 ex illis vt ex fundamentis, vt etiam ex eis habeant esse sicut ea quae per eas referuntur: & sunt si-
446 1526 1939 1580 mul fundamenta & relata: sed quandoque in eis nulla existit relatio secundum esse neque rei neque ta-
453 1573 1929 1631 tionis: sed secundum dici tantum: qualis est inter partem & totum, & inter subiectum & accidens. Quam
449 1617 1944 1673 doque vero existit in eis relatio secundum esse rationis tantum, vt vniuersaliter contingit in relationibus pri-
451 1664 1951 1713 mo modo identitatis: quandoque vero respectus quid habet esse ex fundamentis, sicut habent esse ex illis vt
451 1708 1933 1768 tamen non sint ex illis quae per eas referuntur quae sunt aliquid ipsorum relatorum: vt contigit in secundo modo identitatis:
451 1756 1933 1802 & vniuersaliter in similitudine & in aequalitate eorumque contrariis. Quandoque etiam non habent esse respe
458 1800 1941 1861 ctus originaliter ab illis quae per eos referuntur: neque ab illis quae sunt aliquid illorum: sed solummodo abil
445 1848 1938 1905 lis siue ex illis ad quae referuntur: vt vniuersaliter contingit in relationibus quae sunt per accidens secundum
459 1893 1941 1950 esse rationis, puta mensurae ad mensuratum: & columnae ad animal secundum dextrum & sinistrum, secundum
457 1942 1935 1998 quod haec amplius patent ex distinctione relationum realium & rationalium supra de relationibus commu-
458 1989 1944 2043 nibus articulo primo quaestione quarta, & quaestione secunda articuli praecedentis. ⁋ Quod autem arguitur quod indi
455 2037 1929 2087 uinis relationes communes non differunt penes sua fundamenta quia fundantur super idem penitus:
452 2079 1932 2135 eo quod personae tres sunt iidem aequales & similes secundum substantiam quantitatem & qualitatem: Dico de identi-
454 2123 1929 2179 tate quod multum refert aliqua dicere eadem esse in substantia quantitate aut qualitate: & esse eadem secundum
452 2168 1937 2228 haec: quia eadem possunt dici in aliquo quaecumque cone essentiale habent vnum aliquid, & sunt vnum essentialiter
458 2227 1931 2277 puta quae habent commune aliquid vnum genere aut specie aut numero: & sunt illud denominatione essentiali, pu-
459 2269 1935 2321 ta homo & asinus in animali sunt idem, Petrus & Paulus in homine, & simiter pater & filius in deitate. Quod contigit
447 2308 1929 2362 solummodo in substantia circa creaturas: nequaquam autem in quantitate & quaelitate: quia licet aliqua coniter habeant
453 2354 1929 2413 illa: non tamen habent aliquid illorum vt commune illis essentiale, & vt illa quae sunt illa essentialiter. Puta Perius
455 2398 1942 2457 & Paulus habent inter se albedinem: non tamen habent albedinem vt aliquid eis commune essentiale: nec ipsi sunt
459 2455 1933 2506 albedo: licet sint albi denominatione accidentali. de quibus nequaquam potest dici quod sint idem in quantitate
446 2500 1930 2556 aut qualitate: neque quod sint eadem quantitas aut qualitas. Circa diuinas autem personas illud indife-
447 2542 1934 2598 renter contingit in substantia quantitate & que litate: eo quod in diuinis habens semper est id quod habetur:
443 2587 1927 2634 & ideo quicquid communiter habetur a diuinis personis, est eis cone secundum rem, & essentiale illis: &
445 2632 1925 2684 ipsae sunt coniter illud. Et ideo generaliter verum est in diuinis personis quod sunt eaedem in substantia in quaelitate
443 2680 1932 2737 & in quantitate: quia sunt eadem substantia, eadem quaelitas, & quantitas. Eadem autem non possunt dici aliqua esse
454 2721 1930 2783 secundum aliquid nisi illud sit substantia quae coniter est substantia, vt contingit in primo modo identitatis: aut quae
442 2773 1922 2842 essentialiter habita ab illis vt aliquid illorum, vt contigit in secundo modo identitatis. secundum quem modum dicuntur aliqua
