2017 3325
171 232 1626 304 aequalia secundum quantitatem: quia ipsa communiter est habita ab illis vt aliquid eorum: & similiter si-
176 295 1629 348 milia secundum qualitatem. secundum quod haec patebunt loquendo de relationibus communibus in compa-
183 344 1615 399 ratione ad relata per illas. Vbi declarabitur qualiter aliquid vnum potest referri per identitatem ad seipsum
179 382 1629 445 secundum substantiam, & etiam ad aliud, licet secundum diuersos modos identitatis. Nihil autem potest referri
176 431 1618 480 ad seipsum per aequalitatem aut similitudinem secundum quantitatem aut qualitatem: sed solummodo ad aliud.
175 471 1621 527 Et sic neque in diuinis neque in creaturis aliqua dicuntur eadem secundum quantitatem aut qualitatem, neque
171 514 1615 562 in creaturis aliqua duo subiecta sunt eadem quantitas aut eadem qualitas. In diuinis autem ipsae per-
174 561 1626 613 sonae sunt eadem substantia, & sunt eadem secundum substantiam: sed non ex hoc sunt eaedem secundum substan
176 608 1615 656 tiam quia. scilicet sunt eadem substantia: sed solummodo quia substantia illa est aliquid horum, secundum quod infra
182 650 1617 702 patebit: licet bene dicantur eaedem in substantia quia sunt vna substantia, sicut iam dictum est. Et sic
181 694 1616 746 quo ad identitatem falsa assumpta sunt in argumento. ⁋ Quia arguitur quod tres personae diuinae sunt aequa
176 742 1621 799 les in substantia, qualitate, & quantitate, quia secundum illa sunt immensae: Dico quod quantitas large sumi
169 785 1617 834 tur cum dicitur quod aequale sequitur vnum in quantitate scilicet ad quantitatem molis, & ad quantitatem virtutis: vt
181 829 1618 882 patebit infra disputando de relationibus communibus in comparatione ad earum fundamenta. Et penes istam
181 874 1629 933 quantitatem virtutis in mensura & mensurato, sumitur secundum genus relationis inter mensuram & mensuratum
180 917 1626 965 vt habitum est supra: & penes quantitatem in mensuratis, sumitur aequale & inaequale pertinens ad tertium ge
166 962 1627 1010 nus relationis, & hoc siue talis quantitas siue molis, siue virtutis habeat esse in substantia, siue in
173 1007 1624 1054 qualitate, siue in quocumque alio praedicamento: licet diuersimode secundum hanc quantitatem, & secundum quanti-
183 1049 1620 1103 tatem molis, & hoc secundum modum diuersitatis illarum, secundum quod haec omnia infra patebunt. Et aequalitas
180 1094 1621 1142 secundum vtramque quantitatem multum differt ab identitate & similitudine: quoniam identitas sumitur a substantia
183 1138 1632 1194 secundum id quod est, & similiter similitudo sumitur a qualitate secundum id quod est: sed aequalitas sumitur aut
180 1181 1614 1245 secundum id quod est quantitas differens a substantia & qualitate, aut secundum gradus perfectionis vniversal quasi gra
174 1227 1618 1275 dus in illis contentos: vt amplius patebit inferius. ⁋ Quia vero arguitur quod tres personae sunt similes in
171 1274 1627 1320 substantia, quantitate, & qualitate, Dico quod nequaquam sunt aliqua similia in substantia, etiam extensa si-
177 1317 1613 1375 militudine ad essentialem & accidentalem, nisi in substantia quae est differentia & qualitas substantialis,
177 1360 1618 1412 quae continetur sub communi nomine qualitatis, quando dicitur simile sequi ad vnum in qualitate, vt infra pa
171 1408 1617 1460 tebit. Et secundum quod aliquid est differentia & qualitas substantialis, non habet rationem substantiae vt se
183 1446 1623 1498 cundum ipsam dicatur aliquid idem: sed solummodo secundum speciem per differentiam constitutam, habentem
177 1493 1623 1541 rationem substantiae compositae, dicuntur indiuidua sub illa contenta esse eadem. Vnde Petrus non dicitur simi
171 1538 1633 1584 lis similitudine essentiali Paulo humanitate, nisi ratione rationalitatis quam continet: sed idem di
181 1588 1616 1637 citur illi per se humanitate. Vnde contenta sub generalissimo eadem dicuntur secundum illud, & in illo, non
182 1629 1627 1680 autem similia: quia generalissimum non constituitur per differentiam aliquam nisi ens esset genus & descen
176 1673 1629 1729 dat per differentias in generalissima. Et per eandem rationem diuinae personae neque in substantia, neque secundum
171 1716 1626 1771 substantiam dicuntur esse similes, quia substantia non contrahitur in illis sicut genus per differentias. Licet
178 1765 1624 1818 enim proprietates relatiuae respectu substantiae diuinae sint quasi differentiae constitutiuae personarum, quae
171 1807 1630 1856 sunt veluti indiuidua diuersarum specierum, non tamen contrahunt substantiam deitatis sicut vniuersale
178 1856 1622 1909 siue genus, ad speciem: vt supra declaratum est. ⁋ Quod autem assumitur in argumento, quod in diuinis suba
173 1894 1625 1951 stantia est quantitas, & qualitas, & econverso: Dico quod verum est secundum rem. Et ideo secundum rem non dif-
186 1939 1632 1992 ferunt in deo illae relationes tres. Differunt tamen secundum rationem: inquantum substantia, quantitas, & qua
188 1987 1621 2043 litas, in deo secundum rationem differunt: vt tactum est superius in quaestione de pluralitate relationum com
170 2032 1620 2085 munium in diuinis, specialiter articulo primo. ⁋ Quia autem arguitur quod diuinae personae sunt similes secundum quanti
180 2073 1622 2130 tatem: quia ibi quantitas est qualitas, eo quod in eis quae non sunt mole magna, qualia sunt omnia quae sunt in di
177 2124 1622 2173 uinis, maius esse est melius esse: melius autem ad qualitatem pertinet: Ad hoc respondebitur infra art. lxix.
177 2162 1622 2225 quaest id est in dissolutione quaestionis tertiae. ⁋ Per iam dicta de diuinis patet responsio ad consimilem modum
187 2205 1626 2262 arguendi iam dicta in creaturis adductum in argumento. ⁋ Ad secundum: si relationes communes distinguerem
177 2250 1626 2312 tur secundum fundamenta, differrent genere praedicamenti sicut & illa: Dico quod verum esset si illis solis & prae
182 2304 1630 2348 cise distinguerentur vt singulum secundum se consideratur, & sic in ipsa fundarentur: nec haberent ra-
184 2340 1632 2397 tionem formalem differentem secundum habitudinem quae est ad aliud esse: qua ad vnum praedicamentum aliud
183 2382 1635 2434 ab illis fundamentis pertinent. Quae quidem relationes non sunt nisi quaedam habitudines secundum illa fun
182 2433 1631 2484 damenta illorum quorum sunt: & fundantur in illis singulis non secundum se: sed in ordine quodam conside
168 2475 1628 2531 ratis secundum rationem vnius & multi: vt infra videbitur. ⁋ Ad tertium: quod idem, aequale, & simile quae se
168 2528 1635 2575 quuntur vnum conmune secundum rationem, non differunt in creaturis: ergo nec in deo cum sequuntur in il-
176 2560 1628 2608 lo vnum conmune secundum rem: Dico quod immo in creaturis differunt sub genere relationum conmunium:
161 2604 1632 2663 licet sequuntur vnum conmune secundum rationem, & hoc quia diuersimode & secundum diuersas rationes il-
161 2647 1631 2725 lud: quia identitas sequitur illud ratione totius naturae speciei: aequale autem ratione gradus perfectionis
