2017 3166
393 262 1870 347 in illa: simile autem ratione differentiae constitutiuae speciei, secundum quod iam supra dictum est. Et secundum eum
398 323 1853 386 dem modum differunt in deo identitas, & aequalitas, quando aequalitas fundatur in deo super quantitatem
398 368 1871 440 perfectionis: sed alius est modus quando fundatur super quantitatem attributalem in deo. Similitudo au
398 414 1857 478 tem secundum illum modum non est in deo: quia non est in illo nisi fundata super qualitatem attributalem:
399 459 1858 527 eo quod non est in deo ratione differentiae in ipsa essentia deitatis, sicut est in homine in ipsa essentia hua
402 513 1861 586 nitatis: quia vt dictum est, deitas non contrahitur per aliquam differentiam in patre & filio & spiritu sancto.
679 586 1865 640 lrca secundum arguitur quod genera relationum conmunium differunt inter se secundum rem
690 637 1863 687 non secundum rationem tantum, sic. relationes quae inter se differunt absque omni opere &
692 675 1871 730 consideratione rationis, differunt secundum rem, & non secundum rationem tantum: quia dif-
694 727 1865 776 erentia secundum rationem non est absque opere & consideratione rationis. tria genera re
682 771 1867 822 lationum conmunium sunt huiusmodi, tam in creaturis: in quibus hoc manifestum est pro
691 809 1874 865 pter realem differentiam fundamentorum suorum, quae sunt substantia, quantitas, &
419 858 1872 921 qualitas: quam in diuinis: quia personae diuinae tres eaedem sunt aequales & similes verius quam aliqua in
414 909 1880 958 creaturis, sicut dictum est in parte supra, & amplius exponetur infra. verius autem sunt eadem, aequa-
414 951 1880 1005 lia, & similia, quae sunt talia absque rationis consideratione a natura rei quam quae ex rationis consideratione:
414 987 1881 1045 ergo &c. ⁋ Secundo arguitur quod non differunt inter se nisi secundum rationem tantum, sic. differentia siue quae differunt
415 1033 1877 1088 illis differunt quibus habent esse. Vnde illa differunt substantialiter quae differunt illis quibus habent esse sub
417 1088 1872 1133 stantialiter, & illa differunt accidentaliter quae differunt illis quibus habent esse accidentaliter. sed idem, aequa-
404 1125 1868 1183 le, & simile licet habeant esse a substantia, quantitate, & qualitate: hoc tamen non est immediate nisi per
412 1172 1873 1225 vnitatem: quia immediate habent esse ab vnitate in substantia, quantitate, & qualitate: vt iam tactuntest
413 1215 1881 1269 in parte, & iam amplius declarabitur inferius. sed vnitas non differt nisi secundum rationem vt est in sub-
408 1269 1885 1313 stantia, quantitate, & quaelitate etiam in creaturis: vbi substantia, quantitas, qualitas, differunt secundum rem: sicut
410 1307 1887 1360 licet decem homines & decem equi sint diuersa decem, denarius tamen est idem & vnus decem hominium, & decem
429 1350 1878 1403 quorum. secundum Philosophum in fine quarti physi. ergo &c. ⁋ Contrarium arguitur sic. Relationes secundum rem quae
415 1402 1875 1452 sunt ad diuersa, necessario differunt inter se secundum rem: & similiter relationes secundum rationem tantum ad di-
411 1446 1873 1494 uersa, necessario differunt inter se secundum rationem tantum: quia ad destructionem consequentis sequitur de-
422 1483 1878 1538 structio antecedentis, quia relationes quae non differunt inter se secundum rem, non possunt esse secundum rem
415 1528 1875 1585 ad diuersa. Relationes enim quae sunt secundum rem, & ad idem, non differunt nisi secundum rationem: puta in si
412 1578 1875 1630 lio genitum esse verbum, esse imaginem, relationes sunt secundum rem, & ad idem scilicet ad patrem: & inter se non
426 1618 1877 1675 differunt nisi secundum rationem: secundum quod supra est determinatum. Et consimiliter est de relationibus secundum
417 1660 1884 1718 rationem: quia relationes quae non differunt inter se secundum rationem tantum, sed secundum rem, non possunt esse secundum
414 1712 1878 1761 rationem tantum ad diuersa. Relationes enim quae differunt inter se secundum rem, & sunt ad diuersa: necesse
429 1754 1878 1811 est esse ad diuersa secundum rem: puta in diuinis generatum esse & spiratum esse, ad generantem & spiran
427 1799 1875 1849 tes, & pater inquantum generat differens est a se ipsa re relationis inquantum spirans: ergo &c.
415 1846 1871 1910 ⁋ Dico secundum quod tactum est in solutione secundae quaestionis articuli praecedentis, quod
431 1893 1869 1942 supposito ex quaestione proxima praecedente quod sit differentia relationum conmunium inter se, quaestio ista quae
421 1939 1881 1988 rit quo & quom differunt. Et vt etiam tactum est in solutione quaestionis proximae praecedentis, non quaerit quaestio
428 1984 1875 2035 ista nisi de differentia illarum secundum formam respectuum, & secundum agens causans in illas huiusmodi diuer-
418 2032 1881 2084 sitatem. Et patet ex dictis in dicta quaestione praecedentis articuli, quomodo illae relationes quae in illis ge-
416 2073 1871 2131 neribus sunt secundum rem, differunt ab illis quae sunt sub eisdem secundum rationem tantum: quia illas quae sunt secundum
425 2119 1883 2172 rem, omnino operatur natura: illas vero quae sunt secundum rationem, aut omnino, aut completiue operatur
428 2165 1881 2216 ratio. & sic differunt ex parte agentis. Eormaliter autem semper illae quae sunt ab eodem genere, differunt diffe
432 2207 1872 2254 rentia disparationis inter se ab illis quae sunt sub alio genere: vt patebit in sequenti quaestione. Et illae qua
427 2250 1876 2308 sunt sub vno horum generum, siue sint secundum rem, siue secundum rationem, differunt secundum genus causae for-
436 2299 1872 2354 malis ab illis quae sunt sub alio genere secundum rem & secundum rationem, reddendo singula singulis. secundum quod
429 2354 1876 2401 expositum est de differentia relationum conmunium ad alias in quaestione secundua praecedentis articuli. Quare au
422 2387 1891 2438 tem & quom semper: in diuinis sola ratione dicti tres modi relationum conmunium inter se differant, & in
424 2433 1887 2488 creaturis quandoque secundum rem, quandoque vero secundum rationem tantum, patebit inferius. Et secundum
423 2474 1075 2523 hoc concedenda est ratio vltimo adducta.
434 2521 1880 2591 ⁋ Ad primum in oppositum quod genera relationum communium tam in deo quam in
434 2582 1881 2632 creaturis differunt inter se absque omni consideratione rationis: Dico quod non est verum quando fundantur in
435 2621 1879 2676 vno aproprietate vnitatis dicto, quid semper contigit in diuinis: vbi idem re singulari sunt substantia, quam
441 2666 1888 2723 titas, & qualitas in tribus personis: & ideo sola ratione differunt inter se: vt supra declaratum est circa
435 2705 1890 2774 distinctionem diuinorum attributorum, & adhuc infra aniplius declarabitur. Contingit etiam semper in crea-
