2017 3258
437 249 1910 335 sunt tres vnitates relatiuae numerantes propter tres personas, & vna numerata propter vnitatem rel
440 327 1907 383 absolutae. Propter quod in creaturis constituunt numerum verum: istae autem in deo nequaquam. dicente Boe
434 367 1908 429 thio de triniitate. c. iiii. Cum tertio repetitur deus, cum pater & filius & spiritus sanctus nuncupatur: tres vni-
433 412 1917 481 tates non faciunt pluralem numerum in eo quod ipsae sunt si aduertamus ad res numerabiles, ac non
435 459 1913 518 ad ipsum numerum. Illic enim vnitatum repetitio non facit nunerum &c. vsque ibi. Non igitur si de pre & filio
437 509 1919 565 & spiritus sancto tertio praedicatur deus: idcirco talis praedicatio numerum facit. Penes autem modum secundum plu
439 560 1917 611 rificatur semper in creaturis numerus, & vnitas secundum numerum, manente tamen semper eadem vnitate secundum
439 599 1920 656 speciem. & est alius denarius in. x. hominibus secundum numerum, & alius in x. equis, & alia vnitas nu-
441 645 1905 703 mero in vno homine, & alia in vno equo: sed omnes specie conueniunt. Et per hoc bene secundum rem dif
444 688 1903 758 fert vnitas vt habet esse in substantia & in quantitate & in qualitate in creaturis. Et hoc intelle
435 725 1923 799 xit Aristelus in eo quod dixit. iiii. physii. quod idem est denarius. x. hominum, &. x. equorum: licet. x, non sit idem
440 782 1925 840 neque ipsa decem sint eadem. Quod claret ex hoc, quia rationem quare denarius est idem hominium & equorum
440 828 1927 891 dicit esse quod denarius quilibet sub vna & eadem differentia numeri cadit quando numerus diuiditur si-
446 869 1917 934 cut genus in species per differentias in denarium & alias species nuneri. Vt enim dicit, idem dicitur quod
443 919 1920 983 libet alteri a quo non differt differentia sub eodem genere: sed non dicitur idem illi a quo differtdif
443 965 1926 1025 ferentia: sed potius dicitur diuersum ab illo. Quod declarat per exemplum clarius in figuris, dicens quod hoc
455 1015 1915 1074 contingit in denario scilicet quod semper est idem alteri denario: sed differt ab aliis speciebus numerorum: vt
440 1057 1926 1121 triangulus vnus secundum vnam speciem trianguli, puta aequilaterus: & alius triangulus secundum aliam
455 1109 1917 1166 speciem trianguli puta gradatus, non sunt idem triangulus: quia sub triangulo simpliciter triangulus
455 1152 1926 1209 differt a triangulo: puta aequilaterus a gradato. Alterius enim trianguli sunt cum figura eadem:
450 1196 1918 1255 quia ambo trianguli sunt, & cadunt sub eadem differentia sigurae quando figura diuiditur per angu-
451 1240 1907 1304 larem & rotundam. In deo autem vnitas vt habet esse in substantia in quantitate & in qualitate non dif
445 1292 1777 1351 fert nisi secundum rationem, sicut & illa non differunt nisi secundum rationem inter se.
744 1344 1927 1430 lrca tertium arguitur quod relationes communes non distinguuntur inter se secundum gene
750 1412 1920 1474 ra aut species: Primo sic. Relationes communes non differunt penes substan-
744 1470 1921 1525 tiam, quantitatem, & qualitatem, nisi mediante ratione vnitatis: vt iam tactum est in
749 1518 1926 1570 quaestione praecedenti. Sed vt tactum est ibidem, vnitas specie non differt nec genere vt
752 1566 1929 1616 est in substantia, quantitate, & qualitate: quare nec relationes cones fundatae in il-
755 1604 1928 1662 is differunt genere aut specie. ⁋ Secundo sic. In relationibus communibus non sunt nisi
463 1645 1927 1705 duo scilicet quod est in eis ex fundamento, & quod est in eis ex vnitate mediante qua fundatur in illo. sed ratione
449 1692 1926 1747 fundamentorum non distinguuntur neque secundum genera, neque secundum species: quia illa sunt diuersorum ge-
458 1751 1929 1800 nerum & non subalternatim positorum, & harum relationum distinctio debet esse sub eodem genere, nec ra
452 1785 1920 1848 tione vnitatis in illis vt dictum est: quare neque ab vtroque secundum modum arguendi in sex princi-
481 1834 1917 1897 iis. ⁋ In contrarium est quod Commentator dicit esse tria genera relationum communium: vt ha-
458 1882 1028 1945 bitum est in quaestione praecedente.
458 1897 1924 1992 ⁋ Dico quod relationes communes sicut & aliae necessario distinguuntur secundum distinctio-
459 1977 1919 2044 nem fundamentorum & modos fundandi in illis, vt habitum est & expositum in tertia quaestione articuliprae
458 2030 1917 2087 cedentis. Quia igitur omnes relationes communes fundantur in tribus praedicamentis secundum vnam rationem con
452 2068 1932 2134 munem vnitatis vt habitum est iam supra: idcirco dico quod rationes harum relationum secundum quas ad prae
465 2117 1929 2169 sens quaeritur illarum distinctio, a fundamentis suis trahuntur. Secundum enim quod diuersificantur modi fun
451 2160 1921 2224 dandi relationes communes in illis praedicamentis, & modi illi distinguuntur inter se: secundum hoc redum
456 2210 1920 2265 dat ab illis distinctio formalis in huiusmodi relationibus. Supposito ergo quod relationes omnes communes
451 2256 1919 2309 sub vna differentia generis subalterni cadunt, qua distinguuntur a relationibus mensurationum quae sunt
453 2306 1922 2360 in substantia numerorum: vt dictum est in tertia quaestione articuli praecedentis, & sic per illam differen-
458 2357 1914 2409 tiam continet illas relationes communes vna species subalterna, quae genus subalternum est respectu illorum
451 2395 1911 2452 quae continet vt species: Genus autem omne per duas differentias immediatas diuidi debet secundum Boethium
462 2436 1924 2501 in libro diuisionum: igitur assignando distinctionem relationum conmunium fundatarum super vnum: & per illam a
447 2480 1924 2541 contrario supponendo conformen distinctionem relationum conmunium fundatarum super multum, & secundum
461 2525 1910 2600 Philosophum, qui bene definiunt contraria consignant: Dico quod quia (vt dictum est) substantia, quantitas, &
465 2588 1914 2639 qualitas sunt principia distinctiua relationum communium tanquam illa a quibus procedunt differentiae
457 2620 1912 2685 earum: igitur secundum illa inter se relationes communes genere & specie distinguuntur. Quia aut fundam
458 2674 1916 2729 tur super substantiam, & sic est genus primum relationum conmunium quod est identitas. Aut fundan-
456 2704 1920 2775 tur super dispositionem substantiae, & hoc aut super dispositionem substantiae quae est quantitas, aut
465 2763 1914 2834 super dispositionem substantiae quae est qualitas. Primo modo est aequalitas secundum genus
