2017 3127
153 227 1602 301 ctionem quod in aliquo vno secundum genus conueniunt: sicut hoc accidit diuersis inquantum di-
169 292 1605 350 uersa sunt secundum iam dicta. Et quia numerorum multiplicatio procedens ab vno in infinitum
163 339 1607 393 sic se habet quod semper vnus alteri est inaequalis: licet secundum species differens: oportet sentire
157 386 1605 438 quod inaequalitas non fundetur super numeros diuersos: neque causetur ab ipsis ratione forma-
164 428 1605 476 rum quibus in specie distinguuntur: sed potius ratione vnitatum vt materiales sunt in illis:
158 474 1610 519 & vt omnes numeri conueniunt in forma vnitatis: per quam non sunt proprie nisi eiusdem spe
152 518 1603 571 ciei, differentes secundum gradus pluralitatis in vnitatibus: & perfectionis in forma vnitatis. Et sic
162 561 1604 619 inaequalia inquantum inaequalia semper sunt vnum quadam aggregatione ipsorum inaequa-
165 607 1605 659 lium inter se, non sub aliqua forma numeri vnius. Duo enim & quatuor sunt inaequalia inae-
159 653 1614 710 qualitate causata a multo plurium vnitatum existente in illis, non vt concurrentibus in nu-
152 702 1609 749 mero senario, sed vt in aggregatis per intellectum seorsum: nec vt duo secundum quod est subdu-
157 743 1605 795 plum ad quatuor, & sic inaequale illi, accipitur vt pars in illis quatuor: vel sicut pars bis acci-
155 792 1593 844 pitur per intellectum: semel scilicet vtur pars existens in toto, & semel vt per se. Et primo modo
159 832 1610 885 est inter duo & quatuor relatio identitatis: qualis declarata est supra inter totum & partem. Se-
162 876 1606 929 cundo autem modo est inter duo & quatuor relatio inaequalitatis. Pars enim non habet rela-
164 920 1608 969 tionem ad totum inquantum pars, nisi identitatis & diuersitatis, vt superius expositum est.
154 964 1602 1014 Et sic etiam semper ipsum inaequale in numeris continet maius & minus. Omnis enim nu-
162 1008 1611 1062 merus remotior ab vno, est maior: & propinquior est minor: & omnis numerus ad superio-
166 1058 1617 1112 res est minor, & ad inferiores vsque ad vnitatem est maior. Sed maius in discretis proprie ap-
155 1098 1608 1152 pellatur plus: & in continuis omne nomen quod est maius a proprietate seruatur. Maius au-
158 1147 1598 1195 tem in quantitate perfectionis siue virtutis proprie appellatur magis: sed minus sub eodem no
154 1188 1611 1241 mine in singulis inuenitur. Et inaequale in discretis excedens appellatur multum: & defi-
159 1229 1608 1285 ciens appellatur paucum. In continuis vero & in quantitatibus virtutis excedens appella-
153 1274 1612 1325 tur magnum: & deficiens paruum. Et in quantitate perfectionis (in qualitate accidentali specia
156 1319 1605 1366 liter) deficiens dicitur parum: vt parum calidum. Et recipit inaequale secundum excessum in discre-
154 1362 1603 1420 tis comparationem sic, multum plus plurimum: & in continuis ac quantis perfectione sic,
153 1412 1609 1465 magnum maius maximum. Inaequale vero secundum defectum recipit comparationem sic
151 1456 1604 1510 paruum siue parum siue paucum minus minimum. In continuis enim gradus positiuus est
154 1502 1602 1553 paruum: in discretis autem paucum: communiter autem in vtroque parum. Comparatiuus
151 1541 1604 1599 autem gradus & similiter superlatiuus non mutantur. ⁋ Sed est aduertendum quod multum in
161 1588 1603 1645 quantitate aequiuoce accipitur, prout idem est quod habens in se plura siue multitudinem:
162 1632 1608 1685 quemadmodum aliquid dicitur magnum quia habet in se magnitudinem: & sic omnis nu-
152 1678 1612 1729 merus est multum: & sic multum non opponitur nisi vni. Alio modo accipitur prout est ha-
152 1723 1602 1775 bens in se plura excedenter siue multitudinem excedentem. & sic opponitur pauco: nec sic
154 1766 1604 1826 est omnis numerus multus: sed aliquis est paucus. Tertio modo multum accipitur vt est in
152 1814 1608 1871 se aggregatiuum multi excedentis & pauci quod exceditur: & sic solummodo ad ipsum in-
156 1855 1601 1907 aequale quod opponitur priuatiue aequali. Sed secundo modo, scilicet vt opponitur pauco, ad-
155 1899 1614 1957 huc multum dupliciter consideratur. Vno modo vt comparantur inter se praecise. Alio mo-
160 1946 1601 1997 do vt comparantur inter se respectu tertii. Primo modo omnis numerus maior est multum
158 1984 1596 2040 respectu minoris: & omnis numerus est paucum respectu maioris: & vnum est paucum respe-
169 2030 1603 2085 ctu cuiuslibet numeri: & primum paucum simpliciter: binarius autem est primus numerus
163 2085 1607 2135 paucus. & dicuntur inter se relatiue multum & paucum: atque continent sub se omnes pro-
164 2122 1595 2182 portiones numerales quae primo & per se sunt in discretis. Secundo autem per discreta sunt
167 2163 1599 2215 in continuis: inquantum scilicet discretum cadit in continuo: & magnitudines numeri sunt
164 2212 1606 2263 secundum philosophum libro Posteriorum. Et sunt illae proportiones aut secundum rationem numero-
155 2249 1608 2310 rum interminatam: sicut sunt multiplex, superpartiens, superparticularis: multiplex superpar
162 2300 1602 2353 tiens, multiplex superparticularis, & eorum opposita: aut secundum rationem numeri determina-
157 2337 1608 2395 tam: vt sunt duplum, triplum, quadruplum, & sic de caeteris, & eorum opposita. Multum au-
161 2380 1603 2441 tem & paucum si considerata fuerint respectu tertii: aut consideratur illorum comparatio inter se
161 2433 1597 2490 respectu tertii quod vtrique eorum opponitur: cuiusmodi est aequale inquantum inaequale continet mul
157 2477 1605 2530 tum & paucum. sic multum & paucum opponuntur inter se contrarie, sicut abundans & diminutum respa
158 2517 1604 2572 ctu aequalis cui opponuntur sub forma inaequalis. Aut consideratur illorum comparatio respectu
161 2565 1596 2615 tertii quod neutri opponitur: hoc modo multum dicitur relatiue ad paucum: quemadmodum multi
168 2609 1599 2669 dicuntur esse in foro vno tempore respectu paucorum qui solent esse in illo alio tempore: & pauci
170 2651 1602 2723 dicuntur esse in ciuitate vno tempore respectu multorum qui solent esse in illa alio tempore:
