<?xml version="1.0" encoding="UTF-8" standalone="yes"?>
<PcGts xmlns="http://schema.primaresearch.org/PAGE/gts/pagecontent/2013-07-15" xmlns:xsi="http://www.w3.org/2001/XMLSchema-instance" xsi:schemaLocation="http://schema.primaresearch.org/PAGE/gts/pagecontent/2013-07-15 http://schema.primaresearch.org/PAGE/gts/pagecontent/2013-07-15/pagecontent.xsd">
    <Metadata>
        <Creator>prov=University of Rostock/Institute of Mathematics/CITlab|PLANET AI GmbH/Gundram Leifert/gundram.leifert@planet-ai.de:name=Badius1520-m2(htr_id=24043)::::v=2.6.6
prov=University of Rostock/Institute of Mathematics/CITlab|PLANET AI GmbH/Tobias Gruening/tobias.gruening@planet-ai.de:name=de.uros.citlab.module.baseline2polygon.B2PSeamMultiOriented:v=2.6.6
prov=University of Rostock/Institute of Mathematics/CITlab|PLANET AI GmbH/Tobias Gruening/tobias.gruening@planet-ai.de:name=/net_tf/LA73_249_0mod360.pb:de.uros.citlab.segmentation.CITlab_LA_ML:v=2.6.6
Transkribus</Creator>
        <Created>2020-04-15T01:43:10.415+02:00</Created>
        <LastChange>2020-05-22T23:20:49.604+02:00</LastChange>
        <TranskribusMetadata docId="369791" pageId="14432717" pageNr="430" tsid="29523883" status="IN_PROGRESS" userId="25065" imgUrl="https://files.transkribus.eu/Get?id=QQQCQHOKIKQDEGOEWRCPCWLK&amp;fileType=view" xmlUrl="https://files.transkribus.eu/Get?id=YXPTBZAASQSCRJIDLETWKJEA" imageId="10395867"/>
    </Metadata>
    <Page imageFilename="429.jpg" imageWidth="2017" imageHeight="3145">
        <ReadingOrder>
            <OrderedGroup id="ro_1590235584669" caption="Regions reading order">
                <RegionRefIndexed index="0" regionRef="TextRegion_1589423897321_4568"/>
            </OrderedGroup>
        </ReadingOrder>
        <TextRegion orientation="0.0" id="TextRegion_1589423897321_4568" custom="readingOrder {index:0;}">
            <Coords points="407,278 1872,278 1872,2722 407,2722"/>
            <TextLine id="r4l2" custom="readingOrder {index:0;}">
                <Coords points="405,330 1802,324 1874,320 1874,263 404,252"/>
                <Baseline points="413,320 485,318 558,317 630,315 703,314 776,312 848,311 921,311 993,309 1066,309 1139,308 1211,308 1284,306 1356,306 1429,306 1502,305 1574,305 1647,305 1719,305 1792,303 1865,303"/>
                <TextEquiv>
                    <Unicode>Secundum quem modum multum dicitur magnum: &amp; mons paruus secundum philosophum in praedicamentis.</Unicode>
                </TextEquiv>
            </TextLine>
            <TextLine id="r4l3" custom="readingOrder {index:1;}">
                <Coords points="411,378 1801,371 1866,357 1866,314 411,331"/>
                <Baseline points="420,366 491,364 563,362 635,360 707,359 779,357 850,356 922,354 994,353 1066,353 1138,351 1209,351 1281,351 1353,350 1425,350 1497,350 1568,348 1640,348 1712,348 1784,348 1856,347"/>
                <TextEquiv>
                    <Unicode>⁋ Multum autem ad quid sequitur dissimile in qualitate. secundum eandem &amp; sub eadem forma multi</Unicode>
                </TextEquiv>
            </TextLine>
            <TextLine id="r4l4" custom="readingOrder {index:2;}">
                <Coords points="408,426 1857,414 1867,358 407,379"/>
                <Baseline points="416,408 488,407 560,405 632,404 704,402 776,401 848,400 921,399 993,398 1065,397 1137,396 1209,396 1281,395 1353,395 1426,395 1498,393 1570,393 1642,393 1714,393 1786,392 1859,392"/>
                <TextEquiv>
                    <Unicode>continet qualitatem aliam &amp; aliam. Sed intellige illam formam multi non esse nisi aggregatio</Unicode>
                </TextEquiv>
            </TextLine>
            <TextLine id="r4l5" custom="readingOrder {index:3;}">
                <Coords points="410,461 1786,459 1864,454 1864,414 409,426"/>
                <Baseline points="419,452 490,450 562,449 634,448 706,446 778,446 850,444 921,443 993,442 1065,441 1137,440 1209,440 1281,440 1353,438 1424,438 1496,438 1568,438 1640,438 1712,438 1784,438 1856,438"/>
                <TextEquiv>
                    <Unicode>nem diuersarum qualitatum: puta dissimile contrarium simili: quod simile causatum est ab </Unicode>
                </TextEquiv>
            </TextLine>
            <TextLine id="r4l6" custom="readingOrder {index:4;}">
                <Coords points="405,506 1836,503 1859,456 404,463"/>
                <Baseline points="414,497 485,495 557,494 629,492 701,490 773,489 844,488 916,486 988,486 1060,485 1132,485 1203,483 1275,483 1347,483 1419,483 1491,483 1562,482 1634,482 1706,482 1778,482 1850,482"/>
                <TextEquiv>
                    <Unicode>vno in qualitate dicto ab vnione: est inter habentia in se diuersas qualitates congregatas non </Unicode>
                </TextEquiv>
            </TextLine>
            <TextLine id="r4l7" custom="readingOrder {index:5;}">
                <Coords points="397,558 1830,547 1863,497 397,509"/>
                <Baseline points="407,542 479,539 551,537 623,536 696,534 768,533 840,533 913,531 985,530 1057,530 1130,528 1202,528 1274,528 1346,528 1419,527 1491,527 1563,527 1636,527 1708,527 1780,527 1853,527"/>
                <TextEquiv>
                    <Unicode>sub vna specie specialissima: vt contingit secundum iam dicta in quantitate molis: sed sub eodem ge</Unicode>
                </TextEquiv>
            </TextLine>
            <TextLine id="r4l8" custom="readingOrder {index:6;}">
                <Coords points="409,592 1868,586 1867,543 1798,534 409,548"/>
                <Baseline points="419,584 491,582 563,581 635,581 707,579 779,578 851,578 923,576 995,575 1067,575 1139,573 1211,573 1283,572 1355,572 1427,572 1499,570 1571,570 1643,570 1715,570 1787,570 1859,570"/>
                <TextEquiv>
                    <Unicode>nere infimo, sub quo non continentur nisi species specialissimae: &amp; hoc loquendo de dissimilitu</Unicode>
                </TextEquiv>
            </TextLine>
            <TextLine id="r4l9" custom="readingOrder {index:7;}">
                <Coords points="407,641 1784,641 1862,624 1862,579 407,594"/>
                <Baseline points="416,629 487,627 559,626 631,624 703,623 775,621 847,620 918,620 990,618 1062,618 1134,617 1206,617 1278,617 1350,615 1421,615 1493,615 1565,615 1637,615 1709,615 1781,615 1853,615"/>
                <TextEquiv>
                    <Unicode>dine accidentali. Dissimilitudo autem non est nisi secundum qualitates specialissimas: cuiusmodi sunt</Unicode>
                </TextEquiv>
            </TextLine>
            <TextLine id="r4l10" custom="readingOrder {index:8;}">
                <Coords points="407,680 1853,677 1865,626 407,643"/>
                <Baseline points="416,672 488,671 560,669 632,668 704,666 776,665 848,663 920,663 992,662 1064,662 1136,660 1208,660 1280,660 1352,660 1424,659 1496,659 1568,659 1640,660 1712,660 1784,660 1856,660"/>
                <TextEquiv>
                    <Unicode>album &amp; nigrum: non secundum species subalternas, cuiusmodi sunt album &amp; dulce. Loquendo autem </Unicode>
                </TextEquiv>
            </TextLine>
            <TextLine id="r4l11" custom="readingOrder {index:9;}">
                <Coords points="410,725 1871,722 1796,666 410,682"/>
                <Baseline points="419,716 491,714 563,713 635,711 707,710 779,710 851,708 924,708 996,707 1068,707 1140,705 1212,705 1284,705 1356,704 1429,704 1501,704 1573,704 1645,704 1717,705 1789,705 1862,705"/>
                <TextEquiv>
                    <Unicode>de dissimilitudine substantiali: illa non est proprie nisi inter diuersa in specie specialissima &amp; eo</Unicode>
                </TextEquiv>
            </TextLine>
            <TextLine id="r4l12" custom="readingOrder {index:10;}">
                <Coords points="413,769 1754,774 1864,759 1864,715 413,726"/>
                <Baseline points="422,759 493,758 565,756 637,755 708,755 780,753 852,753 923,752 995,751 1067,750 1139,750 1210,750 1282,749 1354,749 1425,749 1497,749 1569,749 1640,750 1712,750 1784,750 1856,750"/>
                <TextEquiv>
                    <Unicode>dem genere. &amp; hoc inter quaslibet species econtrario diuisas sub eodem genere vsque ad genera</Unicode>
                </TextEquiv>
            </TextLine>
            <TextLine id="r4l13" custom="readingOrder {index:11;}">
                <Coords points="408,815 1760,816 1870,808 1870,760 408,769"/>
                <Baseline points="417,804 489,803 561,801 633,800 706,798 778,798 850,797 922,797 995,795 1067,795 1139,795 1211,795 1284,794 1356,794 1428,794 1500,794 1573,794 1645,794 1717,794 1789,794 1862,794"/>
                <TextEquiv>
                    <Unicode>lissimum. Dissimile enim contrarium simili causato ab vno dicto ab vnione, communicans in forma</Unicode>
                </TextEquiv>
            </TextLine>
            <TextLine id="r4l14" custom="readingOrder {index:12;}">
                <Coords points="405,864 1869,853 1836,801 404,815"/>
                <Baseline points="413,851 485,848 557,846 629,845 702,843 774,842 846,842 919,840 991,840 1063,839 1136,839 1208,839 1280,839 1352,839 1425,839 1497,839 1569,839 1642,839 1714,839 1786,839 1859,840"/>
                <TextEquiv>
                    <Unicode>speciei specialissimae, est inter quaslibet diuersas species vt sunt aggregatae sub forma generis: non</Unicode>
                </TextEquiv>
            </TextLine>
            <TextLine id="r4l15" custom="readingOrder {index:13;}">
                <Coords points="410,911 1776,909 1867,854 410,864"/>
                <Baseline points="419,893 490,891 562,890 634,888 706,887 778,887 850,885 922,885 994,884 1066,884 1138,882 1209,882 1281,882 1353,882 1425,882 1497,882 1569,882 1641,882 1713,884 1785,884 1857,885"/>
                <TextEquiv>
                    <Unicode>dico vt sunt vnitae in illa. Circa illa autem quae sunt diuersorum generalissimorum inter se compa-</Unicode>
                </TextEquiv>
            </TextLine>
            <TextLine id="r4l16" custom="readingOrder {index:14;}">
                <Coords points="410,946 1878,938 1877,894 1723,886 410,911"/>
                <Baseline points="419,936 491,935 563,934 636,933 708,932 781,930 853,929 926,929 998,927 1071,927 1143,927 1215,926 1288,926 1360,926 1433,926 1505,926 1578,927 1650,927 1723,927 1795,929 1868,929"/>
                <TextEquiv>
                    <Unicode>rata, nec dissimilitudo nec similitudo: sicut nec aequalitas nec inaequalitas, nata sunt fieri. Dissi</Unicode>
                </TextEquiv>
            </TextLine>
            <TextLine id="r4l17" custom="readingOrder {index:15;}">
                <Coords points="410,991 1803,997 1863,937 410,948"/>
                <Baseline points="419,981 490,980 562,978 634,977 706,975 777,974 849,974 921,972 993,972 1064,972 1136,972 1208,971 1280,971 1351,971 1423,971 1495,971 1567,972 1638,972 1710,972 1782,972 1854,972"/>
                <TextEquiv>
                    <Unicode>militudo tamen substantialis inter deum &amp; creaturam potest dici fore. Et hoc licet sit creaturae ad</Unicode>
                </TextEquiv>
            </TextLine>
            <TextLine id="r4l18" custom="readingOrder {index:16;}">
                <Coords points="415,1034 1875,1044 1875,979 414,992"/>
                <Baseline points="423,1026 495,1023 567,1022 639,1020 711,1019 783,1019 855,1017 927,1017 999,1016 1071,1016 1144,1016 1216,1016 1288,1016 1360,1016 1432,1016 1504,1016 1576,1017 1648,1017 1720,1017 1792,1017 1865,1017"/>
                <TextEquiv>
                    <Unicode>deum quaedam similitudo imitationis, vt tactum est supra. Inaequalitas autem non potest dici</Unicode>
                </TextEquiv>
            </TextLine>
            <TextLine id="r4l19" custom="readingOrder {index:17;}">
                <Coords points="411,1077 1875,1086 1826,1025 411,1034"/>
                <Baseline points="420,1071 492,1068 564,1067 636,1065 709,1064 781,1062 853,1062 925,1061 998,1061 1070,1061 1142,1061 1214,1061 1287,1061 1359,1061 1431,1061 1503,1061 1576,1061 1648,1062 1720,1062 1792,1062 1865,1062"/>
                <TextEquiv>
                    <Unicode>fore proprie creaturae ad deum propter magnitudinis dei infinitatem &amp; creaturae finitatem.</Unicode>
                </TextEquiv>
            </TextLine>
            <TextLine id="r4l20" custom="readingOrder {index:18;}">
                <Coords points="441,1132 1743,1127 1868,1121 1868,1078 440,1078"/>
                <Baseline points="450,1113 520,1112 590,1110 661,1109 731,1107 802,1106 872,1106 943,1106 1013,1106 1084,1106 1154,1106 1224,1106 1295,1106 1365,1106 1436,1106 1506,1106 1577,1106 1647,1107 1718,1107 1788,1107 1859,1107"/>
                <TextEquiv>
                    <Unicode>uia enim non est comparatio summi ad infimum: nec aequalitas imitationis creaturae ad deum</Unicode>
                </TextEquiv>
            </TextLine>
            <TextLine id="r4l21" custom="readingOrder {index:19;}">
                <Coords points="432,1168 1833,1169 1867,1120 432,1132"/>
                <Baseline points="441,1158 511,1157 582,1155 653,1154 724,1152 795,1152 866,1151 937,1150 1008,1149 1079,1149 1150,1149 1220,1149 1291,1149 1362,1149 1433,1149 1504,1149 1575,1150 1646,1151 1717,1151 1788,1152 1859,1154"/>
                <TextEquiv>
                    <Unicode>otest dici: sicut dicitur similitudo: propter rationem assignatam in praecedenti quaestione. ⁋ Apost</Unicode>
                </TextEquiv>
            </TextLine>
            <TextLine id="r4l22" custom="readingOrder {index:20;}">
                <Coords points="421,1210 1823,1217 1874,1164 421,1174"/>
                <Baseline points="431,1202 502,1200 574,1199 646,1197 717,1197 789,1196 861,1194 932,1194 1004,1194 1076,1194 1148,1194 1219,1194 1291,1194 1363,1194 1434,1194 1506,1194 1578,1194 1649,1194 1721,1196 1793,1196 1865,1196"/>
                <TextEquiv>
                    <Unicode>plicando ergo hoc ad medium argumentorum quo ad multum: Dico quod ad multum inquantum est</Unicode>
                </TextEquiv>
            </TextLine>
            <TextLine id="r4l23" custom="readingOrder {index:21;}">
                <Coords points="409,1261 1699,1260 1873,1248 1873,1210 409,1221"/>
                <Baseline points="419,1247 491,1245 563,1244 635,1242 708,1241 780,1239 852,1239 925,1238 997,1238 1069,1238 1142,1238 1214,1238 1286,1238 1358,1238 1431,1238 1503,1239 1575,1239 1648,1239 1720,1239 1792,1239 1865,1239"/>
                <TextEquiv>
                    <Unicode>vnum secundum aliquam formam specificam numeri: puta denarius secundum formam denareitatis: nulla rela</Unicode>
                </TextEquiv>
            </TextLine>
            <TextLine id="r4l24" custom="readingOrder {index:22;}">
                <Coords points="414,1307 1783,1305 1869,1292 1869,1248 414,1263"/>
                <Baseline points="423,1290 494,1289 566,1287 638,1286 710,1284 782,1284 854,1283 925,1283 997,1283 1069,1283 1141,1283 1213,1283 1285,1283 1357,1283 1428,1283 1500,1283 1572,1283 1644,1284 1716,1284 1788,1284 1860,1284"/>
                <TextEquiv>
                    <Unicode>tio omnino sequitur, sicut neque ad vnum semel acceptum &amp; formaliter. Per quod patet responsio</Unicode>
                </TextEquiv>
            </TextLine>
            <TextLine id="r4l25" custom="readingOrder {index:23;}">
                <Coords points="406,1343 1738,1347 1872,1334 1872,1291 406,1312"/>
                <Baseline points="416,1337 488,1334 560,1332 632,1331 705,1329 777,1328 849,1326 922,1326 994,1326 1066,1326 1139,1326 1211,1326 1283,1328 1355,1328 1428,1328 1500,1328 1572,1329 1645,1329 1717,1329 1789,1329 1862,1328"/>
                <TextEquiv>
                    <Unicode>ad primum obiectorum de multo. Nec etiam ad multum pluries acceptum sequitur aliqua relatio</Unicode>
                </TextEquiv>
            </TextLine>
            <TextLine id="r4l26" custom="readingOrder {index:24;}">
                <Coords points="410,1391 1820,1398 1874,1334 410,1344"/>
                <Baseline points="419,1379 491,1377 563,1376 636,1374 708,1373 780,1372 853,1371 925,1371 997,1371 1070,1371 1142,1371 1214,1371 1287,1371 1359,1371 1431,1373 1504,1373 1576,1373 1648,1373 1721,1374 1793,1374 1866,1374"/>
                <TextEquiv>
                    <Unicode>inquantum est multum &amp; replicatum sub eadem forma: sicut sequitur ad vnum pluries acceptum</Unicode>
                </TextEquiv>
            </TextLine>
            <TextLine id="r4l27" custom="readingOrder {index:25;}">
                <Coords points="410,1435 1754,1435 1868,1424 1868,1381 410,1391"/>
                <Baseline points="419,1425 491,1422 563,1420 635,1418 707,1416 779,1416 851,1415 923,1415 995,1415 1067,1415 1139,1415 1211,1415 1283,1416 1355,1416 1427,1416 1499,1418 1571,1418 1643,1418 1715,1419 1787,1419 1859,1419"/>
                <TextEquiv>
                    <Unicode>sub eadem forma, vt iam dictum est. Et hoc quia replicatio alicuius sub eadem forma non est</Unicode>
                </TextEquiv>
            </TextLine>
            <TextLine id="r4l28" custom="readingOrder {index:26;}">
                <Coords points="411,1478 1815,1476 1870,1470 1870,1425 411,1435"/>
                <Baseline points="420,1469 492,1466 564,1464 636,1463 708,1461 780,1460 852,1460 924,1458 996,1458 1068,1458 1140,1458 1212,1460 1284,1460 1356,1460 1428,1461 1500,1461 1572,1462 1644,1463 1716,1463 1788,1464 1860,1464"/>
                <TextEquiv>
                    <Unicode>nisi replicatio materialiter illius inquantum est vnum. Propter quod ad multum replicatum non </Unicode>
                </TextEquiv>
            </TextLine>
            <TextLine id="r4l29" custom="readingOrder {index:27;}">
                <Coords points="404,1527 1735,1527 1870,1514 1870,1470 404,1484"/>
                <Baseline points="413,1512 485,1511 557,1508 630,1506 702,1506 774,1505 847,1505 919,1503 991,1503 1064,1503 1136,1503 1208,1503 1281,1505 1353,1505 1425,1505 1498,1506 1570,1506 1642,1506 1715,1508 1787,1508 1860,1509"/>
                <TextEquiv>
                    <Unicode>sequitur relatio quia est multum: sed solummodo quia est vnum in forma multi. Et sic sequitur non </Unicode>
                </TextEquiv>
            </TextLine>
            <TextLine id="r4l30" custom="readingOrder {index:28;}">
                <Coords points="422,1569 1873,1572 1873,1515 422,1527"/>
                <Baseline points="431,1556 502,1554 574,1553 646,1551 717,1550 789,1550 861,1548 932,1548 1004,1548 1076,1548 1148,1548 1219,1548 1291,1550 1363,1550 1434,1550 1506,1551 1578,1551 1649,1551 1721,1551 1793,1551 1865,1553"/>
                <TextEquiv>
                    <Unicode>relatio inaequalitatis sed aequalitatis tantum. Sicut enim vnitas in quantitate est aequalis vnitati</Unicode>
                </TextEquiv>
            </TextLine>
            <TextLine id="r4l31" custom="readingOrder {index:29;}">
                <Coords points="416,1620 1814,1615 1872,1564 415,1574"/>
                <Baseline points="425,1602 496,1599 568,1598 640,1596 712,1595 784,1593 856,1593 928,1593 1000,1593 1072,1593 1144,1593 1215,1593 1287,1593 1359,1595 1431,1595 1503,1595 1575,1596 1647,1596 1719,1596 1791,1596 1863,1596"/>
                <TextEquiv>
                    <Unicode>quia haec &amp; illa vnione sunt vnum: sic dualitas dualitati est aequalis: quia haec &amp; illa vnione sunt</Unicode>
                </TextEquiv>
            </TextLine>
            <TextLine id="r4l32" custom="readingOrder {index:30;}">
                <Coords points="419,1658 1809,1658 1869,1604 419,1618"/>
                <Baseline points="428,1647 499,1644 571,1641 642,1640 714,1638 785,1638 857,1637 928,1637 1000,1637 1071,1637 1143,1638 1215,1638 1286,1638 1358,1640 1429,1640 1501,1641 1572,1641 1644,1641 1715,1641 1787,1641 1859,1640"/>
                <TextEquiv>
                    <Unicode>vnum. Sicut enim haec vnitas &amp; illa vnitas in forma specifica vnitatis simpliciter vniuntur quia</Unicode>
                </TextEquiv>
            </TextLine>
            <TextLine id="r4l33" custom="readingOrder {index:31;}">
                <Coords points="416,1704 1861,1695 1861,1651 416,1660"/>
                <Baseline points="425,1689 496,1688 567,1686 639,1685 710,1683 782,1683 853,1682 924,1682 996,1682 1067,1683 1139,1683 1210,1683 1281,1683 1353,1685 1424,1685 1496,1685 1567,1686 1638,1686 1710,1686 1781,1685 1853,1685"/>
                <TextEquiv>
                    <Unicode>quaelibet vnitas est vna: sic dualitas haec &amp; dualitas illa in forma specifica dualitatis vniuntur</Unicode>
                </TextEquiv>
            </TextLine>
            <TextLine id="r4l34" custom="readingOrder {index:32;}">
                <Coords points="415,1747 1799,1746 1881,1732 1881,1681 415,1704"/>
                <Baseline points="425,1736 497,1733 569,1731 642,1730 714,1728 786,1727 859,1727 931,1727 1003,1727 1076,1727 1148,1728 1220,1728 1293,1728 1365,1730 1437,1730 1510,1730 1582,1731 1654,1731 1727,1731 1799,1731 1872,1731"/>
                <TextEquiv>
                    <Unicode>&amp; in illa sunt vnum quia quaelibet dualitas est dualitas: &amp; sic de caeteris numeris. Sed quod ad </Unicode>
                </TextEquiv>
            </TextLine>
            <TextLine id="r4l35" custom="readingOrder {index:33;}">
                <Coords points="413,1787 1795,1794 1880,1776 1880,1732 413,1747"/>
                <Baseline points="422,1778 494,1776 566,1775 639,1773 711,1772 784,1772 856,1772 929,1770 1001,1770 1074,1772 1146,1772 1218,1772 1291,1772 1363,1773 1436,1773 1508,1773 1581,1773 1653,1773 1726,1775 1798,1774 1871,1773"/>
                <TextEquiv>
                    <Unicode>multum sequatur relatio contraria relationi quae sequitur ad vnum: hoc non est nisi inquan</Unicode>
                </TextEquiv>
            </TextLine>
            <TextLine id="r4l36" custom="readingOrder {index:34;}">
                <Coords points="425,1842 1775,1836 1867,1829 1867,1783 425,1793"/>
                <Baseline points="434,1821 505,1820 576,1818 647,1818 719,1817 790,1817 861,1817 932,1815 1004,1815 1075,1815 1146,1815 1217,1817 1289,1817 1360,1817 1431,1817 1502,1818 1574,1818 1645,1818 1716,1818 1787,1818 1859,1818"/>
                <TextEquiv>
                    <Unicode>tum multum est vnum aggregatione tantum eorum quae sunt materialia in illo. Et sic ad multum</Unicode>
                </TextEquiv>
            </TextLine>
            <TextLine id="r4l37" custom="readingOrder {index:35;}">
                <Coords points="429,1875 1815,1885 1878,1879 1878,1820 429,1840"/>
                <Baseline points="438,1865 509,1863 581,1863 652,1862 724,1861 795,1860 867,1860 938,1860 1010,1860 1081,1860 1153,1860 1225,1860 1296,1862 1368,1862 1439,1862 1511,1862 1582,1863 1654,1863 1725,1863 1797,1863 1869,1863"/>
                <TextEquiv>
                    <Unicode>vt materialiter continet plura, &amp; hoc non nisi in forma quantitatis aut qualitatis differentia,</Unicode>
                </TextEquiv>
            </TextLine>
            <TextLine id="r4l38" custom="readingOrder {index:36;}">
                <Coords points="428,1929 1863,1911 1767,1868 428,1875"/>
                <Baseline points="437,1910 507,1908 578,1907 649,1905 720,1904 791,1904 861,1904 932,1904 1003,1904 1074,1904 1145,1905 1215,1905 1286,1907 1357,1907 1428,1907 1499,1908 1569,1908 1640,1908 1711,1907 1782,1907 1853,1905"/>
                <TextEquiv>
                    <Unicode>sequuntur inaequale &amp; dissimile secundum modum iam expositum. Et sic secundum quod procedit argumen-</Unicode>
                </TextEquiv>
            </TextLine>
            <TextLine id="r4l39" custom="readingOrder {index:37;}">
                <Coords points="424,1971 1872,1971 1872,1912 424,1925"/>
                <Baseline points="434,1955 505,1953 576,1951 648,1950 719,1949 791,1949 862,1949 933,1949 1005,1949 1076,1949 1148,1949 1219,1950 1290,1950 1362,1950 1433,1952 1505,1952 1576,1952 1647,1952 1719,1952 1790,1950 1862,1950"/>
                <TextEquiv>
                    <Unicode>tum &amp; bene: non sequitur inaequale ad duo &amp; quatuor prout vniuntur in multo quod est sena-</Unicode>
                </TextEquiv>
            </TextLine>
            <TextLine id="r4l40" custom="readingOrder {index:38;}">
                <Coords points="422,2008 1775,2016 1862,2003 1862,1958 422,1974"/>
                <Baseline points="431,2000 502,1998 573,1997 644,1995 715,1994 786,1994 857,1994 928,1994 999,1994 1070,1994 1142,1994 1213,1994 1284,1995 1355,1995 1426,1995 1497,1995 1568,1995 1639,1995 1710,1995 1781,1995 1853,1995"/>
                <TextEquiv>
                    <Unicode>rius: neque dissimile ad album &amp; nigrum prout vniuntur in colore: sed prout ibi duo &amp; quatu</Unicode>
                </TextEquiv>
            </TextLine>
            <TextLine id="r4l41" custom="readingOrder {index:39;}">
                <Coords points="415,2054 1790,2060 1874,2044 1874,2002 415,2016"/>
                <Baseline points="425,2043 497,2042 569,2042 641,2040 713,2039 785,2039 857,2039 929,2039 1001,2039 1073,2039 1145,2039 1217,2039 1289,2039 1361,2040 1433,2040 1505,2040 1577,2040 1649,2040 1721,2040 1793,2040 1865,2040"/>
                <TextEquiv>
                    <Unicode>or se habent vt partes cuiusdam aggregati quod est multum continens ambo aggregatim &amp; non</Unicode>
                </TextEquiv>
            </TextLine>
            <TextLine id="r4l42" custom="readingOrder {index:40;}">
                <Coords points="426,2100 1704,2106 1868,2093 1868,2048 426,2053"/>
                <Baseline points="435,2088 506,2086 577,2085 648,2084 719,2084 791,2082 862,2082 933,2082 1004,2082 1075,2082 1147,2083 1218,2084 1289,2084 1360,2084 1431,2085 1503,2085 1574,2085 1645,2085 1716,2085 1787,2085 1859,2085"/>
                <TextEquiv>
                    <Unicode>formaliter. Et similiter hoc album &amp; nigrum se habent vt partes cuiusdam aggregati quod est</Unicode>
                </TextEquiv>
            </TextLine>
            <TextLine id="r4l43" custom="readingOrder {index:41;}">
                <Coords points="433,2143 1872,2165 1872,2091 433,2099"/>
                <Baseline points="443,2132 514,2130 585,2129 656,2129 727,2127 798,2127 869,2127 940,2127 1011,2129 1082,2129 1153,2129 1224,2130 1295,2130 1366,2130 1437,2132 1508,2132 1579,2132 1650,2132 1721,2132 1792,2132 1863,2130"/>
                <TextEquiv>
                    <Unicode>multum continens ambo, vt iam expositum est in tertio modo multi. ⁋ Ex quo patet respon-</Unicode>
                </TextEquiv>
            </TextLine>
            <TextLine id="r4l44" custom="readingOrder {index:42;}">
                <Coords points="426,2194 475,2182 807,2199 849,2182 893,2206 934,2182 983,2183 983,2143 923,2136 816,2150 426,2141"/>
                <Baseline points="435,2178 463,2178 491,2177 520,2175 548,2175 576,2174 605,2174 633,2174 661,2174 690,2174 718,2174 747,2174 775,2174 803,2174 832,2174 860,2174 888,2174 917,2174 945,2174 974,2174"/>
                <TextEquiv>
                    <Unicode>sio ad secundo obiectum de multo. </Unicode>
                </TextEquiv>
            </TextLine>
            <TextLine id="r4l45" custom="readingOrder {index:43;}">
                <Coords points="698,2277 1872,2280 1843,2220 698,2222"/>
                <Baseline points="708,2264 765,2264 823,2264 881,2264 939,2264 996,2264 1054,2264 1112,2264 1170,2264 1227,2262 1285,2262 1343,2262 1401,2263 1458,2264 1516,2264 1574,2264 1632,2264 1689,2265 1747,2265 1805,2266 1863,2267"/>
                <TextEquiv>
                    <Unicode>Irca Secundum arguitur quod non vniformiter idem aequale &amp; simile causantur</Unicode>
                </TextEquiv>
            </TextLine>
            <TextLine id="r4l46" custom="readingOrder {index:44;}">
                <Coords points="707,2324 1870,2327 1870,2282 1830,2273 707,2277"/>
                <Baseline points="717,2309 774,2309 831,2308 888,2307 945,2307 1002,2307 1059,2307 1117,2306 1174,2306 1231,2306 1288,2306 1345,2306 1402,2306 1459,2307 1517,2307 1574,2307 1631,2307 1688,2309 1745,2309 1802,2310 1860,2312"/>
                <TextEquiv>
                    <Unicode>ab vno: &amp; diuersum dissimile inaequale a multo, Primo sic. diuersum, inaequale,</Unicode>
                </TextEquiv>
            </TextLine>
            <TextLine id="r4l47" custom="readingOrder {index:45;}">
                <Coords points="710,2366 1856,2373 1856,2329 1729,2316 710,2322"/>
                <Baseline points="719,2354 775,2354 831,2353 888,2352 944,2352 1001,2352 1057,2352 1113,2351 1170,2351 1226,2351 1283,2352 1339,2352 1395,2352 1452,2352 1508,2352 1565,2352 1621,2354 1677,2354 1734,2354 1790,2355 1847,2355"/>
                <TextEquiv>
                    <Unicode>&amp; dissimile, causantur semper a multo ex natura ipsius multi absque opera-</Unicode>
                </TextEquiv>
            </TextLine>
            <TextLine id="r4l48" custom="readingOrder {index:46;}">
                <Coords points="711,2418 1868,2414 1850,2362 711,2366"/>
                <Baseline points="720,2399 779,2397 839,2397 899,2397 959,2397 1019,2396 1079,2396 1139,2396 1199,2396 1259,2396 1319,2396 1379,2396 1439,2396 1499,2396 1559,2397 1619,2397 1679,2397 1739,2399 1799,2399 1859,2400"/>
                <TextEquiv>
                    <Unicode>tione intellectus. Propter quod relationes communes sequentes multum sunt sem</Unicode>
                </TextEquiv>
            </TextLine>
            <TextLine id="r4l49" custom="readingOrder {index:47;}">
                <Coords points="707,2462 1872,2459 1835,2405 707,2416"/>
                <Baseline points="716,2444 773,2442 830,2442 887,2442 945,2442 1002,2441 1059,2441 1117,2441 1174,2441 1231,2441 1289,2441 1346,2441 1403,2441 1460,2441 1518,2442 1575,2442 1632,2442 1690,2442 1747,2444 1804,2444 1862,2444"/>
                <TextEquiv>
                    <Unicode>per reales. Et hoc vel ex parte vtriusque extremorum: vt quando est inter crea</Unicode>
                </TextEquiv>
            </TextLine>
            <TextLine id="r4l51" custom="readingOrder {index:48;}">
                <Coords points="703,2501 1793,2506 1867,2500 1867,2459 703,2461"/>
                <Baseline points="713,2487 770,2487 827,2487 884,2487 942,2487 999,2487 1056,2487 1114,2486 1171,2486 1228,2486 1286,2486 1343,2486 1400,2486 1457,2486 1515,2486 1572,2487 1629,2487 1687,2487 1744,2487 1801,2489 1859,2489"/>
                <TextEquiv>
                    <Unicode>turas: vel alterius tantum, vt quando est inter deum &amp; creaturam. ldem autem aequale</Unicode>
                </TextEquiv>
            </TextLine>
            <TextLine id="r4l52" custom="readingOrder {index:49;}">
                <Coords points="434,2550 1801,2550 1865,2499 434,2503"/>
                <Baseline points="443,2532 513,2531 584,2531 654,2531 725,2531 796,2531 866,2531 937,2531 1008,2531 1078,2531 1149,2531 1220,2531 1290,2531 1361,2532 1432,2532 1502,2532 1573,2532 1644,2532 1714,2532 1785,2532 1856,2532"/>
                <TextEquiv>
                    <Unicode>&amp; simile aliquando causantur ab vno ex natura ipsius vnius absque opere intellectus: aliquando autem non</Unicode>
                </TextEquiv>
            </TextLine>
            <TextLine id="r4l53" custom="readingOrder {index:50;}">
                <Coords points="442,2592 1808,2597 1862,2586 1862,2540 442,2544"/>
                <Baseline points="452,2574 522,2576 592,2576 662,2576 732,2576 802,2576 872,2576 942,2576 1012,2576 1082,2576 1152,2576 1222,2576 1292,2576 1362,2576 1432,2576 1502,2574 1572,2574 1642,2576 1712,2576 1782,2576 1853,2576"/>
                <TextEquiv>
                    <Unicode>absque opere intellectus. Secundum hoc enim aliquando sunt relationes communes secundum rem: aliquando </Unicode>
                </TextEquiv>
            </TextLine>
            <TextLine id="r4l54" custom="readingOrder {index:51;}">
                <Coords points="432,2631 1796,2641 1868,2628 1868,2584 432,2595"/>
                <Baseline points="440,2619 511,2621 582,2621 653,2621 724,2622 795,2622 866,2622 937,2621 1008,2621 1079,2621 1150,2621 1221,2620 1292,2619 1363,2619 1434,2619 1505,2619 1576,2619 1647,2619 1718,2621 1789,2621 1860,2622"/>
                <TextEquiv>
                    <Unicode>autem secundum rationem tantum, vt patet ex praedeterminatis. sed relationes quae sunt secundum rem non vni</Unicode>
                </TextEquiv>
            </TextLine>
            <TextLine id="r4l55" custom="readingOrder {index:52;}">
                <Coords points="440,2677 1817,2682 1862,2629 440,2630"/>
                <Baseline points="449,2664 519,2665 589,2666 659,2666 730,2666 800,2666 870,2666 940,2666 1011,2666 1081,2666 1151,2666 1221,2666 1292,2666 1362,2666 1432,2666 1502,2666 1573,2666 1643,2666 1713,2666 1783,2666 1854,2666"/>
                <TextEquiv>
                    <Unicode>formiter causantur cum relationibus secundum rationem, vt patet ex praedeterminatis. ergo &amp;c. ⁋ Secundo </Unicode>
                </TextEquiv>
            </TextLine>
            <TextLine id="r4l56" custom="readingOrder {index:53;}">
                <Coords points="441,2734 1772,2742 1872,2728 1872,2675 441,2678"/>
                <Baseline points="449,2709 519,2709 590,2711 660,2711 731,2711 802,2711 872,2711 943,2712 1014,2712 1084,2712 1155,2712 1226,2712 1296,2712 1367,2712 1438,2712 1508,2712 1579,2712 1650,2711 1720,2711 1791,2711 1862,2711"/>
                <TextEquiv>
                    <Unicode>sic. diuersum, inaequale, &amp; dissimile causantur a multo vt continet actu relata per illa: quia non</Unicode>
                </TextEquiv>
            </TextLine>
            <TextEquiv>
                <Unicode>Secundum quem modum multum dicitur magnum: &amp; mons paruus secundum philosophum in praedicamentis.
⁋ Multum autem ad quid sequitur dissimile in qualitate. secundum eandem &amp; sub eadem forma multi
continet qualitatem aliam &amp; aliam. Sed intellige illam formam multi non esse nisi aggregatio
nem diuersarum qualitatum: puta dissimile contrarium simili: quod simile causatum est ab 
vno in qualitate dicto ab vnione: est inter habentia in se diuersas qualitates congregatas non 
sub vna specie specialissima: vt contingit secundum iam dicta in quantitate molis: sed sub eodem ge
nere infimo, sub quo non continentur nisi species specialissimae: &amp; hoc loquendo de dissimilitu
dine accidentali. Dissimilitudo autem non est nisi secundum qualitates specialissimas: cuiusmodi sunt
album &amp; nigrum: non secundum species subalternas, cuiusmodi sunt album &amp; dulce. Loquendo autem 
de dissimilitudine substantiali: illa non est proprie nisi inter diuersa in specie specialissima &amp; eo
dem genere. &amp; hoc inter quaslibet species econtrario diuisas sub eodem genere vsque ad genera
lissimum. Dissimile enim contrarium simili causato ab vno dicto ab vnione, communicans in forma
speciei specialissimae, est inter quaslibet diuersas species vt sunt aggregatae sub forma generis: non
dico vt sunt vnitae in illa. Circa illa autem quae sunt diuersorum generalissimorum inter se compa-
rata, nec dissimilitudo nec similitudo: sicut nec aequalitas nec inaequalitas, nata sunt fieri. Dissi
militudo tamen substantialis inter deum &amp; creaturam potest dici fore. Et hoc licet sit creaturae ad
deum quaedam similitudo imitationis, vt tactum est supra. Inaequalitas autem non potest dici
fore proprie creaturae ad deum propter magnitudinis dei infinitatem &amp; creaturae finitatem.
uia enim non est comparatio summi ad infimum: nec aequalitas imitationis creaturae ad deum
otest dici: sicut dicitur similitudo: propter rationem assignatam in praecedenti quaestione. ⁋ Apost
plicando ergo hoc ad medium argumentorum quo ad multum: Dico quod ad multum inquantum est
vnum secundum aliquam formam specificam numeri: puta denarius secundum formam denareitatis: nulla rela
tio omnino sequitur, sicut neque ad vnum semel acceptum &amp; formaliter. Per quod patet responsio
ad primum obiectorum de multo. Nec etiam ad multum pluries acceptum sequitur aliqua relatio
inquantum est multum &amp; replicatum sub eadem forma: sicut sequitur ad vnum pluries acceptum
sub eadem forma, vt iam dictum est. Et hoc quia replicatio alicuius sub eadem forma non est
nisi replicatio materialiter illius inquantum est vnum. Propter quod ad multum replicatum non 
sequitur relatio quia est multum: sed solummodo quia est vnum in forma multi. Et sic sequitur non 
relatio inaequalitatis sed aequalitatis tantum. Sicut enim vnitas in quantitate est aequalis vnitati
quia haec &amp; illa vnione sunt vnum: sic dualitas dualitati est aequalis: quia haec &amp; illa vnione sunt
vnum. Sicut enim haec vnitas &amp; illa vnitas in forma specifica vnitatis simpliciter vniuntur quia
quaelibet vnitas est vna: sic dualitas haec &amp; dualitas illa in forma specifica dualitatis vniuntur
&amp; in illa sunt vnum quia quaelibet dualitas est dualitas: &amp; sic de caeteris numeris. Sed quod ad 
multum sequatur relatio contraria relationi quae sequitur ad vnum: hoc non est nisi inquan
tum multum est vnum aggregatione tantum eorum quae sunt materialia in illo. Et sic ad multum
vt materialiter continet plura, &amp; hoc non nisi in forma quantitatis aut qualitatis differentia,
sequuntur inaequale &amp; dissimile secundum modum iam expositum. Et sic secundum quod procedit argumen-
tum &amp; bene: non sequitur inaequale ad duo &amp; quatuor prout vniuntur in multo quod est sena-
rius: neque dissimile ad album &amp; nigrum prout vniuntur in colore: sed prout ibi duo &amp; quatu
or se habent vt partes cuiusdam aggregati quod est multum continens ambo aggregatim &amp; non
formaliter. Et similiter hoc album &amp; nigrum se habent vt partes cuiusdam aggregati quod est
multum continens ambo, vt iam expositum est in tertio modo multi. ⁋ Ex quo patet respon-
sio ad secundo obiectum de multo. 
Irca Secundum arguitur quod non vniformiter idem aequale &amp; simile causantur
ab vno: &amp; diuersum dissimile inaequale a multo, Primo sic. diuersum, inaequale,
&amp; dissimile, causantur semper a multo ex natura ipsius multi absque opera-
tione intellectus. Propter quod relationes communes sequentes multum sunt sem
per reales. Et hoc vel ex parte vtriusque extremorum: vt quando est inter crea
turas: vel alterius tantum, vt quando est inter deum &amp; creaturam. ldem autem aequale
&amp; simile aliquando causantur ab vno ex natura ipsius vnius absque opere intellectus: aliquando autem non
absque opere intellectus. Secundum hoc enim aliquando sunt relationes communes secundum rem: aliquando 
autem secundum rationem tantum, vt patet ex praedeterminatis. sed relationes quae sunt secundum rem non vni
formiter causantur cum relationibus secundum rationem, vt patet ex praedeterminatis. ergo &amp;c. ⁋ Secundo 
sic. diuersum, inaequale, &amp; dissimile causantur a multo vt continet actu relata per illa: quia non</Unicode>
            </TextEquiv>
        </TextRegion>
    </Page>
</PcGts>
