2017 3284
437 271 1882 357 minat: sed praedicamentum nominat potius aliquid cui convenit esse vt participatum ab illo: & hoc analo-
439 346 1893 402 gice: prout illud aliquod quod rem praedicamenti nominat, diuersificatur in diuersis praedicamentis. Quae res cum
441 388 1897 441 hoc quod est diuersa & alia atque alia in praedicamentis realiter inter se distinctis: distinguitur etiam in diuer
437 442 1886 497 sis praedicamentis penes diuersos modos reales, quibus siue secundum quos illis convenit esse: siue quibus
440 482 1893 533 esse participant diuersimode. Qui quidem modi reales sunt: quia ex natura ipsius rei praedicamenti con-
446 526 1888 586 comitantur: non autem ex consideratione intellectus siue rationis: immo ex illis consequuntr diuersi modi
437 576 1880 632 conceptuum formatorum de ipsis rebus. Illorum autem modorum duo sunt primi & principales: quorum Pri-
437 620 1880 678 mus est modus essendi secundum se & absolute. Secundus vero est modus essendi in ordine ad aliud
457 665 1881 725 Quorum primus convenit tribus praedicamentis absolutis: quae sub tali modo essendi communi ipsis in tria
436 710 1889 773 genera trium rerum absolutarum distinguuntur: quae sunt substantia, quantitas, & qualitas: nec sunt plura ge
434 760 1890 814 nera praedicamentorum quae proprias realitates habent. Secundus autem modus essend scilicet ad aliud, conuenit
444 803 1896 859 illis septem generibus praedicamentorum respectiuorum: quae sub tali modo essendi communi ipsis non ha-
444 848 1889 911 bent res proprias quibus inter se distinguuntur: sed solummodo realitatem in modo suo cmmuni eis contrahunt
434 894 1878 961 per hoc quod fundantur super res trium praedicamentorum absolutorum: in hoc ve quod ex natura illarum rerum modus
440 942 1883 1000 iste consequitur: propter quod respectus reales dicuntur: secundum quod ex opposito respectus rationales dicuntur inqui
443 994 1883 1045 bus modus essendi ad aliud non sequitur naturam rei ex se: sed solummodo considerationem intellectus cir-
437 1029 1888 1090 ca rem: vt tactum est supra. Et distinguitur vterque illorum modorum realium in duos. Modus enim essendi
444 1078 1896 1142 secundum se & absolute: aut est modus essendi secundum se & in se: & est modus proprius praedicamento
441 1126 1893 1184 substantiae: aut est modus essendi secundum se sed in alio: & est modus proprius accidentis, qui conuenit
441 1174 1884 1234 duobus praedicamentis absolutis accidentis, quae sunt quantitas & qualitas, quae distinguuntur a praedicamen
446 1219 1889 1279 to substantiae penes modum essendi in se & in alio: quorum primus transfertur ad diuina: secundus autem nequa
440 1263 1900 1330 quam. Propter quod cum res quantitatis & qualitatis transseruntur ad diuina: dicuntur transire in substantiam
439 1310 1886 1375 quia. scilicet modum essendi in alio amittunt: & modum essendi in se assumunt. Ista autem duo praedicamenta
442 1355 1885 1420 in creaturis coniter cum praedicamento substantiae distinguuntur contra alia septem, in hoc scilicet quod illa tria habent
437 1395 1897 1460 esse secundum se: illa autem septem habent esse ad aliud. Et transfertur vterque horum modorum ad diuina: & pe
443 1447 1886 1512 nes illos in diuinis distinguuntur duo modi praedicand scilicet ad se & ad aliud: quorum ille qui est ad se, sequitur
440 1489 1894 1555 modum essendi in se & secundum se: & ideo idem est quod modus praedicandi substantialiter: ille vero quid est ad ali
437 1538 1897 1600 ud, sequitur modum essendi ad aliud: & est idem quod modus praedicandi relatiue. Nec est in diuinis modus
437 1585 1884 1642 aliquis praedicandi accidentaliter: propter quod tantum sunt duo praedicamenta in diuinis secundum superius expo
447 1627 1896 1702 sita: ita quod secundum iam dicta tam in diuinis quam in creaturis septem praedicamenta quorum esse & praedicari est
432 1674 1894 1738 ad aliud, nihil habent proprium sui generis nisi modum essendi seu praedicandi ad aliud: in quo consistit ratio
453 1733 1882 1782 praedicamenti consequens ex re praedicamenti absoluti super quod fundatur: & per hoc ab illa suam realitatem trahit:
438 1771 1896 1842 quae consistit aut in hoc quod modus sequitur ex natura rei: & per hoc est realis: aut in hoc quod continet
433 1817 1887 1885 in se illam rem super quam modus ille fundatur: & ad quam sequitur vt subintrantem rationem respectus: & per hoc
447 1869 1885 1930 ipsa est diuersorum praedicamentorum. Quemadmodum motus est de praedicamento actionis inquantum subin
437 1906 1882 1969 trat rationem respectus scilicet vt est ab agente: & est de praedicamento passionis inquantum subintrat rationem
437 1953 1890 2012 respectus vt receptus est in passo: cum tamen secundum se consideratus sit in praedicamento quantitatis. Et per
441 1998 1883 2057 hunc modum dico quod omnis relatio communis habet fundari in rebus trium praedicamentorum absolutorum tam in diuin
438 2045 1892 2116 nis quam in creaturis: & non solum genus relationis communis: sed etiam totum genus relationis vniuersaliter: &
443 2087 1885 2152 alia sex genera praedicamentorum respectus importantia. Sed aliter illa sex: aliter praedicamentum relationis: quoniam il
435 2135 1884 2196 la sex praedicamenta respectuum quid non sunt relationes siue habitudines relatiuae: quibuscilicet subiecta sua ha
445 2182 1884 2248 bent esse vel praedicari relatiue siue ad aliud: sed sunt respectus solum quibus subiecta sua ordinem habent ad
447 2228 1887 2294 aliud vt ad obiecta: omnis enim relatio siue habitudo relatiua respectus est, & non econuerso: llla inquam
446 2274 1899 2332 sex praedicamenta talium respectuum, non solum suis respectibus illa obiecta respiciunt, & ordinem habent ad illa:
443 2320 1881 2397 sed etiam ab illis causantur quodam modo in suis subiectis, non solum a suis fundamentis quae habent in ipsis
435 2372 1887 2429 fubiectis. Puta praedicamentum quando, quod in re temporali dicit respectum ad tempus: a tempore habet in re illa
441 2412 1881 2482 causari: & hoc quia non convenit ei praedicamentum quando nisi ob hoc quod habet esse in tempore. Similiter pra
441 2458 1893 2525 dicamentum vbi: quod in locato dicit respectum ad locum simpliciter: a loco habet in illo causari:
441 2502 1896 2563 & hoc quia non conuenit illi nisi ob hoc quod habet esse in loco. Et etiam praedicamentum fitus, quod in
444 2552 1889 2613 locato dicit respectum ad ordinem partium in loco: siue ad partes ordinatas in loco: a loco vt ips
443 2598 1885 2654 se habet in se partes ordinatas habet causari in locato: quia non conuenit locato situs quod est or
443 2652 1885 2706 do partium in toto respectu ad ordinem partium loci in loco: nisi ob hoc quod partes ordinatae loca-
432 2689 1881 2751 ti habent esse in partibus ordinatis loci. In hoc enim coniuncta praedicamenta sunt vbi & situs. Prae
432 2735 1881 2798 dicamentum etiam habitus quod in habente dicit respectum ad id quod habetur: ab eo quod ha
429 2782 1890 2866 betur habet causari in habente: quia non conuenit habenti nisi ob hoc quod habens circundatur eo quod
