2017 3098
182 238 1599 306 habetur. Et sic est etiam de actione & passione respectu agentis & patientis: prout haec latius supra
189 298 1611 345 in quaestione de praedicamentis decem in generali declarantur. Praedicamentum autem relationis continet ha
185 344 1599 400 bitudines quibus subiecta illarum habent esse & dici relatiue ad aliud vt ad obiecta: & suis respecti
179 388 1605 436 bus quos important subiecta sua quae eis referuntur, subiecta sua respiciunt: & ordinem habent ad illa
195 433 1604 488 in esse & referri ad illa absque hoc quod causentur ab illis. quia secundum philosophum in praedicamentis: relatiua sunt
189 475 1595 525 simul natura: & neutrum eorum est causa alteri vt sit. Intelligo vt causa propter quam sic: licet sit causa
193 520 1609 576 illius sine qua non. Vnum enim relatiuorum est mutuo per alterum: vnde & in diuinis non est pater nisi per fili
188 572 1593 616 um secundum Hilarium: vt habitum est supra. Propter quod illa sex quia causalitatem suam vt sint in subie-
185 604 1593 658 cto, ab extrinseco habent vt ab obiecto: sicut a causa propter quam sic: cum hoc quod etiam causalitatem habent a
195 649 1608 697 suis fundamentis: dicuntur praedicamenta & accidentia extrinsecus aduenientia. Praedicamentum autem re
191 696 1605 744 lationis quia causalitatem non habet vt sit in subiecto nisi ab eo quod est in ipso subiecto: ideo in crea
185 734 1589 784 turis dicitur esse vnum de praedicamentis accidentium intrinsecus aduenientium. Propter quod etiam re
189 778 1599 832 spectus quos importat praedicamentum relationis, dicuntur respectus insistentes: respectus autem quos di-
192 824 1598 879 cta sex praedicamenta important, dicuntur proprie respectus assistentes. Sub praedicamento autem relationis li
188 874 1591 927 cet secundum eundem modum generalem habeant fundari relationes communes & aliae: in hoc scilicet quod non cau
181 915 1593 965 santur in suis subiectis nisi a suis fundamentis: alie tamen relationes quae non sunt cones immediate fundantur
182 960 1586 1006 in illis & causantur ab eisdem. Relationes autem cones licet immediate fundentur in illis: non tamen causan
179 1006 1587 1054 tur ab eisdem nisi mediante vno & multo in eisdem: vt habitum est supra: quae quidem vnum. scilicet & multum, ad
186 1046 1583 1100 praedicamentum quantitatis pertinent. Et praeterea relationes cones fundantur super res trium praedicamentorum absoluto
188 1094 1590 1143 rum ratione illarum rerum simpliciter & absolute absque omni ratione causae & effectus illarum inter se. Re
193 1131 1602 1186 lationes autem aliae non fundantur super res praedicamentorum absolutorum nisi per rationes causae & effectus
186 1181 1601 1236 quas habent inter se. Relationes enim quae sunt in potentiis non fundantur nisi super illas res absolutas: quae
186 1224 1609 1281 habent vim actiui & passiui: inquantum vna nata est agere & alia pati, & patiendo effectum agen
185 1262 1593 1322 tis in se recipere: & per hoc referuntur inter subiecta illarum rerum: & hoc solum secundum habitum
191 1312 1590 1358 puta quando potentiae actiuae & passiuae non sunt coniunctae secundum actum: qualiter referuntur inter se cale
189 1352 1594 1400 factiuum & calefactibile: vel secundum actum: puta quando potentiae actiuae & passiuae sunt coniunctae se
186 1395 1585 1447 cundum actum, qualiter referuntur inter se calefaciens & calefactum. Relationes vero quae sunt in commen
182 1445 1590 1495 surationibus non fundantur nisi super res absolutas, quae habent in se rationes perfecti & deficientis a per
186 1479 1604 1541 fectione atque tendentis ad illam adipiscendam aut conseruandam prout possibile est illi secundum naturam. Et
191 1535 1595 1581 per hoc tales relationes non sunt nisi inter illa quae se habent inter se sicut finis & id quid est ad finem.
183 1575 1587 1630 Finis enim & perfectum idem sunt: aut ipsa perfectio est propria conditio finis: sicut & imperfectio propria
192 1619 1588 1669 conditio est eius quod est ad finem: & hoc in creaturis. Qualiter autem relatio commensurationis aliter
188 1661 1592 1712 habet esse in diuinis inter imaginem quae filius est & patrem cuius est imago: videbitur inferius. Spe
188 1704 1589 1758 cialiter relationes communes inter se comparatae aliter & aliter fundantur super res absolutas quantita-
197 1748 1588 1802 tis & qualitatis & substantiae: quia identitas & diuersitas fundantur bene super rem substantiae vt in seipsa
185 1798 1589 1848 est aliquid: aequalitas vero & similitudo atque eorum contraria non fundantur super res qualitatis aut quantita
186 1838 1595 1891 tis nisi vt sunt dispositiones substantiae seu subsistentes in eis: secundum quod iam tactum est supra in fine prae
185 1879 1586 1933 cedentis quaestionis: & amplius in secunda quaestione articuli sequentis inferius declarabitur. ⁋ Concedenda
190 1924 1596 1976 est ergo vltima ratio ex auctoritate philosophis probans quod relationes cones fundantur super res absolutas trium
188 1968 1589 2025 praedicamentorum: quia. scilicet modus essendi ad aliud, in quo formalis ratio illarum consistit: consequitur res illas
188 2021 1590 2066 absolutas: & per hoc quando reales sunt realitatem ab illis trahunt: in qua consistit illarum ratio se-
194 2055 596 2121 cundum superius exposita.
194 2096 1601 2167 ⁋ Ad illud quod primo arguitur in oppositum: quod praedicamentum relationis non fundatur su
184 2158 1615 2211 per rem alterius praedicamenti: quia habet propriam realitatem: Dico quod istud falsum est: quia nihil habet sibi
200 2197 1604 2255 pprium, vt dictum est: nisi primum modum essendi ad aliud: qui manet vnus & idem in omnibus contem
194 2249 1601 2297 tis sub praedicamento relationis: nec contrahitur aut distinguitur in speciebus relationis. Propter quod ab il-
186 2285 1605 2335 lius contractione aut distinctione per aliquid quod est suae rationis, non potest sumi aliqua vniuocatio ge-
189 2327 1597 2389 neris: vt procedit obiectio: sed solummodo distinguitur praedicamentum relationis sub dicto modo communi
188 2375 1596 2430 per res absolutas substantiae quantitatis & qualitatis indeterminate significatas in generalissimo rela-
188 2428 1603 2477 tionis abstracto a suis speciebus constitutis & distinctis sub dicto modo communi per res absolutas dicto
185 2458 1604 2516 rum trium praedicamentorum: a quibus praedicamentum relationis suam trahit realitatem. ⁋ Et quod arguitur quod vni-
189 2504 1599 2562 uocatio praedicamenti relationis non sit ex parte realitatis ab aliis praedicamentis habitae: quia in nullo re
182 2550 1600 2603 ali vniuocantur substantia quantitas & qualitas: Dico quod licet in nullo praedicamento sit vera & perfecta
200 2598 1599 2646 vniuocatio ratione rei significatae in genere: sed potius analogia aut aequiuocatio semper latet in gene-
188 2628 1615 2703 re: vt scribitur. vii. Physicae. minor tamen est vniuocatio: & maior aequiuocatio rei significatae in generalissimo
