2017 3139
399 251 1869 330 relationis &. vi. praedicamentorum respectiuorum: quam in generalissimis aliorum praedicamentorum: puta trit
401 306 1871 367 absolutorum: quanto ex se minus realitatis habent. Nihil enim realitatis habet praedicamentum relationis aut
405 351 1860 409 aliud praedicamentum respectiuum, nisi quod modus sibi proprius ex natura rei absolutae habet esse tanquam con
399 399 1850 455 sequens illam: qui & per hoc super alium fundatur: vt dictum est. Propter quod distinctio specierum relationis: &
417 439 1857 502 similiter praedicamentorum respectiuorum sub modo communi sibi, non est nisi per additamenta rerum absolu-
411 491 1857 540 tarum: quibus determinatur dictus modus communis: & similiter realitas significandi indeterminate
414 530 1854 588 sub communi modo in quolibet generalissimo talium praedicamentorum. Et sic res diuersorum praedicamentorum
411 574 1851 632 absolutorum, siue realitates contractae ab illis sub vnitate modi essendi ad aliud: licet non possint vni
411 628 1850 677 uocari vniuocatione quae sufficit ad vnitatem praedicamenti absoluti: vniuocantur tamen sufficienter quantum re
425 666 1838 724 quirit praedicamentum respectiuum. Nec debet verus aestimator rerum in vnoquoque plus aut minus require
416 711 1851 765 re quam conditio naturae suae exigit. Et consistit illa vniuocatio in dicto modo communi non contractione
419 753 1850 810 aut distinctione illius per aliquid quod est suae rationis: sicut contrahitur & distinguitur cone reale in praedi-
419 799 1853 852 camento absoluto: sed solummodo illius determinatione per additamentum eius quod est alterius rationis.
412 842 1853 900 ⁋ Ad secundum, quod x. praedicamenta significant prima genera rerum: ergo nullum eorum respicit rem alicuius
429 894 1855 941 generis prioris super quam fundetur: Dico quod hoc consequens non sequitur ex illo antecedente nisi quodlibet
415 933 1857 991 praedicamentorum significaret rem propriam: vt. x. praedicamenta non solum significarent. x. prima genera rerum: sed
425 977 1847 1032 etiam decem primas res. Quod non est verum: quia non sunt nisi tres res, siue tres realitates in x. praedi
411 1017 1860 1075 camentis, quae sunt de se absolutae: ad quas res consequuntur modi essendi proprii diuersis praedicamen
419 1069 1850 1120 tis: qui nec res sunt nec reales possunt dici nisi ratione illarum rerum vt ex natura earum in ipsis fundan
422 1112 1846 1168 tur: & ad eas consequuntur: vt dictum est. Vnde licet sint prima genera rerum quae significant. x. praedicamen
425 1154 1851 1211 ta: vt dicit Boethius & bene: non tamen sunt dictae primae res: nec hoc dicit vnquam. Praedicamenta enim sin-
427 1206 1851 1261 gula sunt genera rerum: sed praedicamenta respectiua non sunt genera aliarum rerum quarum sunt praedicamenta ab-
416 1238 1860 1295 soluta: licet sub alio & alio modo essendi. Praedicamentum enim significat aliquid cui conuenit esse sub tali
429 1287 1855 1342 vel tali modo: a quo quidem modo circa id aliquid cui convenit esse principaliter, distinguuntur praedica
421 1331 1847 1386 menta maxime respectiua ab absolutis: quia respectiua nulla realitate propria distinguuntur ab absolutis: quia
422 1380 1857 1431 nullam talem habent ex se: licet tria praedicamenta absoluta cum hoc quod inter se distinguuntur per modos essen
432 1417 1854 1471 di, etiam distinguuntur per proprias res secundum praedicta. ⁋ Ad tertium, quod non est genus rei nisi habeat
438 1464 1827 1520 ropriam realitatem: Dico quod falsum est: quia sufficit ad rationem generis generalissimi realis quod habeat pro
426 1505 1853 1567 prium modum posteriorem qui consequitur rem aliquam quae ex se habet esse sub modo essendi alterius praedi
433 1561 1849 1609 camenti prioris: quod contingit de praedicamentis respectiuis & absolutis. Prior enim naturaliter est modus
416 1602 1851 1655 essendi in re secundum se & absolute, quam in ordine ad aliud, per hoc enim quod talem modum habet a re: ab ipsa
422 1643 1857 1701 realitatem habet: quae sufficit ad esse praedicamentum. Et quod arguitur contra hoc: quod genus primum in eo quod
420 1685 1845 1736 est primum non potest suam realitatem habere ab alio: quia an primum non est aliud praecedens: Dico quod
425 1731 1855 1785 decem praedicamenta dicuntur decem genera prima non aspiciendo ad ordinem eorum inter se: sed solummodo aspiciem
428 1775 1839 1826 do ad ordinem contentorum in qualibet linea praedicamentali inter se. Et est alius ordo iste & ille: quia iste
429 1817 1848 1880 qui est contentorum sub eadem linea, non solum est secundum primum & secundum: siue secundum prius & posterius:
429 1872 1844 1918 sed etiam est secundum sub & supra. Et tali ordine nullum praedicamentum habet aliud praedicamentum prius:
422 1914 1851 1963 quia nullum eorum continetur sub alio: nec etiam aliqua duo illorum sub tertio: sed quodlibet illorum est aeque
432 1951 1850 2011 primum. Ille vero qui est diuersorum praedicamentorum inter se: est non secundum sub & supra: sed solummo
427 1997 1848 2048 do secundum prius & posterius, siue primum & secundum. & hoc modo priora sunt praedicamenta tria ab
426 2041 1857 2088 soluta quam septem respectiua: & inter absoluta primum est praedicamentum substantiae, secundum quantitatis, & ter
420 2083 1851 2137 tium qualitatis. Et propter istum ordinem praedicamentorum absolutorum ad respectiua: bene possunt
429 2131 1096 2180 respectiua contrahere realitatem ab absolutis.
713 2168 1857 2232 rca secundum arguitur quod diuersa genera relationum conmunium: puta identitatis aequa
705 2219 1854 2278 litatis similitudinis & eorum contraria vniformiter habent fundari in rebus trium prae
697 2265 1858 2316 dicamentorum absolutorum scilicet substantiae quantitatis & qualitatis: Primo sic. Rlatio communis
706 2311 1856 2363 non fundatur super res illorum praedica mentorum: sicut neque genus relationis simplici
698 2357 1841 2403 ter: nisi pro quanto modus essendi ad aliud consequitur naturam illarum rerum: vt di-
692 2402 1850 2446 ctum est in quaestione praecedente. sed modus essendi ad aliud idem & vniformis est in
419 2445 1847 2501 toto praedicamento relationis, vt similiter ibi dictum est. ergo &c. ⁋ Secundo sic. quae super idem peni-
413 2490 1855 2540 tus fundantur: & sunt penitus vniformia inter se: vniformiter fundantur super illud super quod fundantur.
418 2530 1854 2586 Si enim talia difformiter fundarentur, super idem penitus fundari non possent: quia idem penitus nul-
417 2572 1857 2628 lius difformitatis potest esse causa. Relationes communes omnium sunt vniformes inter se quantum ad ge
417 2616 1854 2670 nus relationis pertinet: quia non dicunt nisi esse ad aliud: sicut neque relationes aliae: & super idem
413 2669 1852 2736 penitus fundari possunt: quia homo homini est idem & aequalis & similis secundum vnum & idem
