2017 3145
170 231 1608 301 maius & minus in sua essentia. Puta albendo & calor nata sunt fieri in eodem singulari: maior de mi-
170 292 1618 342 nori: & minor de maiori: & secundum hoc denominare habent subiectum album vel calidum secun-
170 339 1611 394 dum magis & minus: secundum quod alias in quadam quaestione de eo quod est magis & minus satis decla
170 380 1606 435 rauimus. Et sic secundum quantitatem virtutis perfectionalis primo modo non est inter diuersa entia
176 420 1614 474 nisi inaequalitas, praeterquam duntaxat inter substantias contentas sub eadem specie specialissima: quae aequa-
166 467 1605 523 les semper sunt quantitate perfectionis. Et quo ad hoc conformis est ista aequalitas perfectionis aequalitati quam
167 517 1605 569 titatis molis. Non est enim vtraque nisi inter differentia solo numero. Sed inaequalitas perfectionalis non
170 557 1599 609 est conformis inaequalitati in quantitate molis: neque dissimilitudini: sed solummodo diuersitati: quia
170 600 1615 656 quaecumque diuersa specie aut genere sunt inaequalia quantitate perfectionis: inaequalia autem quantitate molis: non
167 651 1603 700 sunt nisi differentia numero: & dissimilia non nisi differentia specie specialissima. Secundum quantita
178 689 1603 742 tem aut virtutis perfectionalis secundo modo: quae scilicet est in accidente susceptibili: magis & minus in sub
164 735 1596 791 iecto: non est aequalitas aut inaequalitas nisi inter eadem specie: sicut neque in quantitate molis. Et sicut
171 786 1603 843 in illis quantitatibus molis potest esse aequalitas & inaequalitas partium inter se: & ad totum in eodem
164 829 1601 880 tempore: sic in istis qualitatibus quo ad quantitates virtutis potest esse inaequalitas & aequalitas eius
173 875 1607 928 dem ad seipsum pro alio & alio tempore: secundum quod minus calidum in vno tempore potest esse magis cali-
171 923 1594 972 dum in alio tempore, vel aeque calidum. Ex quibus patet quod aequalitas & inaequalitas fundatae in quan
171 960 1597 1014 titate molis, aut in quantitate virtutis in qualitate inquantum ipsa recipit magis & minus: quia se ha
170 1003 1599 1061 bent secundum priuationem & habitum: necessario sunt circa eadem in forma & specie. Similitudo autem & dissi
169 1056 1598 1113 militudo fundatae in qualitate simpliciter quia se habent sicut contraria: necessario similitudo est inter
164 1097 1604 1148 eadem specie & forma: dissimilitudo vero necessario est inter diuersa atque inter contraria forma &
175 1145 1595 1200 specie: & non inter alia. ldentitas autem & diuersitas & aequalitas atque inaequalitas fundatae in substan-
171 1191 1601 1238 tia quia se habent sicut contradictoria: eo quod quaelibet duo entia substantialia aut modum substantiae ha
162 1232 1598 1282 bentia aut sunt eadem aut diuersa: aut aequalia aut inaequalia: idcirco licet identitas sit solummodo eorundem
161 1272 1598 1331 numero specie aut genere: & aequalitas siue molis siue virtutis in substantia aut qualitate: & similiter inae
172 1317 1607 1377 qualitas molis non est nisi eorundem specie specialissima: Diuersitas tamen & inaequalitas substantialis quo
165 1372 1608 1420 runcumque duorum entium sese habent penes gradus, & differentiae entium secundum gradus & differentias nu
176 1409 1607 1472 merorum. Sicut enim numeri proueniunt ab vnitate secundum quandam participationem formae illius: & pro-
171 1454 1608 1517 pterea omnes numeri quodammodo sunt eiusdem speciei: vt tactum est supra: sic omnes creaturae procedunt
176 1501 1599 1553 a deo secundum quandam participationem formae illius. Et propterea omnes creaturae quodammodo sunt respe
175 1540 1614 1600 ctu dei eiusdem formae siue speciei: quia non sunt nisi quaedam participatio formae diuinae. Et per hoc inquam
164 1585 1603 1646 tum omnes numeri sunt quodammodo vnius speciei: & similiter omnes creaturae inter se: vniuersaliter
167 1631 1604 1690 aequale & inaequale non sunt nisi in eadem forma & specie. Quo ad hoc enim se habent secundum diuersos
166 1683 1609 1742 gradus suos: quibus inaequales dicuntur inter se diuersi numeri & diuersarum specierum creaturae: si-
167 1733 1606 1787 cut se habent diuersae qualitates sub eadem specie: puta caloris aut albedinis secundum diuersos gradus
167 1765 1603 1823 quibus dicuntur inaequales inter se duo calores aut albedines duae: quibus subiecta etiam dicuntur calida
173 1811 1609 1867 seu alba: & secundum magis & minus inaequaliter calida aut inaequaliter alba. Et sic inaequalia secundum
173 1858 1618 1920 quantitatem virtutis: sicut etiam aliquando aliqua sunt inaequalia secundum quantitatem molis: licet ratione quali
170 1909 1613 1955 tatis, puta caloris aut albedinis, simpliciter sunt similia: aliquando secundum quantitatem molis aut virtu
168 1943 1605 2002 tis sunt etiam inaequalia: & econtra dissimilia sunt aequalia. Et quo ad hoc bene difformiter fundantur re
171 1988 1607 2045 lationes cones super quantitatem & qualitatem vt procedit tertia obiectio: quae difformitas a fundamentis oritur
166 2034 1601 2091 sed in subiectis fundamentorum existit: quae difformiter ab ipsis denominantur: in hoc scilicet quod similitudo est inaequa-
171 2091 1607 2139 lium. Et etiam in hoc est difformitas, quod similitudo magis & minus recipit: non autem identitas aut aequalitas.
168 2120 1602 2178 Similitudo enim magis & minus recipit propter diuersos gradus in quantitate virtutis qualitatis eiusdem
173 2171 1616 2233 secundum speciem. Dicitur enim similitudo inter haec duo alba maior quam inter alia duo alba: & hoc album dicitur ma-
167 2225 1615 2283 gis simile illi albo quam aliud: & hoc eo quod maior similitudo fundatur super qualitates magis ad aequalitatem
182 2257 1616 2324 appropiquantes. & secundum hoc etiam dicuntur subiecta magis similia. Et sic quod similitudo recipit magis aut mi
163 2309 1604 2371 nus: hoc non contingit nisi quia inaequalitas virtualis magis & minus recipit: & semper maius & mi-
171 2355 1615 2414 nus in ipsis relationibus, & magis & minus in ipsis relatis, potius sequuntur quantitates virtuales in
174 2401 1613 2451 relatis quam ipsas relationes. Non sic autem aequalitas recipit magis & minus sicut similitudo: & hoc quia aequa
176 2439 1616 2505 litas non consistit nisi in graduum conformitate: sicut neque identitas maxime numeralis: quia non fundatur
170 2497 992 2548 nisi super vno dicto ab vnitate, in qua non est difformitas.
169 2534 1607 2598 ⁋ Ex dictis etiam patet responsio ad obiectum secundum: quod bene verum est quod relationes
180 2583 1615 2643 communes non fundantur difformiter quantum est ex ratione respectus qui est ad aliud esse: neque quantum
188 2624 1608 2686 est ex ratione fundamentorum quando fundantur super idem. tunc enim tria ex vna parte. scilicet idem aequale & similter
176 2672 1621 2745 & tria ex ali. scilicet diuersum inaequale & dissimile vniformiter se habent, & conversim consequuntur se:
