2017 3184
50 -29 104 45 Subo:
420 248 1865 315 ad duos patres: aut duo patres ad duos filios solummodo relationes proprias sibi paternitatis aut
416 306 1867 361 filiationis: quia super illas nulla omnino potest fundari relatio. ⁋ Ad tertium quod sicut calefaciens &
420 347 1872 412 calefactum quia difformiter se habent ad motum, habent inter se relationibus propriis correlationem,
416 405 1863 460 sic duo calefacientia aut duo calefacta quia conformiter se habent ad motum: debent habere inter
417 445 1869 495 se correlationem relatione aliqua communi: Dicon quod re vera calefaciens & calefactum correlationem habent
411 490 1878 549 inter se propriis relationibus: sed hoc non tam quia difformiter se habent ad motum eundem: quam quia
429 535 1877 586 alterutrum eorum quod se: habet suo modo ad motum, hoc non est nisi in ordine ad aliud se habens
417 579 1868 633 ad motum secundum alium modum se habendi ad illum. Sed quod duo calefacientia vel duo calefacta
421 621 1871 677 conformiter se habent ad motum: hoc est absque omni ordine alterutrius ad alterum: quia duo ca-
418 670 1868 724 lefacientia vniformiter nullum ordinem habent inter se, similiter nec duo calefacta. Propter quod li
424 713 1877 762 cet illa difformitas se habendi ad motum inter calefaciens & calefactum non sit sine relationibus
428 760 1875 818 propriiis: ista tamen conformitas se habendi ad motum duorum calefacientium vel duorum ca-
422 807 1865 860 lefactorum est sine omni relatione communi inter calefacientia aut inter calefacta: quia ex conformitate
423 849 1878 908 inter duo non est nata sequi relatio communis: nisi sit illa conformitas in aliquo absoluto. Cum ve-
416 897 1866 951 ro est in relatiuo, qualis est conformitas inter duo calefacientia: in eo scilicet quod vniformiter se habent
416 941 1868 1001 ad calefacta, aut econuerso: secundum illam nulla omnino nata est sequi relatio communis: quia non
421 990 1155 1047 est nata fundari super relationem. vt dictum est.
702 1037 1866 1125 Irca quartum arguitur quod non singulum genus relationum communium in sin
708 1123 1869 1170 gulo dictorum trium generum praedicamentorum habeat fundari: sed potius singulum
710 1155 1866 1204 in quolibet, primo sic. In illis habent fundari relationes cones secundum quae relata are
705 1201 1868 1258 latione communi denominantur: puta identitas habet fundari in illis secundum quae ali
705 1246 1867 1309 qua dicuntur eadem: aequalitas in illis secundum quae dicuntur aequalia: similitudo in il-
705 1294 1876 1350 lis secundum quae dicuntur similia. Sed secundum singula genera praedicamentorum aliqua de
417 1338 1860 1396 nominantur eadem aequalia & similia. in quolibet enim genere sunt aliqua eadem numero specie & ge
424 1393 1862 1439 nere. sunt etiam aequalia in quolibet genere illa quae sunt sub eadem specie specialissima: quae etiam sunt
423 1423 1860 1483 similia secundum superius determinata. ergo &c. ⁋ Secundo sic. relationes quae sequuntur differentias &
416 1469 1870 1529 convenientias omnium generum entis, in omnibus generibus fundantur: quia non sequuntur illa nisi ex fundatione sua
410 1518 1860 1576 in illis. singula dicta genera relationum communium consequuntur differentias & convenientias omnium geneum entis: quia
419 1556 1857 1617 quodlibet duorum entium vnum est idem alteri: aut diuersum ab eodem secundum praedicta: aut etiam quaelibet duo
426 1619 1869 1664 entia aut aequalia sunt in gradu entis aut inaequalia, & quaecumque sunt sub eodem genere, aut cadunt sub
426 1650 1868 1708 adem differentia generis, aut sub alia & alia: & ideo aut similia aut dissimilia. ergo &c. ⁋ In contrarium
418 1695 1859 1760 est philosophus, qui non ponit idem & diuersum nisi in substantia: aequale & inaequale nisi in quanti
413 1737 1176 1805 tate: simile autem & dissimile non nisi in qualitate.
426 1775 1870 1856 ⁋ Dico quod singulum trium praedicamentorum, substantiae scilicet, quantitatis, & qualitatis
411 1841 1858 1894 aut large accipitur, aut stricte. Substantia enim stricte accepta nominat solummodo rem absolutam secundum se & in se
416 1891 1860 1948 existentem: quae est proprie de praedicamento substantiae. Sustantia autem large accepta nominat quancumque rem prout ha-
419 1933 1854 1993 bet modum substantiae scilicet praedicandi de se vel de alio in eo quod quid, vt tactum est in quaestione praecedente. Quantitas
409 1973 1868 2037 autem stricte accepta nominat solummodo rem absolutam de praedicamento quantitatis. Quantitas vero large acce
425 2023 1857 2072 ota nominat quancumque rem prout his modum quantitatis: in praedicando scilicet de aliquo subiecto in eo quod quantum. &
419 2069 1873 2128 hoc siue in eo quod quantum quantitate molis: qualiter praedicantur illa quae pertinent proprie ad praedicamentum quanti
424 2114 1872 2165 tatis: siue in eo quod quantum quantitate perfectionis essentialis aut virtualis: qualiter praedican
410 2163 1866 2219 tur illa quae communiter sunt quantitates. Qualitas etiam stricte accepta nominat solummodo rem abso
415 2201 1867 2265 lutam de praedicamento qualitatis: qualitas vero large accepta nominat quancumque rem habentem in praedican
422 2248 1858 2307 do modum qualitatis: in praedicando scilicet in eo quod quale, & hoc siue in eo quod quale qualitate accidentali
414 2291 1856 2348 qualiter praedicantur de suis illa quae sunt proprie de praedicamento qualitatis: siue in eo quod quale qualitate sub
413 2337 1856 2391 stantiali, qualiter praedicatur differentia constitutiua in quolibet praedicamento de specie quam constituit. Stricte
411 2381 1858 2446 autem sumendo substantiam quantitatem aut qualitatem: Dico quod singulum geners relationum communium in singulo trriun
411 2430 1869 2490 praedicamentorum absolutorum habet fundari. Quia in substantia stricte accepta cuiusmodi sunt indi-
421 2475 1869 2529 uidua species & genera in praedicamento substantiae, non habent fundari nisi idem & diuersum. In quantitate
420 2512 1850 2570 vero stricte accepta vt comparatur ad subiectum, non nisi aequale & inaequale: in qualitate vero
414 2558 1866 2619 stricte accepta, non nisi simile & dissimile: secundum quod procedit vltima ratio. Large autem sumen-
420 2605 1867 2672 do substantiam quantitatem & qualitatem, Dico quod singulum genus relationum communium sun
420 2648 1851 2714 datur in quolibet trium generum praedicamentorum praedictorum, vt procedunt duae primae ra
417 2692 1866 2769 tiones. ldem enim & diuersum non solum fundantur super res existentes in praedicamento sub
