2017 3197
429 259 1889 332 stricte, quam secundum qualitatem communiter acceptam: quod solummodo secundum ipsam consequi-
425 318 1889 370 tur diuersum secundum speciem specialissimam. Quaecumque enim qualitates sunt diuersae genere: puta co
432 369 1887 429 lor & sapor, secundum illas non dicuntur aliqua dissimilia: sicut neque similia: sapor enim colori, aut
422 414 1876 468 saporabile colorato nec simile nec dissimile dicitur. Similiter rationale & irrationale nec similia
417 460 1881 512 nec dissimilia dicuntur inter se: nec subiecta quae habent illa, secundum illa similia aut dissimilia di-
427 506 1883 561 cuntur, quia nec talia nec talia nata sunt dici secundum illa. Et commune est etiam simili cum aequa
422 548 1883 598 li, quod solummodo consequuntur idem specie & diuersum numero. Quaecumque enim habent easdem qualita
423 595 1888 646 tes specie, differentes solo numero, sunt similia: puta duo alba, aut duo rationalia. Quia enim vnus
431 639 1882 689 homo dicitur similis alteri substantialiter, non est nisi secundum differentiam rationalitatis: non autem
427 683 1881 743 secundum genus animalitatis, neque secundum totalitatem ipsius speciei specialissimae: cuius pars formalis est
418 731 1872 784 rationalitas. Similiter quod vnus homo dicitur similis alteri accidentaliter: non est nisi secundum qua-
429 776 1882 819 litatem accidentalem specificam: puta albedinem aut nigredinem: non autem secundum qualitatem conem
424 825 1874 880 genere: puta colorem aut saporem. sicut quod aliqua dicuntur aequalia siue mole siue perfectione, non est nisi
415 870 1878 922 secundum quantitates easdem specie: differentes solum numero, quia in solis illis est vera conformitas qua
432 911 1880 972 vere concurrunt per vnionem in vnum: quae non est in eisdem genere differentibus specie specialissima, eo quod dif
422 957 1872 1011 ferunt formis quae sunt differentiae specisicae: sub quibus etiam diuersificatur ratio & natura generis. Pro-
429 1004 1870 1059 pter quod latent aequiuocationes in genere, vt dicitur. vii. physico. & non est pura vniuocatio nisi in spe
431 1051 1874 1102 cie: vt dicitur ibidem. Est autem proprium dissimili in quo differt ab inaequali quantitate molis aut vir-
422 1091 1866 1146 tutis siue perfectionis virtualis, quod dissimile non est aliquid alteri nisi secundum qualitates substantia
421 1135 1875 1188 les aut accidentales, differentes sola specie specialissima: puta secundum rationale & irrationale. secundum
426 1180 1872 1239 album & nigrum. Non enim secundum qualitates eiusdem speciei specialissimae dicuntur nisi similia. & secundum
422 1228 1874 1281 qualitates differentes genere: puta secundum albedinem & saporem: aut secundum rationale & inaiatum: neque si-
426 1271 1874 1329 milia dicuntur neque dissimilia. ⁋ Est autem aliquid alteri inaequale quantitate molis aut virtutis non ni
421 1318 1868 1379 si secundum quantitatem eandem specie specialissima: puta linea est lineae inaequalis secundum alium & alium gra-
424 1362 1869 1412 dum longitudinis, & album albo inaequaliter est album secundum gradum alium & alium albedinis. Quae vero
422 1404 1872 1456 sunt quantitatiue diuersarum specierum. secundum illas neque dicuntur aequalia neque inaequalia. Non enim hnea di-
427 1449 1881 1496 citur aequalis vel inaequalis superficiei aut album nigro: quia in solis illis quae sunt eiusdem speciei est
422 1493 1868 1547 vera secundum gradum eundem conformitas molis aut virtutis: & difformitas secundum gradus diuer-
418 1541 1880 1605 sos: licet secundum quantitatem perfectionis essentialis inaequalitas consequitur in omnibus diuersitatem
426 1589 1878 1640 quaecumque enim sunt diuersa specie aut genere, sunt inaequalia perfectione essentiali sicut dictum est.
423 1637 1866 1698 ⁋ Sumendo autem substantiam quantitatem aut qualitatem stricte: sic non habent esse in diuinis: sed so-
420 1678 1871 1737 lummodo vt large accipiuntur ad omne se habens modo substantiae quantitatis aut qualitatis in creatu-
416 1725 1877 1786 ris existentis. Deitas enim in diuinis se habet modo substantiae quae nominat quid: persona autem se
421 1768 1875 1822 habet per modum substantiae quae nominat quem. & respondetur deitas vel deus ad interrogationem
416 1812 1862 1877 factam in diuinis per quid, pater aut filius aut spiritus sanctus per interrogationem factam per quis: & in
406 1862 1860 1916 diuinis non fundatur super hoc nisi identitas. Bonitas autem sapientia & huiusmodi in diuinis se habent mo
416 1903 1866 1969 do qualitatis: & respondentur in diuinis ad interrogationem factam per quale. Magnitudo autem aeter-
412 1948 1861 2012 nitas infinitas immensitas & huiusmodi in diuinis se habent modo quantitatis. Respondentur enim ad inter
409 1998 1876 2056 rogationem factam per quantum. Et in diuinis super huiusmodi qualitates & quantitates secundum quod consideran
421 2044 1876 2094 tur secundum se: bene fundatur identitas, sicut in creaturis fundatur super res singulorum praedicamentorum vt
410 2082 1871 2151 secundum se considerantur & in ordine ad illa quae sunt sui generis. Secundum autem quod quantitas aut qualitas
412 2129 1872 2195 huiusmodi considerantur in diuinis in ordine ad id quod in diuinis dicit quid aut quis: cuius sunt sicut dis
421 2178 1857 2241 positiones: super qualitatem non fundatur nisi similitudo, & super quantitatem non nisi aequalitas, etiam cum
410 2221 1862 2274 huiusmodi quantitas incidit in qualitatem: dicendo quod sapientia dei aut bonitas est magna aeterna siue infi-
410 2271 1862 2325 nita. Sic enim bonitate aut sapia personae dicuntur inter se aequales. ⁋ Ex dictis patent argumenta ad vtram
420 2307 1865 2390 quod partem adducta: ex quibus etiam in magna parte patet qualiter vniformiter vel difformiter relationes
428 2358 1797 2424 ones habent fundari in dictis tribus: de quo sermo habitus est in secunda quaestione praecedenti huius articuli.
703 2398 1868 2468 Irca quintum arguitur quod super idem penitus non habent fundari relationes commu-
694 2456 1860 2502 nes reales diuersae: Primo sic. Relationes reales non sunt diuersae nisi diuersa rea
705 2492 1865 2559 litate: diuersam autem realitatem contrahere non possunt ab eodem reali funda-
704 2533 1854 2608 mento: quia non potest trahi ab aliquo quod non est in illo. & in eodem penitus
697 2591 1865 2650 reali non sunt realitates diuersae: nec habent relationes aliquam realitatem ni
569 2625 1860 2686 si a fundamento: vt alias declarauimus: ergo super idem reale penitus funda-
413 2674 1862 2744 ri non possunt. ⁋ Secundo sic. Relationes diuersae non sunt nisi aut adinuicem oppositae aut dispa-
404 2717 1869 2786 ratae. Sed relationes communes reales oppositae fundari non possunt super idem: quia relatio realis
