2017 3154
161 249 1602 319 communis non est nisi in creaturis secundum idem & diuersum in genere & specie: & secundum aequa
164 311 1605 357 le & inaequale, simile & dissimile, in quibus relationes contrariae non fundantur nisi super re diuer-
164 354 1596 399 sa. similiter nec relationes communes disparatae fundari possunt super idem penitus: quia tales non
171 394 1599 445 sunt nisi idem aequale simile inter se: atque eorum contraria, quae non distinguuntur realiter nisi secun-
170 437 1622 492 dum distinctionem praedicamentorum in quibus fundantur. ergo &c. ⁋ In contrarium est quod super idem
171 479 1599 538 reale fundantur in creaturis simile & dissimile, quia idem album eadem albedine simile est alteri albo,
169 526 1598 594 & dissimile nigro. Similiter idem homo eadem humanitate est alteri homini idem aequalis & similis.
176 585 1587 647 ⁋ Dico quod relationes communes reales diuersae possunt imaginari & super idem fun-
177 642 1596 697 dari tripliciter. scilicet aut in comperatione ad vnum & idem correlatiuum: aut in comparatione illarum in-
170 682 1589 747 ter se: aut illarum ad diuersa. Primo modo est omnino impossibile, quia ad vnum non est relatiuum plusquam
180 729 1593 785 vnum vnica relatione: vt ad vnum filium non est relatiuus nisi vnus pater, & vnica sola paternitate,
171 774 1593 834 licet vnum vnica relatione possit referri ad plura: & illa econuerso pluribus relationibus ad vnum: vt
174 820 1590 876 vnus pater ad plures filios vnica paternitate, & plures filii pluribus filiationibus ad vnum patrem.
177 862 1589 914 Secundum similiter est impossibile in relationibus communibus realibus: licet sit possibile in relationi-
157 908 1593 962 bus rationalibus, vt in identitate numerali in creaturis: & in omnibus relationibus communibus in diui-
170 952 1590 1006 nis: & etiam in relationibus propriis in diuinis in quibus omnes relationes fundantur super idem: &
166 993 1593 1043 absque quocumque extraneo: & similiter in creaturis in relationibus actiuorum & passiuorum mediam
172 1039 1590 1089 te aliquo extraneo: vt contingit circa voluntatem, in qua motiuum & motum habent oppositas rela-
164 1085 1590 1134 tiones inter se fundatas super idem. secundum quod declarauimus in quadam quaest. xiiii. Quolibet super hoc mo
164 1130 1584 1186 ta. Tertium autem est possibile, vt procedit vltima obiectio, & bene. sic enim duo est aequale duobus
167 1168 1587 1242 & maius vno, & minus tribus, & ad illa tria tribus relationibus realibus diuersis fundatis super
161 1219 701 1291 idem & vnum re absoluta refertur.
165 1250 1599 1343 ⁋ Quod ergo arguitur primo contra hoc quod relationes reales non sunt diuersae nisi
171 1332 1583 1384 diuersa realitate: Dico quod hoc non est verum nisi de illis quae sunt fundatae in diuersis secundum rem. Si
162 1380 1592 1425 enim in eodem secundum rem sunt fundatae: licet sint inter se oppositae: non oportet quod si sunt reales, sint
171 1419 1592 1469 diuersae diuersa realitate. vt secundum iam dicta contingit de omnibus relationibus realibus in diuinis,
169 1464 1585 1510 & in mouente & moto circa voluntatem in creaturis. De relationibus autem disparatis non inter
178 1507 1596 1564 se oppositis relatiue, sed ad alia diuersa: similiter non est verum vt in propositis. Est ergo sciendum
169 1557 1589 1609 quod relatio primo ab alio habet quod sit relatio: & secundo ab alio hyus quod vna sit diuersa ab alia: & tertio hy
165 1599 1590 1653 ab alio quod sit realis: & quarto habet ab alio quod nunero sit diuersa ab alia diuersa realitate. Habet enim
172 1646 1588 1698 relatio quod sit realis a fundamento reali tantum: & a fundamento diuerso reali habet quod sit diuersa ab alia
161 1685 1586 1733 diuersa realitate: & econtra ab vnitate fundamenti realis habet quod sit alia & alia realis vna realitate.
171 1731 1583 1783 Habet autem quod sit relatio simpliciter: quia est ad aliud simpliciter, vt ad oppositum: quod est sibi pro-
167 1776 1596 1832 prium ex ratione sui praedicamenti Propter quod dicunt aliqui quod in hoc consistit esse quiditatiuum
164 1828 1600 1875 relationis: licet non dicat nisi modum purum. Habet autem vna relatio quod sit diuersa ab alia: quia
170 1867 1589 1915 vna est ad aliud quam sit alia. Intelligo autem hoc de diuersitate relationum secundum formam & spe
173 1909 1593 1963 ciem. Sic enim non sunt diuersae nisi quia sunt ad diuersa secundum formam & speciem. Puta simili-
165 1956 1592 2005 tudo & dissimilitudo fundatae in vna albedine non sunt diuersae relationes secundum speciem: nisi quia sunt
170 2003 1598 2052 ad alia & alia secundum speciem: puta ad similitudinem fundatam in alio albo, & ad dissimilitudinem fun
161 2046 1595 2095 datam in contrario nigro. Loquendo autem de diuersitate secundum numerum: hanc non habent relationes
165 2088 1595 2143 diuersae nisi quia sunt in diuersis: puta diuersae filiationes in diuersis filiis: quae sunt ad eandem pater-
158 2132 1591 2184 nitatem in eodem patre. Et de diuersitate tali relationum, scilicet secundum numerum: bene verum est quod
163 2183 1592 2230 non sunt relationes reales diuersae inter se nisi diuersa realitate: quia ab eisdem scilicet a fundamen-
164 2215 1591 2272 tis diuersis, habent quod sunt reales, & quod sunt diuersae. Vnde relationes reales diuersae secundum numerum
158 2261 1593 2322 solum, nequaquam possunt fundari in vno absoluto secundum rem. Vnde & in diuinis diuersae paternita-
164 2304 1593 2360 tes aut filiationes esse non possunt: nisi in eodem numero fundarentur, & solo numero differrent
164 2348 1590 2405 Propter quod & filiatio quae est in homine & in asino: quia non fundantur in differentibus solo nume-
161 2393 1591 2449 ro, necessario differunt specie. ⁋ Quod assumitur vlterius in argumento, quod relatio diuersam realitatem
167 2440 1590 2496 contrahere non potest ab eodem reali fundamento. &c. Dico quod bene verum est loquendo de eodem
169 2481 1589 2541 fundamento proximo. vnde similitudo & dissimilitudo fundatae in eadem albedine respectu diuersorum
157 2529 1588 2582 sunt diuersae relationes reales siue secundum rem diuersae: Dico specie: sed tamen vnica realitate secundum numerum
158 2576 1592 2629 Non autem est verum loquendo de eodem fundamento remoto. vnde paternitas & filiatio in diuinis reali-
170 2618 1592 2677 tate diuersa sunt diuersae relationes, quia prnitas fundatur in substantia deitatis ratione illa qua ipsa est res
164 2660 1588 2733 siue potentia actiua, filiatio vero fundatur in eadem substantia ratione illa qua est vis siue potentia
