2017 3218
415 283 1904 333 ⁋ Tertio ad principale sic. Damai. dicit libl. is. capit. xi. Hypostaseon vnumquodque se habet ad alterum
416 323 1898 380 non minus quam ad seipsum, quare neque magis. quod patet ex causa dicti sui quam continuo adiun-
428 378 1889 431 git subdens. Quoniam secundum omnia sunt vnum pater & filius & spiritus sanctus praeter inge
419 415 1895 475 nerationem, generationem, & processionem. Sicut autem propter vnum quod sunt hypostaseon vnun-
426 460 1895 521 quodque se habet ad alterum non minus quam ad seipsum, sic nec magis, quia sicut vnum aliquid quod
422 505 1901 559 sunt: non est minus in vno illorum quam in altero: sic nec magis sunt tres hypostases vnum commu
422 550 1889 612 niter, quam vnumquodque illorum per se, quare cum quaelibet diuinarum personarum ad alterum vnifor-
417 591 1899 657 miter se habet secundum identitatem & similitudinem: quia quaelibet diuinarum personarum vni
423 642 1898 694 formiter alteri est eadem, aequalis, & similis: ergo & secundum easdem relationes ad seipsam se ha
432 688 1887 745 bet vniformiter, vt vniformiter dicatur idem aequalis & similis sibi. Sed secundum relationes dictas non
429 736 1899 788 se habet nisi ad alium vel ad se, ergo relata non vniformiter se habent ad minus in diuinis in di-
428 774 1903 845 ctis relationibus. ⁋ In contrarium est quod in diuinis relata non plus differunt realiter quam re relationis,
423 828 1892 885 quae in diuinis differunt re simpliciter & absolute. & in relationibus aequalitatis & similitudinis
434 882 1889 930 & identitatis, nunquam differunt relata ratione tantum, quia non est relatio aequalitatis aut similitudinis
426 923 1886 980 eiusdem ad seipsum. Secundum Magistrum enim sententiarum dist. xxxi. nihil est simile sibi: aut aequale sibi
420 962 1897 1039 ipsi. Similitudo enim (vt ait Hilarius lib. iii. de trinitate. parum ante finem) sibiipsi non est. In hoc autem est
415 1011 1677 1073 magna diuersitas in diuersis rebus: & in diuersis relationum generibus. ergo &c.
416 1083 1901 1164 ⁋ Dico quod in singulis rebus & diuinis scilicet & creatis, relata vniformiter sunt
415 1137 1894 1203 alia abinuicem in hoc quod & in illis & in istis est reperire relata diuersa re & diuersa. ratione: prae-
415 1186 1901 1254 ter hoc quod aliter est talis differentia relatorum in diuinis & in creaturis: quo ad hoc scilicet quod in
419 1241 1899 1299 diuinis non est differentia relatorum nisi re relationis: in creaturis autem est re absoluta, vt tangitur in vlti
421 1283 1893 1347 mo obiecto, in quo difformitas est. Quo ad diuersitatem vero secundum rationem non est vnifor
416 1331 1892 1377 mitas in diuinis & in creaturis in relatione identitatis aut in relatione aequalitis aut similitudinis.
423 1374 1885 1435 Aliquid enim sibi non est idem: puta in diuinis deitas deitati, paternitas paternitati: pater sibi: filius
416 1415 1899 1481 sibi: spiritus sanctus sibi: & in creaturis materia sibi, & forma sibi, & compositum quodlibet sibi. Ni-
428 1465 1888 1529 hil enim tam in diuinis quam in creaturis est sibiipsi aequale aut simile. Et in hoc est magna difformi
423 1514 1885 1576 tas relatorum secundum rationem in diuersis generibus relationum: vt ostendit vltima ratio in
426 1557 1891 1607 hoc articulo: quod in relatione identitatis relata quandoque differunt secundum rationem tantum:
426 1603 1894 1656 quandoque autem secundum rem: in relatione vero aequalitatis & similitudinis semper differunt secun-
420 1647 1889 1702 dum rem tantum, licet aliter in diuinis, & aliter in creaturis sumatur ista realis differentia relato-
422 1686 1893 1754 rum, sicut dictum est. In identitate autem relata differunt secundum rem, vt quando in diuinis per-
415 1740 1888 1790 sona dicitur eadem personae: sicut pater filio: & quando in creaturis suppositum dicitur idem sup
429 1780 1891 1833 posito specie aut genere. ldentitate autem numerali in creaturis nunquam relata differunt plusquam se-
415 1834 1881 1885 cundum rationem. Nec in diuinis autem nec in creaturis dicitur quicquam aequale aut simile sibi: cuius
409 1884 1890 1933 ratio est (prout tactum est in secunda quaestione articuli praecedentis) ex parte identitatis: quod relatio
411 1926 1884 1981 identitatis fundatur in substantia: immo secundum praedicta in quacumque re, secundum quod habet rationem suba
423 1966 1896 2024 stantiae. Secundum rationem autem substantiae res habere potest duplicem considerationem. Vnam sci-
418 2015 1890 2069 licet secundum quod est aliquod ens in se & secundum se. & sic super substantiam fundatur identitas qua
426 2065 1884 2116 vnumquodque secundum quod consideratur secundum se, & secundum id quod est, & vt existens vna siue genere vna, siue
422 2105 1893 2161 specie vna, siue numero, dicitur idem sibi secundum totum quod est. Et sunt in hac relatione idem secundum
409 2157 1884 2205 rem relatum & ad quid est relatio & ipsum fundamentum relationis: diuersa autem secundum ratio
413 2200 1890 2259 nem. Aliam vero considerationem habet res etiam secundum rationem substantiae considerata, vt sci-
420 2236 1897 2300 licet est aliquid existens in supposito, seu suppositi: & sic super ipsam fundatur identitas qua habem
413 2287 1893 2337 tes seu habentia in se vnam substantiam dicuntur eadem sibi: & hoc in creaturis, siue habeant in
413 2335 1896 2390 se substantiam tantum genere vnam, secundum quod homo & asinus dicuntur idem animal siue in animali, si-
422 2383 1886 2438 ue tantum specie vnam, secundum quod Petrus & Paulus dicuntur idem homo, vel idem in homine: inquam
411 2424 1881 2485 tum secundum Porphyrium, participatione speciei plures homines sunt vnus homo, & eadem ratione par
421 2467 1881 2517 ticipatione generis plura animalia sunt idem animal. Et dicuntur supposita sub eodem genere aut
410 2515 1881 2570 specie inter se idem identitate fundata super essentiam generis & speciei: vt est aliquid existens in
409 2560 1888 2616 suppositis & habitum ab illis: & ipsum suppositum habens in se illud, est totum quoddam compo
411 2606 1884 2658 situm ex essentia speciei aut generis & ratione suppositi. de qua compositione in creaturis habi-
414 2655 1882 2710 tum est longe superius. In diuinis autem secundum hunc modum considerationis substantiae super
423 2694 1893 2746 substantiam deitatis quae tantum vnica & singularis est: fundatur identitas qua diuinae personae
410 2745 1886 2809 habentes illam in se vt aliquid sui, dicuntur eaedem sibi. Et est quaelibet personarum diuinarum quasi
