2017 3201
422 243 1892 333 uit: Et communiter conveniunt vnicuique trium hypostaseon. Et primo modo procedit argumentum
403 315 1897 371 acsi l eorum referret ly hypostaseon quod immediate praecedit. Sic enim illa est falsa quae assumprta
416 360 1899 415 est in argumento: Vnumquodque hypostaseon ad alterum non magis se habet quam ad seipsum. Haec autem
415 406 1895 463 falsa est in hoc videlicet quod vnumquoque hypostaseon ad alterum dicitur triplici modo relationis con-
424 458 1903 507 munis: ad seipsum autem non dicitur nisi primo modo identitatis: & sic se habet ad alterum: in hoc
418 492 1892 557 quod pluribus modis relationum se habet ad alterum quam ad seipsum. Sed secundo modo intelligit Dam.
422 543 1891 596 uod scilicet P eorum referat illa quae praenarrauerat ipse immediate, quando loquens de diuinis dixit sic.
418 583 1903 642 lllic commune & vnum re consideratur propter identitatem substantiae, & operationis, & voluntatis,
426 629 1896 683 & potestatis, & virtutis, & bonitatis. Non dixi similitudinem: sed identitatem. vna enim substantia, vna
424 675 1895 727 bonitas, vna virtus, vna voluntas, vna operatio, vna potestas, vna & eadem, non tres similes adinuicem
425 725 1904 774 trium hypostaseon. Et tunc sequitur assumptum in argumento. Vnumquodque enim eorum habet se
426 765 1892 816 ad alterum non minus quam ad seipsum: hoc est quoniam secundum omnia &c. vt tactum est in argumento. Et
425 809 1909 861 ideo sic expone dictum illius. Vnumquodque enim eorum scilicet praedictorum, puta substantiae, operationis, vo-
425 852 1902 918 luntatis, & caeterorum attributorum essentialium quae sunt aliquid ipsorum hypostaseon. Non autem
430 898 1904 955 sic vt sumit argumentum: eorum scilicet hypostaseon, non minus se habet ad alterum quam ad seipsum. Quod spe
426 950 1898 1000 cialiter intelligit Boethius de habere se ad alterum per identitatem: non autem per similitudinem aut aequa
424 990 1901 1047 litatem. Vnde immediate de similitudine praemisit dicens. Non dixi similitudinem: sed identitatem. Vna
426 1038 1895 1088 est enim substantia &c. Non tres similes substantiae scilicet sunt, aut tres operationes, & caetera huiusmo-
426 1083 1895 1143 di quae sunt adinuicem trium hypostaseon. Quod reuera dixit propter Semiarrianos: qui vnitatem sin
439 1129 1901 1186 gularitatis substantiae negabant in patre & filio: sed conformitatem substantiae communis asserebant
435 1168 1908 1226 vt infra in dissolutione rationis secundae quaestionis sequentis exponetur. Qui etiam per eundem modum
434 1216 1898 1270 asserebant in caeteris attributis substantialibus diuinarum personarum non vnitatem singularita
419 1263 1905 1317 tis: sed conformitatem solummodo alicuius communis. Vnde expone quod dixit Boethius, Vnumquodque
431 1308 1895 1360 eorum non minus se habet ad alterum quam ad seipsum, sic. Ad alterum, puta substantia ad operatio-
419 1358 1902 1412 nem & ad quodcunque caeterorum: aut econuerso: quam ad seipsum, puta substantia ad substantiam: ope-
425 1403 1898 1457 ratio ad operationem: & sic de caeteris. Quantum enim in diuinis substantia eadem est substantiae scilicet vnitate
428 1443 1901 1498 singularitatis: non conformitate alicuius communis: similiter & operatio opeationi: & sic de caeteris:
438 1486 1908 1545 tantum substantia eadem est operationi, & caeterorum vnicuique: & econuerso quodlibet illorum cui
426 1534 1905 1593 libet alteri: & substantia quae est in vna parte, non minus sed aequaliter est eadem substantiae quae est
429 1578 1911 1630 in altera, quam ipsa sibi vt est in vna personarum. & sic de operatione, voluntate, & caeteris substantiali-
425 1622 1913 1676 bus seu essentialibus attributis: secundum quod dicit litera sequens assumpta in argumento ad proba
437 1671 1896 1720 tionem illius, Hoc est quoniam secundum omnia sunt vnum &c. Per quod bene probatur quod vnumquodque talium non
431 1713 1904 1765 solum minus se habet ad alterum secundum identitatem quam ad seipsum: nec etiam magis: sed omnino vnifor
431 1757 1903 1811 miter atque aequaliter. Et secundum hunc modum intelligit illud dictum suum Boethius. Hypostaseon
431 1803 1897 1857 se habet ad alterum non minus quam ad seipsum. Et verum est etiam quod nec magis, secundum quod procedit pro
425 1850 1895 1900 batio sua & bene. Secundum praedictum autem primum modum non intelligit illud: nec secundum illud
426 1899 1903 1945 procedit aut procedere potest probatio. Licet enim quia pater & filius & spiritus sanctus secundum omnia
434 1943 1901 1994 substantialia sunt vnum: & ideo non minus vnumquodque illorum se habet ad alterum per identitatem de qua
434 1985 1900 2031 loquitur, nec magis quam ad seipsum: sed vniformiter secundum rem: tamen bene se habet vnaquaeque personarum
434 2027 1896 2080 secundum relationes communes aequalitatis & similitudinis minus ad alteram quam ad seipsam: in hoc vi
436 2074 1902 2124 delicet quod ad alteram dicitur quaelibet illarum similis & aequalis: nulla autem ad seipsam, vt patet ex
430 2118 710 2179 iam determinatis.
692 2194 1907 2268 lrca tertium arguitur quod non in qualibet habitudine relationum communium
701 2252 1899 2304 relationes extremae sint aliae & aliae abinuicem, Primo communiter in diuinis & in
710 2305 1901 2355 creaturis, sic. Si relationes communes in extremis suis essent aliae abinuicem: pu
705 2343 1906 2400 ta vt similitudo in vno similium esset alia a similitudine in alio similium: hoc non
710 2390 1896 2438 esset nisi ad alietatem relatorum sequeretur alietas relationum in ipsis existentium
589 2406 1896 2479 u, m hoc autem falsum est: quia tunc secundum modum alietatis relatorum esset alie
552 2473 1908 2538 cengau tas relationum in ipsis: sicut secundum modum alietatis hominum est alietas ri-
445 2523 1902 2584 sibilitatum in ipsis, quod similiter falsum est: quia relata secundo modo identitatis & aequalitate & si
443 2572 1909 2628 militudine semper re distinguuntur: non sic autem relationes existentes in illis, vt patet in aequalitate
437 2615 1905 2663 & similitudine & identitate diuinarum personarum inter se: in quibus quia sunt relationes secun
428 2661 1901 2715 dum rationem tantum: non sunt extrema nisi secundum rationem: & tamen personae relatae sunt aliae abinui-
401 2704 1893 2783 a ce secundum rem. ergo &c. ⁋ Secundo sic. vbi non est distinctio fundamentorum nec relationum funda tarum in
