2017 3235
125 293 1597 376 vitam politicam. Vnde subtractus a vita politica ad contemplatiuam, morales siue politicas vir-
119 365 1587 418 tutes habere non dicitur. Vir enim eremita nec bonus est, nec malus bonitate politica secundum con
126 409 1581 471 mentat. super. ix. metaphysicae, quare cum deus summe est contemplatiuus, ergo &c. ⁋ Quarto sic.
128 450 1585 509 secundum philosophum. vi. Ethicorum, non est moralis virtus sine prudentia. & secundum ipsum ibidem, pru
115 501 1587 558 dentia est consiliatiua de eis quae sunt ad finem. in deo autem non est consilium, quare in deo non
120 549 1584 611 est prudentia: & per consequens nec aliqua aliarum virtutum moralium. ⁋ Contrarium patet. quoniam
129 592 1276 644 deus dicitur iustus pius & huiusmodi: quae ad virtutes morales pertinent.
111 629 1579 710 ⁋ Dicendum ad hoc cum eis quae dicta sunt de habitibus in deo in praecedenti quaestione
122 695 1585 762 & in quaestionibus de habitibus intellectus diuini: quod secundum superius determinata quaecunque
111 734 1592 791 in creaturis secundum sui nominis rationem important quod est perfectionis simpliciter sine
113 782 1585 851 omni ratione imperfectionis, in deo ponenda sunt: & ab ipso remouenda quaecunque rationem imper
113 830 1581 897 fectionis important inquantum huiusmodi: ita etiam, quod siqua important quod est perfectionis sima
111 879 1581 933 pliciter secundum aliquid, & secundum aliquid aliud imperfectionis, secundum illud quod habet ra
113 926 1584 976 tionem perfectionis simpliciter, in deo ponenda sunt: non autem secundum id quod habet rationem
114 964 1595 1017 imperfectionis, nisi per similitudinem & quandam metaphoram. Vnde cum in virtutibus per-
112 1012 1593 1076 fectio & imperfectio considerantur ex parte finis siue obiecti: & ex parte actionis quam eliciunt
111 1059 1588 1120 quando ratione amborum vel alterius tantum perfectionem, vel imperfectionem important: secundum
105 1108 1575 1168 modum quo perfectionem important deo debent attribui: & non secundum quod important imperfe-
116 1145 1584 1203 ctionem. ⁋ Est igitur sciendum quod generaliter omnes morales virtutes secundum quod cadunt in vsum
114 1193 1584 1262 hominum, ad hominis actiuam vitam regendam pertinent: & inquantum huiusmodi circa vsum particularium bonorum
118 1240 1584 1302 quae ad necessitatem naturae humanae pertinent propter eius imperfectionem: & in hoc rationem im-
113 1285 1581 1337 perfectionis ex obiecto & actu suo important: secundum hoc igitur nulla virtus moralis omnino
116 1336 1580 1394 in deo ponenda est. Vnde cum secundum Plotinum (vt scribit Macrobius loquens de. iiii. virtutibus
111 1369 1586 1439 tardinalibus, inter quas sunt tres morales, & prudentia quae est earum auriga) quatuor sunt
111 1420 1584 1485 quaternarum genera virtutum: & ex his primae politicae vocantur: secundae purgatoriae: tertiae animi
113 1466 1583 1523 iam purgati: quartae exemplares: & sunt Politicae quibus boni viri reipublicae consulunt, vrbes
114 1514 1593 1572 tuentur, parentes venerantur, liberos amant, proximos diligunt, ciuium salutem gubernant: & cae
109 1559 1582 1614 tera quae enumerat: Purgatoriae vero sunt inquantum ab his ad diuina animum retrahunt: Pur
110 1608 1578 1660 gati vero animi inquantum animum omnino innixum diuinis ab his expeditum tenent: & cum in
110 1654 1575 1702 quolibet istorum trium generum vel positiue, vel abnegatiue huiusmodi particularia vt obiecta
100 1695 1583 1758 habent: Idcirco dicendum quod morales virtutes secundum quod sunt politicae, vel purgatoriae, vel purga
113 1740 1586 1803 ti animi, in deo cadere non possunt: vt deus secundum ista tria genera, neque fortis, neque temperans,
114 1787 1578 1837 neque iustus, neque prudens poterit dici nisi metaphorice. Et hoc, quia licet dictae virtutes & actiones
101 1825 1572 1896 circa quas sunt: vel aliquae earum secundum rationem sui generis, non qua dicuntur politicae, pur-
103 1877 1584 1928 gatoriae, vel purgati animi: sed qua dicuntur prudentia, iustitia, fortitudo & huiusmodi, ex re-
98 1922 1572 1985 bus humanis non dependent: & secundum hoc in deo cadere possunt vt iam dicetur: secundum tamen quod
105 1966 1578 2023 ad res humanas contrahuntur & determinantur: & per hoc ex illis specialem rationem generis su
91 2009 1584 2066 munt: vt dicantur politicae, purgatoriae, vel purgati animi: quemadmodum curuum per hoc quod habet
87 2056 1570 2107 esse in naso, habet rationem. simi: nullo modo habent esse in deo, neque debent ei attribui: sed secundum
98 2104 1575 2161 quod accipiuntur vt non determinatae ad particulares rationes aut passiones humanas, sed generaliter
92 2160 1577 2214 ad quaecunque applicanda: hoc modo solummodo vere habent esse in deo: & dicuntur vniuersales
99 2196 1580 2257 & exemplares respectu illarum quae cadunt in vsum humanum: & quasi siuunt istae ab illis, sicut ab ar
87 2234 1581 2289 chitectonica abstracta fluit vsualis ad materiam determinatam applicata. Vnde dicit Macrobius.
111 2282 1577 2338 uartae sunt quae in ipsa mente diuina consistunt: a quarum exemplo reliquae omnes per ordinem de-
104 2315 1568 2380 suunt: secundum quod magis & minus determinantur passionibus. Vnde secundum hoc Macrobius
98 2380 1567 2439 assignans dictarum quatuor generum differentias, dicit sic. Passiones vocantur quod homines metuunt
114 2424 1565 2489 cupiunt dolentque gaudentque. Has primae molliunt: secundae auferunt: tertiae obliuiscuntur: in quar
116 2465 1571 2529 tis nefas est nominari. Est ergo iustitia in deo, quae distribuit vnicuique quod suum est pro qualita-
118 2510 1566 2562 te gradus naturae & meritorum in toto mundo. lustitia vero in homine quae distribuit circa hono
134 2557 1569 2613 res & pecunias, & huiusmodi res particulares quae in vsum suum cadunt, vnicuique quod suum
135 2604 1566 2665 est. & sic de aliis tribus suo modo. Et sic secundum rationem sui generis omnes morales virtu
140 2639 1571 2714 tes in deo inueniuntur inquantum exemplares: & a particularibus passionibus & rebus cadentibus in
155 2688 1562 2747 vsum hominum abstrahuntur: non inquantum sunt politicae, neque purgatorae, neque purgati animi, neque
152 2741 1562 2788 inquantum exercitium earum est in passionibus & rebus particularibus ad vsum hominium pertinentibus
157 2773 1581 2857 Et sicut est de ipsis secundum rationem sui generis, sic est de ipsis secundum rationes suarum specierum
