2017 3261
463 281 1915 360 quae in deo cadunt inquantum sunt exemplares & abstractae, non autem inquantum sunt exemplatae & par
458 353 1924 407 ticularibus actionibus determinatae. Vnde species illae virtutum moralium quae nominant virtutem
458 397 1922 449 sub esse quo determinata est actionibus particularibus circa passiones aut res particulares hominum
454 439 1927 495 inquantum huiusmodi, nullo modo poni debent in deo: nec sunt secundum veritatem in ipso. Est igi
461 487 1918 540 tur sciendum: quod in virtutibus tribus moralibus quoddam genus est magis proprie in deo: & quod
463 532 1926 584 dam minus proprie. Et similiter de speciebus vnius virtutis: vna magis proprie est in ipso quam alia.
470 578 1930 636 Ad cuius intellectum sciendum, quod in qualibet virtute tria considerantur: secundum quae dicitur esse
461 622 1926 676 in aliquo: scilicet substantia habitus, actus eius, & obiectum. Et est in iustitia substantia habitus in
457 673 1915 730 quocunque sit, siue sit exemplaris, siue purgati animi, siue purgatoria, siue politica, aequitas quaedem
460 714 1923 770 in voluntate: qua voluntas per aequalitatem proportionis geometricae aut arithmeticae se habet ad il-
457 760 1924 812 la circa quae & in quibus habet exerceri. In fortitudine vero substantia habitus, est vigor quidam siue ro
458 807 1921 869 bur quo voluntas firmitatem habet in suis actibus. In temperantia vero est substantia habitus puri-
458 854 1922 903 tas quaedam qua voluntati complacet non nisi in puris & mundis actibus: & circa pura & munda vaga
459 899 1920 957 ri. Actus vero & obiecta: aut secundum substantiam, aut secundum modum differunt: vt sunt in di-
461 947 1930 996 uersis: & vt sunt exemplares, purgati animi, purgatorii, & politici. ⁋ Si igitur loqemur de dictis vir
458 1001 1937 1055 tutibus quo ad substantiam habitus: dicimus quod proprie habent esse in deo & in diuina voluntate &
455 1043 1929 1099 perfectissime: quia voluntas eius summa aequitas est secundum iustitiam: quia Lustus dominus & iu-
463 1084 1935 1131 stitias dilexit: aequitatem vidit vultus eius. Est etiam summus vigor, siue robur secundum fortitu
461 1127 1941 1179 dinem: secundum illud lob. ix. Sapiens corde & fortis robore. Est etiam summa puritas. secundum illud
462 1167 1945 1243 lob. iiii. Nunquod homo dei comparatione iustificabitur: aut factore suo purior erit vir: Et sic perfectissi
456 1223 1941 1284 me & summe sunt in summo inquantum sunt exemplares: deinde in primo gradu subtus: inquan-
461 1265 1939 1317 tum sunt purgati animi: & in secundo & medio gradu inquantum sunt purgatoriae: & in tertio &
457 1305 1950 1376 infimo gradu inquantum sunt politicae. Et est hic aduertendum, quod virtutes in deo dicuntur exem-
471 1358 1953 1404 plares: non quia sunt ideae virtutum aliarum: vt non dicantur esse virtutes in deo nisi quia habent in
455 1404 1950 1452 deo exemplares ideas: quemadmodum & aliae res: quemadmodum videtur sentire Macrobius probans vir-
459 1445 1944 1512 tutes exemplares esse in deo per hoc quod virtutes illae quae sunt in creaturis ideas exemplares habent
458 1498 1937 1563 in deo sicut & aliae res, cum dicit. Quartae in ipsa mente diuina consistunt. Nam si rerum aliarum, multo ma
457 1546 1941 1610 gis virtutum ideas esse in mente diuina credendum est illic. Sed virtutes in deo dicuntur exemplares: quem
455 1592 1936 1653 admodum superiora & perfectiora in rerum natura sunt exemplaria eorum quae sunt inferiora & minus
458 1636 1943 1695 perfecta: quia illa quae sunt superiora, virtute continent quicquod est in inferioribus, & amplius. & ex-
453 1683 1942 1746 tendit se actio superior ad actiones inferiorum: & ad amplius. Quod patet in homine: qui habet a for
465 1728 1950 1784 ma sua esse, viuere, sentire, & intelligere: & in primo communicat cum inaniatis: in secundo cum arbori
458 1776 1953 1831 bus: in tertio cum brutis: & in quarto quid est sibi proprium, omnia excedit corporalia: vt sic homo sit
459 1820 1950 1881 ratio & mensura omnium corporalium & exemplar ad quod sunt alia exemplata: quemadmodum vniuer-
451 1866 1957 1916 saliter in rerum natura magis nobilia & superiora in gradu naturae sunt exemplaria inferiorum
461 1914 1950 1965 & minus nobilium. Vt sic virtutes ponamus in deo non tanquam ideas in diuina sapientia: quemadmodum
460 1961 1943 2013 in ea sunt omnes creaturae: quod tamen videtur sentire Macrobius vt dictum est: nec tanquam rationes
461 2004 1948 2067 perfectionales in eius essentia: quod videntur sentire aliqui dicentes, quod sicut diuina perfectio continet
457 2052 1944 2113 omnium perfectiones, sic & diuina bonitas omnium bonitates: & ideo cum virtutes quaedam bonitates sunt, opor
464 2100 1944 2161 tet diuinam bonitatem omnes virtutes in se continere: sed tanquam rationes attributales in eius voluntate
454 2145 1950 2208 lsta enim multum differunt: vt alias visum est in quadam quaestione de quolibet, & adhuc videbitur infra.
463 2192 1948 2253 Si igitur considerentur habitus morales secundum substantiam habituum, dicimus secundum iam dicta
466 2237 1944 2296 quod sunt proprie in deo: & perfectissime: & vniformiter: & secundum rationes generum, & simili-
461 2285 1942 2333 ter secundum rationes omnium specierum, quae suo nomine non determinant actus aut obiecta deo non con
467 2329 1943 2392 gruentia. secundum quod iam videbitur. Si vero loquamur de virtutibus moralibus: quo ad ipsarum
451 2382 1946 2436 actus & obiecta: sic dicimus, quod non vniformiter sunt in deo & in aliis: immo secundum rationem
465 2427 1944 2483 generis vna in deo est magis proprie quam alia: & sub eodem genere virtutis vna species magis proprie quam
452 2469 1948 2521 alia. ⁋ Ad cuius intellectum sciendum, quod iustitia secundum actum suum, qui est vnicuique dare quod suum
460 2520 1951 2571 est, propriissime in deo est: & differt generalitate ab humana iustitia: quia humana iustitia contracta est
458 2556 1956 2625 ad res humnanas: & ex illis speciem accipit, quemadmodum curuitas in naso in quo est, accipit speciem simi
457 2612 1942 2670 tatis. Diuina vero iustitia incontracta est & absoluta & sua actione ad omnia se extendit. Nam sicut huma
454 2656 1946 2724 na iustitia regit regna ciuitates & domos secundum ea quae cadunt in vsum hominium: sic diuina iu-
451 2694 1956 2764 stitia regit vniuersum mundum secundum omnia quaecumque habentur in creaturis. Vnde Augustinu
458 2744 1950 2804 nus exponens illud psalmi. vii. Confitebor domino secundum iustitiam eius, dicit. Qui videt merita animarum
467 2791 1952 2868 sic ordinari a deo: vt dum sua cuique tribuuntur, pulchritudo vniuersitatis nulla ex parte violetur:
