2017 3175
158 267 1617 330 diuersorum modorum & rationum distinguentibus relationes secundum genera & species, dican
154 322 1615 372 tur distingui relationes secundum rationem quiditatiuam, & secundum esse quiditatiuum specisi
156 367 1624 415 cum, quod a talibus fundamentis contrahunt. Et sic sumitur differentia relationum communium differem
161 405 1614 463 tium genere aut specie inter se: & hoc penes differentiam formalem secundum genera & species il
156 454 1616 498 lorum super quae fundantur. Propter quod etiam formaliter secundum genus & speciem differunt re-
163 498 1608 546 lationes fundatae super illa fundamenta: licet quandoque secundum rem: quandoque secundum rationem
152 545 1605 596 tantum: prout rationes fundamentorum quandoque differunt secundum rem, vt contingit in substantia
161 590 1606 643 vera, & quantitate & qualitate accidentalibus substantiae: quandoque secundum rationem tantum, vt contingit in
160 634 1617 692 substantia vel habente rationem substantiae: & in quantitate perfectionis: & in qualitate substantia
162 679 1617 728 li existentibus in substantia. Secundum quod in diuinis loquens de substantia & substantialibus attributis li
161 722 1616 775 bro primo cap. xi. Dam. dicit sic. Secundum omnia sunt vnum pater & filius & spiritus sanctus prae-
159 772 1621 821 ter ingenerationem, generationem, & processionem, cogitatione vero secundum diuersum. i. lcet omnia il-
158 813 1611 866 la sint idem re in tribus personis: ratione tamen distinguuntur singula a singulis & a seipsis. Afun
157 859 1611 909 damentis vero vnius modi & rationis vnius distinguentibus relationes secundum numerum tantum
158 903 1608 953 dicuntur distingui tantum secundum esse: & sic sumitur differentia relationum conmunium differentium nunero solo
149 949 1605 996 scilicet penes differentiam numeralem vel quasi: licet quandoque differant secundum rem, quandoque autem secundum rationem tantum.
152 989 1605 1043 Primo enim: modo genus relationis communis distinguitur sicut per primas differentias tractas a suis fun
155 1042 1614 1093 damentis in relationem substantialem continentem identitatem & diuersitatem, quae sequuntur vnum & multum
155 1078 1604 1131 in substantia: & in relationem accidentalem, quae sequitur vnum & multum in duobus praedicamentis acciden
152 1123 1606 1176 tis absolutis. Quae continet sub se duas species: quarum vna sequitur vnum & multum in quantitate: & dicitur
149 1171 1602 1220 aequalitas et inaequalitas. Altera vero sequitur vnum & multum in qualitate: & dicitur similitudo & dissimi
151 1215 1617 1263 litudo. Quae vlterius descendunt in species secundum species quantitatis et qualitatis vsque ad species spe
160 1261 1602 1310 cialissimas praedicamentorum absolutorum: quae species specialissimae relationum non diuiduntur nisi per differentia
154 1303 1601 1358 numero tantum, secundum differentiam numeralem fundamentorum. Et quamuis talis distinctio relationum sit per aliud, est
150 1353 1605 1400 tamen essentialis praedicamento relationis: eo quod esse et realitatem seu quiditatem non est natum habere nisi per alid.
150 1392 1607 1446 Relationi enim vnde relatioem: nec proprium esse nec propria quiditas respondet: sed solummodo esse et quiditas sui fum
153 1441 1610 1488 damenti. Et ideo bene verum est quod vbi sub relationibus communibus eiusdem speciei specialissimae relationis
142 1483 1608 1540 non plurificatur realiter fundamentum: nec similiter relationes fundatae super illud realiter plurificam
154 1530 1598 1580 tur, vt contingit in diuinis sicut dictum est. Nihilominus tamen licet non distiguantur secundum rem: distiguuntur
149 1571 1602 1627 tamen secundum rationem saltem. Impossibile est enim quod relata sint diuersa siue secundum rem siue secundum rationem quind rela
147 1621 1603 1673 tiones quibus referuntur sint diuersae saltem secundum rationem. Quare cum in omni habitudine relationum necesse sit
143 1664 1604 1717 relata esse diuersa vel re vel ratione, vt in duabus quaestionibus praecedentibus est expositum: necesse est
149 1709 1606 1767 etiam in omni habitudine relationum ipsas relationes in extremis esse diuersas vel secundum rem vel secundum rationem.
151 1753 1608 1807 Secundum rem enim semper sunt diuersae relationes extremae cuiuslibet habitudinis relationum conmunium in crea
147 1796 1606 1849 turis, praeterquam in relatione secundum identitatem numeralem, in quae sunt diuersae secundum rationem tantum: & hoc vni-
152 1842 1609 1898 formiter ipsis relatis. In diuinis autem nunquam sunt diuersae secundum rem: sed semper secundum rationem tantum: & hoc
154 1883 1605 1937 vel vniformiter ipsis relatis: sicut contingit solummodo in primo modo identitatis: vniveral difformiter illis, sicut
155 1932 1608 1985 vniversale. contingit in secundo modo identitatis, & in aequalitate & similitudine, in quibus relata sunt personae diui
155 1981 1608 2027 nae distinctae secundum rem: cum tamen relationes quibus referuntur, distinctae sint solummodo secundum rationem, vt amplius de-
150 2022 1603 2082 clarabitur in sequenti quaestione. ⁋ Sed est hic aduertendum ad dictorum ampliorem intellectum, quod inter se
148 2068 1608 2116 differunt si proprie accipiantur ista tria scilicet respectus, relatio, & habitudo: quia omnis rela-
145 2112 1614 2163 tio est habitudo & respectus, sed non econuerso: & omnis relatio est respectus: sed non econuerso. Cu
142 2161 1599 2211 iuslibet enim accidentis est respectus ad suum subiectum vt ad id cui natum est inesse: nulla tamen est re
154 2201 1600 2252 latio accidentis ad suum subiectum aut habitudo. Est enim relatio respectus quid est modus essendi quo id cuius
146 2246 1612 2297 est, ad aliud dicitur. Et cum proprie accipitur relatio, ipsa non nominat nisi extrema habitudinis, de quibus proposita est
145 2293 1604 2346 peneps quaestio, quibus relata adinuicem referuntur. Est enim habitudo proprie dicta quasi medium interuallum con
149 2336 1609 2384 tinens sicut extrema duas relationes oppositas: propter quod & ipsa habitudo dicitur relatio et induit nomen
158 2378 1615 2427 & rationem vtriusque extremorum respectu vtriusque: quemadmodum spatium interuallum inter sursum
158 2427 1600 2480 et deorsum respectu sursum dicitur deorsum: et respectu deorsum dicitur sursum. Et loquendo de re
149 2469 1602 2529 latione quae est habitudo duorum extremorum, identitas et aequalitas et similitudo sunt tres relationes
147 2516 1611 2569 id i. tria genera habitudinum: de quarum differentia habitus est sermo fuperius. Loquendo autem de
150 2559 1614 2609 relatione quae est extremum habitudinis, est sermo de differentia relationum in hac quaestione. Et sunt in
149 2606 1602 2657 qualibet dictarum trium habitudinum duae relationes consimilium nominum cum ipsa habitudine. In qua
155 2650 1608 2696 libet enim habitudine identitatis sunt duae identitates: quae sunt relationes diuersae in diuersis relatis
145 2695 1611 2757 secundum identitatem: et similiter in habitudine aequalitatis sunt duae aequalitates, quibus mu-
