2017 3216
116 261 1605 333 sancto, & filius spiritui sancto, sic econverso. Et quantum idem aequalis & similis est pater filio, & filius spi
115 317 1461 376 ritui sancto, tantum econuerso. Rationes ad vtramque partem adductae indigent responsionibus.
113 368 1593 452 ⁋ Quod ergo in argumento primo dicitur quod in filio est aequalitas: dico quod si illud dixisset
113 445 1587 500 Augu. per proprietatem: tunc procederet argumentum: probando videlicet quod aequalitas non esset vni-
117 484 1599 547 formiter in patre aut spiritu sancto & in filio: quia non esset omnino in patre aut spiritu sancto, sed in
117 532 1593 588 solo filio. Nunc autem non dixit illud nisi per quandam appropriationem. propter convenientiam enim aequa
119 579 1606 639 litatis quae est communis relatio ad proprium filii: filio attribuit aequalitatem, non propter aliquid quo aliter
110 622 1592 680 aut verius conveniat filio quam aliis personis diuinis. Quia ei pater prima persona est: vnitas autem principium
118 676 1606 732 & primum in numeris: ideo in personis diuinis patri appropriatur vnitas. Solet enim vnum quia est principium
119 722 1593 778 in numeris, poni pro primo. secundum illud Mat. xvi. Et valde mane vna sabbatorum veniunt ad monumentum
123 767 1605 823 Vnai. i. prima: quae secundum Christianos est dies dominica. Vnitas autem primo est in substantia, ad quam per se sequ-
114 803 1603 866 tur identitas. Idcirco ergo per hoc quod dicit In patre vnitas, intendit patri appropriari identitatem. Quia
105 850 1603 909 autem filius in diuinis secunda persona, in qua primo habetur dualitas: dualitas autem per se & primo
119 906 1599 958 est in quantitate numerali, ad quam per se sequitur aequalitas: idcirco aequalitatem appropriat filio. Et po-
118 940 1597 1006 tuisset etiam appropriando dixisse in filio dualitas, sicut dixit in patre vnitas, & per dualitatem in-
121 985 1595 1048 tellexisse aequalitatem, sicut per vnitatem intellexit identitatem: quae bene est alicuius ad seipsum,
113 1034 1605 1091 aequalitas autem non est nisi ad alterum. Quia autem spiritus sanctus nexus est patris & filii, vt habitum
116 1078 1590 1139 est supra loquendo de proprietatibus spiritus sancti, & concordia necti solent diuersa & distincta: ideo
113 1122 1604 1186 spiritui sancto appropriatur concordia: concordia autem sequitur similitudinem: similitudo autem
108 1169 1593 1230 concors est, vt infra declarabitur loquendo specialiter de similitudine. Idcirco ergo nomine concordiae
109 1212 1592 1273 intellexit Augustinus spiritui sancto appropriari similitudinem, vt secundum hoc dicta appropriatio Augustinus
113 1267 1604 1323 respiciat tria genera relationum conmunium. & sic non propter aliquam praerogatiuam aequalitatis aut diffor
106 1309 1589 1363 mitatem eius in filio & in aliis personis, sed propter solam appropriationem dixit Augustinus aequalitas in fi-
116 1359 1597 1409 lio. ⁋ Ad secundum, quod secundum Augu. ad imaginem quae propria est filio pertinet aequalitas, ergo &c.
103 1400 1586 1453 Dico quod licet loquendo de aequalitate quae ad imaginem pertinet, & propria est filio sicut imago, bene procedit a
119 1447 1600 1503 gumentum: de hoc tamen nihil ad aequalitatem quae est relatio communis, de qua est sermo: quia aequiuocatur aequa
104 1497 1606 1549 litas. ⁋ Ad cuius intellectum & ad maiorem expositionem eorum quae circa imaginem supposita sunt
116 1534 1605 1587 in praecedentibus: Sciendum quod secundum superius exposita filius quia principaliter per modum naturae & se
109 1582 1601 1631 cundum principaliorem modum naturae procedit, cuius est simile ex simili producere, & productum
103 1626 1593 1683 assimilare producenti: idcirco similitudo non tam appropriata quam propria est filio, & est in ipso secundum
122 1676 1600 1732 qualitatem quae consistit in quantitate perfectionali siue virtuali, quam in se habet sicut quaelibet res naturalis, &
105 1722 1590 1773 hoc commensurantem secundum aequalitatem illi cuius est similitudo. Similitudo autem procedens a natura
107 1763 1600 1824 assimilante si est coaequata secundum quantitatem illi a quo existit, imago est. Ad imaginis enim
101 1808 1586 1868 rationem non nisi tria concurrunt, scilicet quod sit ab altero expressa, & secundum quantitatem illi commen-
110 1849 1589 1907 surata, & secundum qualitatem conformata. Vnde si remoues esse ab altero, quantuncumque sit aequa-
107 1902 1587 1960 le aliquid & simile alteri non est illius imago, dicente Hil. lib. de Syne. Neque quisquam ipse sibi imago, sed eum
108 1946 1593 2001 cuius imago est, necesse est vt imago demonstret. & lib.o iii. de Trini. dicit. Imago sola non est. Quantum
105 2001 1587 2051 cumque etiam sit ab altero & simile illi sic quod sit similitudo illius, si tamen non sit illi commensuratum non
116 2035 1597 2093 est eius imago perfecta. Quia vt dicit Augustius vi. de Trini. cap. x. imago si perfecte implet illud cu
101 2085 1592 2136 ius est imago: ipsa coaequatur ei. Quantuncumque etiam sit ab altero & illi commensuratum, si non sit
113 2126 1593 2180 conformatum & simile illi, non est eius imagoras dicente Aug. lxxxiii qiaestioni qiubus quaest xoviii. Omnis imago similis
112 2178 1584 2228 est, quamuis non omne simile sit imago. Vnde illa tria simul explicat Hil. de Sndiem dicens. Imago est rei
99 2221 1591 2273 ad rem coaequata & discreta similitudo. Et sunt commensuratio secundum quantitatem, & conforma
104 2267 1594 2315 tio secundum qualitatem abintra integrantes essentiam imaginis: ab alio autem esse, est ordo quidam
98 2308 1586 2362 ipsius. Et comprehendit illa duo Hil. sub nomine speciei quando dicit speciem esse in imagine. & quam
103 2356 1597 2412 do dicit in libro de Syno. Imago est eius ad quem imaginatur species indifferens. Vnde Augustin. exponen
97 2403 1584 2453 do quid appellauit nomine speciei, dicit vbi supra. In imagine speciem appellauit credo propter pul-
107 2447 1588 2504 chritudinem, vbi est prima aequalitas & prima similitudo, nulla in re differens, & nulla ex parte dis
103 2494 1583 2555 similis, sed ad identitatem respondens ei cuius est imago. Et apparent dicta tria clarius in imagine
104 2536 1600 2589 corporali quae continet in se similitudinem fundatam in qualitate existente in quantitate, quae dici
97 2586 1591 2639 tur forma vel existens figura: continet etiam in se quantitatem commensuratam illi quantitati cu
111 2623 1583 2681 ius est imago. In imagine enim corporali oportet quod totum corpus eius secundum superficiem & li-
102 2673 1591 2722 neamenta sit aequale corpori eius cuius est imago, & hoc secundum quantitatem est. Oportet etiam
108 2722 1600 2796 quod sit eadem forma superficiei secundum concauum & conuexum, siue secundum depressum & ele-
