<?xml version="1.0" encoding="UTF-8" standalone="yes"?>
<PcGts xmlns="http://schema.primaresearch.org/PAGE/gts/pagecontent/2013-07-15" xmlns:xsi="http://www.w3.org/2001/XMLSchema-instance" xsi:schemaLocation="http://schema.primaresearch.org/PAGE/gts/pagecontent/2013-07-15 http://schema.primaresearch.org/PAGE/gts/pagecontent/2013-07-15/pagecontent.xsd">
    <Metadata>
        <Creator>prov=University of Rostock/Institute of Mathematics/CITlab|PLANET AI GmbH/Gundram Leifert/gundram.leifert@planet-ai.de:name=Badius1520-m2(htr_id=24043)::::v=2.6.6
prov=University of Rostock/Institute of Mathematics/CITlab|PLANET AI GmbH/Tobias Gruening/tobias.gruening@planet-ai.de:name=de.uros.citlab.module.baseline2polygon.B2PSeamMultiOriented:v=2.6.6
prov=University of Rostock/Institute of Mathematics/CITlab|PLANET AI GmbH/Tobias Gruening/tobias.gruening@planet-ai.de:name=/net_tf/LA73_249_0mod360.pb:de.uros.citlab.segmentation.CITlab_LA_ML:v=2.6.6
Transkribus</Creator>
        <Created>2020-04-15T01:43:20.196+02:00</Created>
        <LastChange>2020-05-22T23:40:56.261+02:00</LastChange>
        <TranskribusMetadata docId="369791" pageId="14432751" pageNr="464" tsid="29524146" status="IN_PROGRESS" userId="25065" imgUrl="https://files.transkribus.eu/Get?id=VHRIRELCCYYDRVLSLMBZXLHD&amp;fileType=view" xmlUrl="https://files.transkribus.eu/Get?id=EDUVODAOMRMVYILTZHTIUYTZ" imageId="10395901"/>
    </Metadata>
    <Page imageFilename="463.jpg" imageWidth="2017" imageHeight="3177">
        <ReadingOrder>
            <OrderedGroup id="ro_1590235588644" caption="Regions reading order">
                <RegionRefIndexed index="0" regionRef="r3"/>
            </OrderedGroup>
        </ReadingOrder>
        <TextRegion orientation="0.0" id="r3" custom="readingOrder {index:0;}">
            <Coords points="405,188 405,2743 1892,2743 1892,188"/>
            <TextLine id="r3l2" custom="readingOrder {index:0;}">
                <Coords points="405,325 1866,321 1882,259 405,277"/>
                <Baseline points="414,317 486,314 559,312 632,310 705,309 778,308 851,306 924,306 997,305 1070,305 1143,303 1215,303 1288,303 1361,303 1434,303 1507,302 1580,302 1653,302 1726,300 1799,299 1872,299"/>
                <TextEquiv>
                    <Unicode>uatum: &amp; eadem sigura lineamentorum circa superficiem: &amp; hoc secundum qualitatem in quantita-</Unicode>
                </TextEquiv>
            </TextLine>
            <TextLine id="r3l3" custom="readingOrder {index:1;}">
                <Coords points="409,371 1857,368 1869,322 408,327"/>
                <Baseline points="417,360 489,359 561,357 633,355 705,353 777,353 849,351 922,351 994,350 1066,350 1138,350 1210,350 1282,348 1354,348 1427,348 1499,348 1571,348 1643,347 1715,347 1787,345 1860,345"/>
                <TextEquiv>
                    <Unicode>te. Quae etsi assunt: tamen si id in quo sunt non sit ad alterius imitationem productum siue ab illo</Unicode>
                </TextEquiv>
            </TextLine>
            <TextLine id="r3l4" custom="readingOrder {index:2;}">
                <Coords points="405,412 1801,414 1875,366 405,369"/>
                <Baseline points="414,404 486,402 559,401 631,399 704,398 777,398 849,396 922,396 994,395 1067,395 1140,395 1212,395 1285,394 1357,393 1430,393 1503,393 1575,393 1648,392 1720,392 1793,391 1866,390"/>
                <TextEquiv>
                    <Unicode>siue ab alio: non dicitur esse eius imago quantuncunque sit illi simile &amp; aequale similitudine &amp; aequa-</Unicode>
                </TextEquiv>
            </TextLine>
            <TextLine id="r3l5" custom="readingOrder {index:3;}">
                <Coords points="398,463 1872,444 1871,397 398,412"/>
                <Baseline points="407,449 479,447 552,446 625,444 698,443 771,442 843,441 916,440 989,440 1062,440 1135,440 1207,438 1280,438 1353,438 1426,438 1499,438 1571,437 1644,437 1717,437 1790,435 1863,435"/>
                <TextEquiv>
                    <Unicode>litate quae sunt relationes communes. Similiter si sit ad alterius imitationem productum, &amp; non sit</Unicode>
                </TextEquiv>
            </TextLine>
            <TextLine id="r3l6" custom="readingOrder {index:4;}">
                <Coords points="405,502 1857,501 1875,446 405,460"/>
                <Baseline points="414,494 486,492 559,490 631,488 704,486 777,486 849,485 922,485 994,483 1067,483 1140,483 1212,483 1285,483 1357,483 1430,483 1503,483 1575,482 1648,482 1720,482 1793,481 1866,480"/>
                <TextEquiv>
                    <Unicode>simile aut aequale: non est imago: aut si in aliquo deficiat a similitudine aut aequalitate non est per-</Unicode>
                </TextEquiv>
            </TextLine>
            <TextLine id="r3l7" custom="readingOrder {index:5;}">
                <Coords points="399,549 1867,534 1797,489 398,505"/>
                <Baseline points="408,537 480,536 552,535 625,534 697,533 770,531 842,531 915,530 987,530 1060,530 1132,528 1204,528 1277,528 1349,528 1422,527 1494,527 1567,527 1639,527 1712,525 1784,525 1857,525"/>
                <TextEquiv>
                    <Unicode>fecta imago. Vlterius etiam si sit omnino aequale aut simile: &amp; ad alterius imitationem productum</Unicode>
                </TextEquiv>
            </TextLine>
            <TextLine id="r3l8" custom="readingOrder {index:6;}">
                <Coords points="408,592 1872,591 1872,536 407,548"/>
                <Baseline points="417,584 489,582 561,579 633,578 706,577 778,576 850,575 923,575 995,573 1067,573 1140,573 1212,573 1284,572 1356,572 1429,572 1501,572 1573,572 1646,572 1718,572 1790,572 1863,570"/>
                <TextEquiv>
                    <Unicode>ab alio aut etiam ab eodem: sed non materialiter, secundum quod imaginarius in ligno facit imaginem</Unicode>
                </TextEquiv>
            </TextLine>
            <TextLine id="r3l9" custom="readingOrder {index:7;}">
                <Coords points="396,637 1879,632 1878,581 396,589"/>
                <Baseline points="405,629 478,627 551,624 624,623 697,621 771,620 844,620 917,618 990,618 1063,617 1137,617 1210,617 1283,617 1356,615 1429,615 1503,615 1576,615 1649,615 1722,615 1795,614 1869,614"/>
                <TextEquiv>
                    <Unicode>sui, ex modo productionis non dicitur similitudo eius cuius est imago: quia solius naturae ex mo- </Unicode>
                </TextEquiv>
            </TextLine>
            <TextLine id="r3l10" custom="readingOrder {index:8;}">
                <Coords points="415,684 1869,667 1787,624 415,640"/>
                <Baseline points="425,672 496,670 568,668 640,666 711,665 783,663 855,663 926,663 998,662 1070,662 1142,662 1213,662 1285,662 1357,662 1428,662 1500,662 1572,662 1643,662 1715,660 1787,659 1859,657"/>
                <TextEquiv>
                    <Unicode>do productionis suae est sibi in natura sua productum assimilare: &amp; tunc solummodo quando pro</Unicode>
                </TextEquiv>
            </TextLine>
            <TextLine id="r3l11" custom="readingOrder {index:9;}">
                <Coords points="398,729 1881,716 1864,665 398,681"/>
                <Baseline points="407,719 480,716 553,714 626,713 699,711 773,710 846,710 919,708 992,708 1065,708 1139,707 1212,707 1285,707 1358,707 1431,707 1505,707 1578,707 1651,705 1724,705 1797,704 1871,704"/>
                <TextEquiv>
                    <Unicode>ductum est simile producenti in natura sua, sicut est proles parenti, dicitur similitudo illius: &amp; ea-</Unicode>
                </TextEquiv>
            </TextLine>
            <TextLine id="r3l12" custom="readingOrder {index:10;}">
                <Coords points="410,772 1814,770 1869,763 1869,715 410,730"/>
                <Baseline points="420,762 495,759 571,758 647,756 722,755 798,753 874,753 950,752 1025,752 1101,752 1177,752 1253,752 1328,752 1404,752 1480,752 1556,752 1631,750 1707,750 1783,749 1859,749"/>
                <TextEquiv>
                    <Unicode>dem ratione aequalitas, quoniam similitudo substantialis &amp; aequalitas perfectionalis semper vniformiter</Unicode>
                </TextEquiv>
            </TextLine>
            <TextLine id="r3l13" custom="readingOrder {index:11;}">
                <Coords points="405,818 1880,815 1880,760 404,772"/>
                <Baseline points="414,807 486,804 559,803 632,801 705,800 778,798 851,798 923,797 996,797 1069,797 1142,797 1215,797 1288,797 1361,797 1433,797 1506,797 1579,797 1652,797 1725,795 1798,794 1871,794"/>
                <TextEquiv>
                    <Unicode>sese consequuntur, vt habitum est supra. Propter quod dicit Augustius vi. de trinit. cap. x. de filio. In ipso</Unicode>
                </TextEquiv>
            </TextLine>
            <TextLine id="r3l14" custom="readingOrder {index:12;}">
                <Coords points="417,862 1773,860 1868,854 1868,814 416,816"/>
                <Baseline points="425,851 496,849 568,848 640,846 711,845 783,844 855,843 926,843 998,843 1070,842 1142,842 1213,842 1285,842 1357,842 1428,842 1500,842 1572,840 1643,840 1715,840 1787,839 1859,839"/>
                <TextEquiv>
                    <Unicode>est prima aequalitas &amp; prima similitudo. Prima dicit ad differentiam secundae: quia haec aequalitas</Unicode>
                </TextEquiv>
            </TextLine>
            <TextLine id="r3l15" custom="readingOrder {index:13;}">
                <Coords points="411,908 1879,903 1878,859 1812,847 410,862"/>
                <Baseline points="420,897 492,894 564,892 637,890 709,888 782,888 854,887 927,887 999,887 1072,885 1144,885 1216,885 1289,887 1361,887 1434,887 1506,887 1579,885 1651,885 1724,885 1796,884 1869,882"/>
                <TextEquiv>
                    <Unicode>&amp; similitudo ad proprietatem pertinet: quae est constitutiua personae filii. Aequalitas autem &amp; similitu-</Unicode>
                </TextEquiv>
            </TextLine>
            <TextLine id="r3l16" custom="readingOrder {index:14;}">
                <Coords points="410,951 1873,943 1845,890 410,907"/>
                <Baseline points="420,942 492,939 564,938 636,935 708,933 780,932 852,930 925,930 997,930 1069,929 1141,929 1213,929 1285,929 1357,929 1430,929 1502,929 1574,929 1646,929 1718,929 1790,929 1863,927"/>
                <TextEquiv>
                    <Unicode>do communes consequuntur tres personas constitutas: quae idcirco aequalitas secunda &amp; similitudo </Unicode>
                </TextEquiv>
            </TextLine>
            <TextLine id="r3l17" custom="readingOrder {index:15;}">
                <Coords points="407,996 1877,992 1877,940 407,950"/>
                <Baseline points="417,987 489,983 562,981 634,980 707,978 779,977 852,975 924,975 997,975 1069,974 1142,974 1215,974 1287,974 1360,974 1432,975 1505,975 1577,975 1650,975 1722,975 1795,974 1868,974"/>
                <TextEquiv>
                    <Unicode>secunda dici possunt. Sed ista similitudo &amp; ista aequalitas propter identitatem numeralem naturae</Unicode>
                </TextEquiv>
            </TextLine>
            <TextLine id="r3l18" custom="readingOrder {index:16;}">
                <Coords points="415,1040 1856,1039 1878,989 415,996"/>
                <Baseline points="425,1031 497,1028 569,1026 641,1023 713,1022 785,1022 857,1020 930,1020 1002,1019 1074,1019 1146,1019 1218,1020 1290,1020 1362,1020 1435,1020 1507,1020 1579,1019 1651,1019 1723,1019 1795,1017 1868,1016"/>
                <TextEquiv>
                    <Unicode>in parente &amp; prole in diuinis dicitur nulla in re dissidens: quia est aequalitas: &amp; nulla ex parte dissimilis: quia</Unicode>
                </TextEquiv>
            </TextLine>
            <TextLine id="r3l19" custom="readingOrder {index:17;}">
                <Coords points="405,1084 1875,1071 1874,1031 1783,1026 405,1044"/>
                <Baseline points="414,1076 486,1073 559,1071 631,1068 704,1067 776,1065 849,1064 921,1064 994,1064 1066,1064 1139,1064 1212,1064 1284,1064 1357,1064 1429,1064 1502,1064 1574,1064 1647,1064 1719,1062 1792,1062 1865,1061"/>
                <TextEquiv>
                    <Unicode>est similitudo: &amp; ad identitatem tantum illius est imago: quia est eiusdem naturae singularis in illo. Sed </Unicode>
                </TextEquiv>
            </TextLine>
            <TextLine id="r3l20" custom="readingOrder {index:18;}">
                <Coords points="409,1130 1886,1125 1886,1081 408,1086"/>
                <Baseline points="417,1121 490,1118 563,1116 636,1113 709,1112 782,1112 855,1110 928,1110 1001,1109 1074,1109 1147,1109 1220,1109 1293,1109 1366,1109 1439,1109 1512,1109 1585,1109 1658,1109 1731,1109 1804,1107 1877,1107"/>
                <TextEquiv>
                    <Unicode>in creaturis propter diuersitatem naturae numeralem imago in prole in multo dissidens est &amp; dis-</Unicode>
                </TextEquiv>
            </TextLine>
            <TextLine id="r3l21" custom="readingOrder {index:19;}">
                <Coords points="413,1176 1885,1174 1885,1128 413,1130"/>
                <Baseline points="422,1166 494,1163 567,1160 639,1158 712,1157 785,1155 857,1155 930,1154 1003,1154 1075,1154 1148,1154 1221,1154 1293,1154 1366,1154 1439,1154 1511,1154 1584,1154 1657,1154 1729,1154 1802,1154 1875,1152"/>
                <TextEquiv>
                    <Unicode>similis: &amp; ad diuersitatem illius cuius est imago. Et quia talis similitudo &amp; aequalitas est in produ</Unicode>
                </TextEquiv>
            </TextLine>
            <TextLine id="r3l22" custom="readingOrder {index:20;}">
                <Coords points="414,1220 1840,1219 1882,1170 414,1176"/>
                <Baseline points="423,1209 495,1208 567,1205 640,1203 712,1202 785,1200 857,1200 930,1200 1002,1199 1075,1199 1147,1199 1219,1199 1292,1199 1364,1199 1437,1199 1509,1199 1582,1199 1654,1199 1727,1199 1799,1197 1872,1197"/>
                <TextEquiv>
                    <Unicode>cto ex modo productionis naturalis: igitur sunt relationes propriae in solo producto: &amp; non sunt re-</Unicode>
                </TextEquiv>
            </TextLine>
            <TextLine id="r3l23" custom="readingOrder {index:21;}">
                <Coords points="422,1266 1837,1263 1883,1206 422,1220"/>
                <Baseline points="432,1254 504,1251 576,1250 648,1248 720,1247 792,1245 864,1244 936,1244 1008,1244 1080,1244 1153,1244 1225,1244 1297,1244 1369,1244 1441,1244 1513,1244 1585,1244 1657,1244 1729,1244 1801,1244 1874,1242"/>
                <TextEquiv>
                    <Unicode>lationes communes producenti &amp; producto: sed proprie producto: quibus ad omnimodam aequali</Unicode>
                </TextEquiv>
            </TextLine>
            <TextLine id="r3l24" custom="readingOrder {index:22;}">
                <Coords points="415,1308 1892,1308 1892,1251 415,1264"/>
                <Baseline points="425,1301 497,1298 570,1295 643,1293 716,1292 789,1290 862,1289 935,1289 1008,1289 1081,1287 1154,1287 1226,1289 1299,1289 1372,1289 1445,1289 1518,1289 1591,1289 1664,1289 1737,1287 1810,1287 1883,1286"/>
                <TextEquiv>
                    <Unicode>tatem &amp; conformitatem producens sibi productum commensurat. Propter quod relatio imaginis ad </Unicode>
                </TextEquiv>
            </TextLine>
            <TextLine id="r3l25" custom="readingOrder {index:23;}">
                <Coords points="410,1359 1889,1345 1852,1298 409,1310"/>
                <Baseline points="419,1346 492,1343 565,1340 638,1338 711,1337 784,1335 857,1334 930,1334 1003,1334 1076,1334 1149,1334 1222,1334 1295,1334 1368,1334 1441,1334 1514,1334 1587,1334 1660,1334 1733,1333 1806,1332 1880,1331"/>
                <TextEquiv>
                    <Unicode>rationem mensurati &amp; mensurae pertinet, quamuis mensura in diuinis non sit mensura secundum gra</Unicode>
                </TextEquiv>
            </TextLine>
            <TextLine id="r3l26" custom="readingOrder {index:24;}">
                <Coords points="417,1400 1821,1393 1880,1349 417,1354"/>
                <Baseline points="426,1389 498,1386 570,1385 642,1383 715,1382 787,1380 859,1380 931,1379 1004,1379 1076,1379 1148,1379 1220,1379 1293,1379 1365,1379 1437,1379 1509,1379 1582,1379 1654,1377 1726,1377 1798,1377 1871,1376"/>
                <TextEquiv>
                    <Unicode>dum determinatum: sed secundum immensitatem solum. Quae immensitas licet in se sit verissime</Unicode>
                </TextEquiv>
            </TextLine>
            <TextLine id="r3l27" custom="readingOrder {index:25;}">
                <Coords points="411,1455 1697,1445 1895,1431 1895,1389 410,1400"/>
                <Baseline points="419,1436 492,1434 565,1431 639,1428 712,1427 785,1425 859,1425 932,1424 1005,1424 1079,1424 1152,1424 1225,1424 1299,1424 1372,1424 1445,1424 1519,1424 1592,1424 1665,1424 1739,1424 1812,1422 1886,1421"/>
                <TextEquiv>
                    <Unicode>positiuum quid, tamen respectu intelligentiae nostrae a negatione mensurae gradualis imponitur. Vt</Unicode>
                </TextEquiv>
            </TextLine>
            <TextLine id="r3l28" custom="readingOrder {index:26;}">
                <Coords points="416,1490 1807,1487 1890,1479 1890,1431 416,1455"/>
                <Baseline points="426,1479 498,1477 571,1475 644,1473 716,1472 789,1470 862,1470 934,1469 1007,1469 1080,1469 1153,1469 1225,1469 1298,1469 1371,1469 1443,1469 1516,1469 1589,1469 1661,1469 1734,1469 1807,1469 1880,1467"/>
                <TextEquiv>
                    <Unicode>enim dicit Ricar. ii. de trinita. cap. vi. Immensum dicitur quod nulla mensura comprehenditur. &amp; ibi</Unicode>
                </TextEquiv>
            </TextLine>
            <TextLine id="r3l29" custom="readingOrder {index:27;}">
                <Coords points="411,1532 1897,1546 1860,1474 411,1488"/>
                <Baseline points="420,1524 493,1521 566,1520 640,1518 713,1517 786,1515 860,1515 933,1514 1006,1514 1080,1514 1153,1514 1226,1514 1300,1514 1373,1515 1446,1515 1520,1515 1593,1515 1666,1514 1740,1514 1813,1512 1887,1512"/>
                <TextEquiv>
                    <Unicode>dem. Immensum dicitur quod nulli mensurae aequale vel aequabile inuenitur. Et ideo sicut genitum &amp;</Unicode>
                </TextEquiv>
            </TextLine>
            <TextLine id="r3l30" custom="readingOrder {index:28;}">
                <Coords points="413,1578 1887,1575 1864,1520 413,1534"/>
                <Baseline points="423,1569 495,1566 568,1565 641,1563 713,1563 786,1562 859,1560 931,1560 1004,1559 1077,1559 1150,1559 1222,1559 1295,1559 1368,1559 1440,1559 1513,1559 1586,1559 1658,1559 1731,1559 1804,1559 1877,1559"/>
                <TextEquiv>
                    <Unicode>ingenitum eandem relationem important licet differenter secundum affirmationem &amp; negationem,</Unicode>
                </TextEquiv>
            </TextLine>
            <TextLine id="r3l31" custom="readingOrder {index:29;}">
                <Coords points="415,1627 1889,1607 1864,1567 1672,1559 415,1578"/>
                <Baseline points="425,1613 497,1611 570,1610 643,1608 716,1607 788,1607 861,1605 934,1605 1007,1604 1079,1604 1152,1604 1225,1604 1298,1604 1370,1604 1443,1604 1516,1604 1589,1604 1661,1602 1734,1602 1807,1602 1880,1601"/>
                <TextEquiv>
                    <Unicode>secundum Augustinus de triniitate. v. cap. vii. sic eandem relationem important mensum &amp; immensum si-</Unicode>
                </TextEquiv>
            </TextLine>
            <TextLine id="r3l32" custom="readingOrder {index:30;}">
                <Coords points="420,1666 1851,1666 1891,1607 420,1629"/>
                <Baseline points="429,1659 501,1656 574,1654 647,1653 719,1651 792,1650 865,1649 937,1649 1010,1649 1083,1649 1156,1649 1228,1649 1301,1649 1374,1649 1446,1649 1519,1649 1592,1649 1664,1648 1737,1647 1810,1647 1883,1646"/>
                <TextEquiv>
                    <Unicode>ue actiue siue passiue dicantur. Mensum enim siue mensuratum non est proprie nisi finitum: neque si</Unicode>
                </TextEquiv>
            </TextLine>
            <TextLine id="r3l33" custom="readingOrder {index:31;}">
                <Coords points="415,1713 1847,1709 1887,1665 415,1669"/>
                <Baseline points="425,1703 497,1701 570,1699 642,1698 715,1697 788,1695 860,1695 933,1694 1005,1694 1078,1694 1151,1694 1223,1694 1296,1694 1368,1694 1441,1694 1514,1694 1586,1694 1659,1692 1731,1692 1804,1691 1877,1691"/>
                <TextEquiv>
                    <Unicode>militer mensura nisi finiti mensurati, siue ipsa mensura sit finita siue infinita. Immensum autem siue</Unicode>
                </TextEquiv>
            </TextLine>
            <TextLine id="r3l34" custom="readingOrder {index:32;}">
                <Coords points="413,1757 1887,1746 1886,1698 413,1719"/>
                <Baseline points="422,1748 494,1745 567,1744 640,1742 713,1742 785,1740 858,1740 931,1739 1004,1739 1076,1739 1149,1739 1222,1739 1295,1739 1367,1737 1440,1737 1513,1737 1586,1737 1658,1737 1731,1736 1804,1736 1877,1734"/>
                <TextEquiv>
                    <Unicode>actiue sumatur siue passiue, semper infinitum est: &amp; non nisi infiniti. Et ideo dicitur imago relatio</Unicode>
                </TextEquiv>
            </TextLine>
            <TextLine id="r3l35" custom="readingOrder {index:33;}">
                <Coords points="412,1801 1808,1805 1887,1799 1887,1746 411,1763"/>
                <Baseline points="420,1793 492,1791 565,1788 638,1787 711,1785 784,1784 857,1784 929,1784 1002,1782 1075,1782 1148,1782 1221,1782 1294,1782 1367,1782 1439,1782 1512,1782 1585,1782 1658,1782 1731,1781 1804,1779 1877,1778"/>
                <TextEquiv>
                    <Unicode>ne reali sicut mensuratum ad imaginatum siue in diuinis siue in creaturis: &amp; econuerso imagina-</Unicode>
                </TextEquiv>
            </TextLine>
            <TextLine id="r3l36" custom="readingOrder {index:34;}">
                <Coords points="415,1849 1885,1848 1838,1791 415,1803"/>
                <Baseline points="423,1836 495,1835 568,1833 640,1832 713,1830 786,1830 858,1829 931,1829 1003,1827 1076,1827 1149,1827 1221,1827 1294,1827 1366,1827 1439,1827 1512,1827 1584,1826 1657,1826 1729,1826 1802,1826 1875,1824"/>
                <TextEquiv>
                    <Unicode>tum inquantum huiusmodi, relatione tantum secundum rationem ad imaginem: quia. scilicet imago dici-</Unicode>
                </TextEquiv>
            </TextLine>
            <TextLine id="r3l37" custom="readingOrder {index:35;}">
                <Coords points="414,1889 1895,1880 1839,1834 413,1849"/>
                <Baseline points="423,1881 496,1880 569,1878 642,1877 715,1877 788,1875 861,1875 935,1874 1008,1874 1081,1874 1154,1873 1227,1872 1300,1872 1373,1872 1447,1872 1520,1872 1593,1872 1666,1871 1739,1871 1812,1871 1886,1869"/>
                <TextEquiv>
                    <Unicode>tur ad ipsum: quamquam secundum rationem qua imago est naturaliter producta ab imaginato, est inter ipsos</Unicode>
                </TextEquiv>
            </TextLine>
            <TextLine id="r3l38" custom="readingOrder {index:36;}">
                <Coords points="414,1935 1755,1938 1895,1922 1895,1880 414,1889"/>
                <Baseline points="423,1926 496,1925 569,1923 642,1922 715,1922 788,1920 861,1919 935,1919 1008,1919 1081,1917 1154,1917 1227,1917 1300,1917 1373,1917 1447,1916 1520,1916 1593,1916 1666,1916 1739,1916 1812,1916 1886,1916"/>
                <TextEquiv>
                    <Unicode>relatio realis in vtroque pertinens ad primum genus relationis, quod est in actiuis &amp; passiuis. ⁋ Quod ergo dicitur</Unicode>
                </TextEquiv>
            </TextLine>
            <TextLine id="r3l39" custom="readingOrder {index:37;}">
                <Coords points="423,1979 1893,1974 1892,1923 422,1935"/>
                <Baseline points="432,1971 504,1970 577,1968 649,1967 722,1965 794,1965 867,1964 939,1964 1012,1962 1084,1962 1157,1962 1230,1962 1302,1962 1375,1962 1447,1962 1520,1962 1592,1961 1665,1961 1737,1959 1810,1959 1883,1958"/>
                <TextEquiv>
                    <Unicode>in argumento: aequalitas pertinet ad imaginem &amp;c. Dico quod verum est de aequalitate, propria, de quae procedit argumentum</Unicode>
                </TextEquiv>
            </TextLine>
            <TextLine id="r3l40" custom="readingOrder {index:38;}">
                <Coords points="422,2025 1771,2031 1892,2023 1892,1975 422,1979"/>
                <Baseline points="432,2019 504,2016 577,2013 649,2012 722,2009 794,2009 867,2007 939,2007 1012,2007 1084,2007 1157,2007 1230,2007 1302,2007 1375,2007 1447,2007 1520,2006 1592,2006 1665,2006 1737,2004 1810,2003 1883,2001"/>
                <TextEquiv>
                    <Unicode>&amp; quae pertinet ad secundum genus relationis. Non est autem verum de aequalitate pertinente ad tertium genus re-</Unicode>
                </TextEquiv>
            </TextLine>
            <TextLine id="r3l41" custom="readingOrder {index:39;}">
                <Coords points="419,2075 1876,2072 1887,2013 419,2025"/>
                <Baseline points="429,2061 501,2060 573,2058 646,2057 718,2055 791,2054 863,2054 935,2054 1008,2052 1080,2052 1153,2052 1225,2051 1297,2051 1370,2051 1442,2051 1515,2051 1587,2051 1659,2051 1732,2051 1804,2049 1877,2049"/>
                <TextEquiv>
                    <Unicode>lationis de qua est hic sermo. &amp; sic argumentum hoc procedit in aequiuoco sicut &amp; argumentum praecedens.</Unicode>
                </TextEquiv>
            </TextLine>
            <TextLine id="r3l42" custom="readingOrder {index:40;}">
                <Coords points="434,2117 1774,2115 1893,2109 1893,2067 434,2069"/>
                <Baseline points="443,2105 515,2104 587,2103 659,2102 731,2100 803,2099 875,2099 947,2098 1019,2097 1091,2097 1163,2097 1235,2096 1307,2096 1379,2096 1451,2096 1523,2096 1595,2096 1667,2096 1739,2094 1811,2094 1883,2094"/>
                <TextEquiv>
                    <Unicode>⁋ Ad tertium secundum Dionysium quod in causis &amp; causatis non recipimus conversionem similitudinis &amp; aequalitatis: </Unicode>
                </TextEquiv>
            </TextLine>
            <TextLine id="r3l43" custom="readingOrder {index:41;}">
                <Coords points="431,2162 1896,2152 1855,2103 431,2117"/>
                <Baseline points="441,2151 513,2150 585,2148 657,2147 730,2145 802,2144 874,2144 946,2142 1019,2142 1091,2142 1163,2142 1235,2142 1308,2141 1380,2141 1452,2141 1524,2141 1597,2141 1669,2141 1741,2139 1813,2139 1886,2138"/>
                <TextEquiv>
                    <Unicode>Dico in principio quod ratio ista duplicem potest habere intellectum. Vnum. scilicet quod non recipimus conversionem aequalitatis</Unicode>
                </TextEquiv>
            </TextLine>
            <TextLine id="r3l44" custom="readingOrder {index:42;}">
                <Coords points="421,2207 1884,2194 1869,2148 421,2163"/>
                <Baseline points="431,2195 503,2193 575,2192 647,2191 719,2190 791,2189 863,2189 936,2189 1008,2187 1080,2187 1152,2187 1224,2187 1296,2187 1368,2186 1441,2186 1513,2186 1585,2186 1657,2186 1729,2184 1801,2184 1874,2183"/>
                <TextEquiv>
                    <Unicode>&amp; similitudinis inter relata vt semper &amp; mutuo &amp; vniformiter modo denominentur ab aequalitate &amp; modo a similitu</Unicode>
                </TextEquiv>
            </TextLine>
            <TextLine id="r3l45" custom="readingOrder {index:43;}">
                <Coords points="429,2249 1886,2236 1850,2192 428,2205"/>
                <Baseline points="438,2240 513,2238 589,2237 665,2237 740,2235 816,2235 892,2234 968,2234 1043,2232 1119,2232 1195,2232 1271,2232 1346,2231 1422,2231 1498,2231 1574,2231 1649,2231 1725,2231 1801,2229 1877,2229"/>
                <TextEquiv>
                    <Unicode>dine. Alim. scilicet quod non recipimus conversionem aequalitatis &amp; similitudinis inter se vt semper vniformiter con</Unicode>
                </TextEquiv>
            </TextLine>
            <TextLine id="r3l46" custom="readingOrder {index:44;}">
                <Coords points="422,2293 1864,2291 1884,2240 421,2249"/>
                <Baseline points="431,2285 503,2283 575,2282 647,2280 719,2280 792,2279 864,2279 936,2277 1008,2277 1080,2277 1153,2277 1225,2276 1297,2276 1369,2276 1441,2276 1514,2276 1586,2276 1658,2274 1730,2274 1802,2274 1875,2274"/>
                <TextEquiv>
                    <Unicode>sequuntur sese aequalitas &amp; similitudo secundum tres modos tactos in prima quaestione huius articuli. Rnden</Unicode>
                </TextEquiv>
            </TextLine>
            <TextLine id="r3l47" custom="readingOrder {index:45;}">
                <Coords points="426,2340 1883,2332 1847,2281 425,2293"/>
                <Baseline points="435,2333 510,2330 586,2328 662,2326 737,2324 813,2324 889,2322 965,2322 1040,2321 1116,2321 1192,2321 1268,2321 1343,2321 1419,2321 1495,2321 1571,2321 1646,2320 1722,2319 1798,2319 1874,2318"/>
                <TextEquiv>
                    <Unicode>dum est ergo primo secundum primum intellectum: deinde secundum alium. Dico ergo prosequendo primum intellectum</Unicode>
                </TextEquiv>
            </TextLine>
            <TextLine id="r3l48" custom="readingOrder {index:46;}">
                <Coords points="428,2383 1597,2387 1861,2375 1880,2332 428,2341"/>
                <Baseline points="438,2375 509,2373 581,2372 652,2370 724,2369 796,2369 867,2367 939,2367 1011,2367 1082,2367 1154,2366 1226,2366 1297,2366 1369,2366 1441,2366 1512,2366 1584,2366 1656,2366 1727,2366 1799,2366 1871,2364"/>
                <TextEquiv>
                    <Unicode>distinguendo quinque distinctionibus principalibus, quod duplex est conversio in relatiuis. Quaedam proprie dicta: quae</Unicode>
                </TextEquiv>
            </TextLine>
            <TextLine id="r3l49" custom="readingOrder {index:47;}">
                <Coords points="430,2436 1845,2427 1887,2381 430,2383"/>
                <Baseline points="438,2418 513,2417 589,2415 665,2415 740,2414 816,2414 892,2412 968,2412 1043,2412 1119,2412 1195,2411 1271,2411 1346,2411 1422,2411 1498,2411 1574,2411 1649,2409 1725,2409 1801,2409 1877,2408"/>
                <TextEquiv>
                    <Unicode>est conversio secundum idem nomen omnino &amp; secundum idem nominis significatum: quae fit &amp; contingit solummodo in relatiuis</Unicode>
                </TextEquiv>
            </TextLine>
            <TextLine id="r3l50" custom="readingOrder {index:48;}">
                <Coords points="430,2475 1887,2466 1875,2416 429,2436"/>
                <Baseline points="438,2465 513,2462 589,2461 665,2460 740,2459 816,2457 892,2457 968,2457 1043,2457 1119,2456 1195,2456 1271,2456 1346,2456 1422,2456 1498,2456 1574,2456 1649,2454 1725,2454 1801,2453 1877,2451"/>
                <TextEquiv>
                    <Unicode>relatione com. scilicet identitatis aequalitatis &amp; similitudinis: vbi vtrumque eorundem aequalium &amp; similium mutuo dicitur idem aequale &amp;</Unicode>
                </TextEquiv>
            </TextLine>
            <TextLine id="r3l51" custom="readingOrder {index:49;}">
                <Coords points="429,2522 1897,2517 1852,2459 428,2474"/>
                <Baseline points="438,2508 510,2507 582,2507 655,2505 727,2504 800,2504 872,2504 945,2502 1017,2502 1090,2502 1162,2501 1234,2501 1307,2501 1379,2501 1452,2499 1524,2499 1597,2499 1669,2499 1742,2498 1814,2498 1887,2496"/>
                <TextEquiv>
                    <Unicode>simile alteri. Quaedam vero alia est conversio in relatiuis coniter dicta: quae nec est secundum idem nomen penitus: nec se-</Unicode>
                </TextEquiv>
            </TextLine>
            <TextLine id="r3l52" custom="readingOrder {index:50;}">
                <Coords points="425,2567 1886,2553 1856,2506 425,2517"/>
                <Baseline points="435,2553 507,2552 579,2550 651,2550 723,2549 795,2549 867,2547 939,2547 1011,2547 1083,2547 1156,2546 1228,2546 1300,2546 1372,2546 1444,2546 1516,2546 1588,2546 1660,2544 1732,2544 1804,2543 1877,2543"/>
                <TextEquiv>
                    <Unicode>cundum idem noins significatum: quae contingit in primis duobus generibus relationum. In primo enim genere vnius relationis no</Unicode>
                </TextEquiv>
            </TextLine>
            <TextLine id="r3l53" custom="readingOrder {index:51;}">
                <Coords points="422,2612 1852,2609 1896,2553 422,2566"/>
                <Baseline points="431,2597 503,2597 576,2595 649,2595 722,2595 795,2594 867,2594 940,2593 1013,2592 1086,2592 1159,2592 1231,2591 1304,2591 1377,2591 1450,2589 1523,2589 1595,2589 1668,2589 1741,2588 1814,2588 1887,2588"/>
                <TextEquiv>
                    <Unicode>men imponitur ab actione, &amp; alterius a passione: &amp; in secundo vnius nomen imponitur a ratione mensurati, &amp; alterius a</Unicode>
                </TextEquiv>
            </TextLine>
            <TextLine id="r3l54" custom="readingOrder {index:52;}">
                <Coords points="426,2659 1894,2646 1862,2590 425,2610"/>
                <Baseline points="434,2642 506,2642 579,2640 651,2640 724,2639 796,2639 869,2637 941,2637 1014,2637 1086,2636 1159,2636 1231,2635 1304,2634 1376,2634 1449,2634 1521,2633 1594,2633 1666,2633 1739,2631 1811,2631 1884,2631"/>
                <TextEquiv>
                    <Unicode>ratione mensurae. Et sumendo coniter conversionem ad vtrumque modum conversionis, in omnibus relatiuis secundum tria</Unicode>
                </TextEquiv>
            </TextLine>
            <TextLine id="r3l55" custom="readingOrder {index:53;}">
                <Coords points="421,2706 1893,2696 1874,2643 421,2658"/>
                <Baseline points="431,2687 503,2685 576,2685 648,2684 721,2684 794,2682 866,2682 939,2681 1012,2681 1084,2681 1157,2681 1230,2679 1302,2679 1375,2679 1448,2679 1520,2678 1593,2678 1666,2678 1738,2678 1811,2676 1884,2676"/>
                <TextEquiv>
                    <Unicode>genera relationum &amp; secundum omnes modos illorum recipimus conversionem: &amp; hoc tam in diuinis quam in creatu</Unicode>
                </TextEquiv>
            </TextLine>
            <TextLine id="r3l56" custom="readingOrder {index:54;}">
                <Coords points="423,2752 1898,2756 1901,2682 422,2706"/>
                <Baseline points="432,2733 505,2732 578,2732 651,2731 724,2730 797,2730 870,2730 943,2729 1016,2729 1089,2729 1162,2727 1235,2727 1308,2727 1381,2727 1454,2726 1527,2726 1600,2726 1673,2724 1746,2724 1819,2724 1892,2724"/>
                <TextEquiv>
                    <Unicode>ris. prout dicit Philosophus in praedicamentis. Dia relatiua ad convertentiam dicuntur. accipiendo scilicet con</Unicode>
                </TextEquiv>
            </TextLine>
            <TextEquiv>
                <Unicode>uatum: &amp; eadem sigura lineamentorum circa superficiem: &amp; hoc secundum qualitatem in quantita-
te. Quae etsi assunt: tamen si id in quo sunt non sit ad alterius imitationem productum siue ab illo
siue ab alio: non dicitur esse eius imago quantuncunque sit illi simile &amp; aequale similitudine &amp; aequa-
litate quae sunt relationes communes. Similiter si sit ad alterius imitationem productum, &amp; non sit
simile aut aequale: non est imago: aut si in aliquo deficiat a similitudine aut aequalitate non est per-
fecta imago. Vlterius etiam si sit omnino aequale aut simile: &amp; ad alterius imitationem productum
ab alio aut etiam ab eodem: sed non materialiter, secundum quod imaginarius in ligno facit imaginem
sui, ex modo productionis non dicitur similitudo eius cuius est imago: quia solius naturae ex mo- 
do productionis suae est sibi in natura sua productum assimilare: &amp; tunc solummodo quando pro
ductum est simile producenti in natura sua, sicut est proles parenti, dicitur similitudo illius: &amp; ea-
dem ratione aequalitas, quoniam similitudo substantialis &amp; aequalitas perfectionalis semper vniformiter
sese consequuntur, vt habitum est supra. Propter quod dicit Augustius vi. de trinit. cap. x. de filio. In ipso
est prima aequalitas &amp; prima similitudo. Prima dicit ad differentiam secundae: quia haec aequalitas
&amp; similitudo ad proprietatem pertinet: quae est constitutiua personae filii. Aequalitas autem &amp; similitu-
do communes consequuntur tres personas constitutas: quae idcirco aequalitas secunda &amp; similitudo 
secunda dici possunt. Sed ista similitudo &amp; ista aequalitas propter identitatem numeralem naturae
in parente &amp; prole in diuinis dicitur nulla in re dissidens: quia est aequalitas: &amp; nulla ex parte dissimilis: quia
est similitudo: &amp; ad identitatem tantum illius est imago: quia est eiusdem naturae singularis in illo. Sed 
in creaturis propter diuersitatem naturae numeralem imago in prole in multo dissidens est &amp; dis-
similis: &amp; ad diuersitatem illius cuius est imago. Et quia talis similitudo &amp; aequalitas est in produ
cto ex modo productionis naturalis: igitur sunt relationes propriae in solo producto: &amp; non sunt re-
lationes communes producenti &amp; producto: sed proprie producto: quibus ad omnimodam aequali
tatem &amp; conformitatem producens sibi productum commensurat. Propter quod relatio imaginis ad 
rationem mensurati &amp; mensurae pertinet, quamuis mensura in diuinis non sit mensura secundum gra
dum determinatum: sed secundum immensitatem solum. Quae immensitas licet in se sit verissime
positiuum quid, tamen respectu intelligentiae nostrae a negatione mensurae gradualis imponitur. Vt
enim dicit Ricar. ii. de trinita. cap. vi. Immensum dicitur quod nulla mensura comprehenditur. &amp; ibi
dem. Immensum dicitur quod nulli mensurae aequale vel aequabile inuenitur. Et ideo sicut genitum &amp;
ingenitum eandem relationem important licet differenter secundum affirmationem &amp; negationem,
secundum Augustinus de triniitate. v. cap. vii. sic eandem relationem important mensum &amp; immensum si-
ue actiue siue passiue dicantur. Mensum enim siue mensuratum non est proprie nisi finitum: neque si
militer mensura nisi finiti mensurati, siue ipsa mensura sit finita siue infinita. Immensum autem siue
actiue sumatur siue passiue, semper infinitum est: &amp; non nisi infiniti. Et ideo dicitur imago relatio
ne reali sicut mensuratum ad imaginatum siue in diuinis siue in creaturis: &amp; econuerso imagina-
tum inquantum huiusmodi, relatione tantum secundum rationem ad imaginem: quia. scilicet imago dici-
tur ad ipsum: quamquam secundum rationem qua imago est naturaliter producta ab imaginato, est inter ipsos
relatio realis in vtroque pertinens ad primum genus relationis, quod est in actiuis &amp; passiuis. ⁋ Quod ergo dicitur
in argumento: aequalitas pertinet ad imaginem &amp;c. Dico quod verum est de aequalitate, propria, de quae procedit argumentum
&amp; quae pertinet ad secundum genus relationis. Non est autem verum de aequalitate pertinente ad tertium genus re-
lationis de qua est hic sermo. &amp; sic argumentum hoc procedit in aequiuoco sicut &amp; argumentum praecedens.
⁋ Ad tertium secundum Dionysium quod in causis &amp; causatis non recipimus conversionem similitudinis &amp; aequalitatis: 
Dico in principio quod ratio ista duplicem potest habere intellectum. Vnum. scilicet quod non recipimus conversionem aequalitatis
&amp; similitudinis inter relata vt semper &amp; mutuo &amp; vniformiter modo denominentur ab aequalitate &amp; modo a similitu
dine. Alim. scilicet quod non recipimus conversionem aequalitatis &amp; similitudinis inter se vt semper vniformiter con
sequuntur sese aequalitas &amp; similitudo secundum tres modos tactos in prima quaestione huius articuli. Rnden
dum est ergo primo secundum primum intellectum: deinde secundum alium. Dico ergo prosequendo primum intellectum
distinguendo quinque distinctionibus principalibus, quod duplex est conversio in relatiuis. Quaedam proprie dicta: quae
est conversio secundum idem nomen omnino &amp; secundum idem nominis significatum: quae fit &amp; contingit solummodo in relatiuis
relatione com. scilicet identitatis aequalitatis &amp; similitudinis: vbi vtrumque eorundem aequalium &amp; similium mutuo dicitur idem aequale &amp;
simile alteri. Quaedam vero alia est conversio in relatiuis coniter dicta: quae nec est secundum idem nomen penitus: nec se-
cundum idem noins significatum: quae contingit in primis duobus generibus relationum. In primo enim genere vnius relationis no
men imponitur ab actione, &amp; alterius a passione: &amp; in secundo vnius nomen imponitur a ratione mensurati, &amp; alterius a
ratione mensurae. Et sumendo coniter conversionem ad vtrumque modum conversionis, in omnibus relatiuis secundum tria
genera relationum &amp; secundum omnes modos illorum recipimus conversionem: &amp; hoc tam in diuinis quam in creatu
ris. prout dicit Philosophus in praedicamentis. Dia relatiua ad convertentiam dicuntur. accipiendo scilicet con</Unicode>
            </TextEquiv>
        </TextRegion>
    </Page>
</PcGts>
