2017 3187
111 260 1565 338 uertentiam pro conuersione dicta communiter ad vtrumque dictorum modorum. & hoc siue secundum eosdem
112 329 1562 377 casus siue secundum diuersos. Dicitur enim calefactum a calefaciente calefactum: & calefaciens calefa-
118 373 1560 428 ctum calefaciens: & similiter pater filii pater: & filius patris filius. & hoc secundum primum genus
119 423 1569 475 relationis. Dicitur etiam mensuratum mensura mensuratum: & mensura mensurati mensura: & si-
111 465 1565 516 militer dicimus imago imaginati imago: & imaginatum imagine imaginatum. & hoc penes secundum
116 505 1560 554 genus relationis. Dicimus etiam idem eidem idem: aequale aequali aequale: simile simili simile: & hoc
107 557 1558 610 secundum tertium genus relationis. ⁋ Loquendo autem de conversione primo modo scilicet proprie dicta: distin
113 605 1571 660 guendum est de causa & causato: quia accipiuntur aliquando proprie, prout causa describitur quod est
113 649 1560 697 id ad cuius esse sequitur aliud. & semper differunt re absoluta causa & causatum. Aliquando autem acci-
110 692 1565 745 piuntur communiter pro principio & principiato: prout in diuinis Damasc.s accipit causam pro prin
116 733 1574 789 cipio: & causatum pro principiato, vt tangitur in argumento. Et secundo modo sumendo causam & cau
114 777 1563 828 satum: distinguendum est de aequalitate & similitudine prout pertinent ad imaginem & ad secundum
107 824 1560 882 genus relationis: & prout pertinent ad tertium genus scilicet relationum conmunium. Secundum enim quod pertinent
104 876 1570 920 ad secundum genus: non recipimus in ipsis conuersionem quae est primo modo scilicet secundum idem nomen &
113 910 1560 968 idem nominis significatum. Non enim sicut dicitur aequale aequali aequale: aut simile simili simile: sic di
113 960 1568 1010 citur imago imagini imago: nec vniuersaliter mensuratum mensurati mensuratum. Recipimus tamen
104 1002 1568 1057 in ipsis conuersionem secundo modo scilicet secundum aliud nomen & aliud nominis significatum in ipsis relatio
105 1045 1560 1098 nibus, vt dictum est iam. Secundum vero quod pertinent ad tertium genus relationis, bene recipimus con
103 1094 1571 1151 uersionem in ipsis & in diuinis & in creaturis, sicut dictum est. Sumendo causam & causatum pri-
103 1142 1565 1188 mo modo scilicet proprie, distinguendum est de productione causati a causa. Aut enim est vniuoca & na-
107 1181 1571 1234 turalis scilicet secundum eandem naturam in causa & causato: & aequalem in forma & specie in ambobus.
115 1229 1564 1286 Aut est aequiuoca, & secundum aliam & aliam naturam in eisdem: & inaequalem in forma & specie: quae ple
103 1269 1560 1325 na & perfecta & secundum veritatem est in vno eorum: in altero autem per imitationem & participationem
115 1320 1559 1378 quandam. Si primo modo: aut ergo nomen aequalitatis & similitudinis imponitur principaliter
106 1362 1563 1416 a relatione: aut imponitur principaliter ab actione aut passione, quibus natura communicatur: ad
107 1411 1562 1460 quam sequitur relatio. Primo modo imponuntur haec nomina aequalitas & similitudo: siue aequale
115 1451 1573 1511 & simile. Secundo modo imponuntur haec nomina aequans aequatum: similans similatum. Et primo
115 1504 1572 1551 modo bene adhuc recipimus conuersionem proprie dictam aequalitatis & similitudinis in relatiuis
113 1539 1572 1595 tam in diuinis quam in creaturis. Sicut enim propter naturae vnitatem vnum eorum aequale aut simile est al
111 1584 1569 1648 teri: sic & econuerso: vt Petrus Paulo secundum humanitatem: & pater filio secundum deitatem. Secundo
116 1631 1567 1685 auntem modo in causis & causatis non recipimus conuersionem proprie dictam secundum aequalitatem & simi
110 1677 1570 1734 litudinem neque in diuinis, neque in creaturis, vt procedit quartum argumentum. Non enim sicut dicimus
104 1717 1565 1776 causatum aequatum causae aut similatum: sic dicimus econuerso causam aequatam aut similatam
114 1764 1573 1818 causato. Aequari enim & similari super esse aequale aut simile ponit quendam accessum ad vnitatem
110 1813 1566 1871 perfectam in quantitate & qualitate: & per hoc ad aequalitatem & similitudinem: & aequatum & similatum
113 1857 1560 1909 esse ponit acceptionem aequalitatis & similitudinis super esse simile & aequale: a quo nomen eius
116 1900 1575 1953 principaliter imponitur. Quae scilicet accessus & acceptio, non ponunt aliquod in causa, sed in causato tantum.
109 1944 1570 2000 Propter quod licet accepta aequalitate aut similitudine in causato a causa ambo dicuntur aequalia
102 1992 1566 2046 & similia: causatum tamen tantum dicitur aequatum & similatum: non autem causa: sed ipsa causa potius dicitur
110 2035 1571 2090 aequans & similans. Et sic recipimus conuersionem inter causam & causatum aequalitatis & simi-
102 2079 1573 2136 litudinis secundo modo conversionis: & vniverstale inter relatiua primo genere relationis: quod consistit: in
101 2123 1573 2185 actiuis & passiuis. Sicut enim dicuntur inter se calefaciens & calefactum: sic aequans & aequatum: si-
100 2171 1569 2222 milans & similatum. praeter hoc quod calefactum non dicitur nisi ad calefacientem: aequatum autem & simi-
106 2214 1570 2271 latum non solum dicuntur ad aequantem & similantem, qua. scilicet causat aequalitatem & similitudinem in alio: sed etiam
104 2270 1573 2319 ad illud secundum quod aequatur & similatur. Est enim aequatum aut similatum id quod accipit formam aequalita-
104 2300 1570 2362 tis aut similitudinis ab alio: & hoc ad imitationem alterius: siue illud alterum fuerit ipsum aequans
103 2358 1571 2405 aut similans: siue aliquid aliud. Vnde si quis ad imaginem primo factam aliam faceret aequalem & similem
107 2401 1562 2450 illi & ad illius imitationem, secunda diceretur adaequata & assimilata primae, & non econverso. Et hoc
106 2445 1557 2501 penes secundum genus relationis, quod consistit in commensurationibus: licet mutuo vtraque diceretur esse
107 2484 1566 2538 similis aut aequalis alteri secundum tertium genus relationis: & aequatum & similatum diceretur relatiue
104 2530 1569 2583 ad aequantem & similantem secundum primum genus relationis. Vnde si aliquis sit aequans & similans aliquid
105 2577 1562 2629 ad imitationem suiipsius: tunc aequatum & assimilatum inquantum huiusmodi referuntur ad aequantem & simi-
111 2629 1557 2686 lantem, inquantum est aequans & similans primo genere relationis. Inquantum vero ad imitationem eius
101 2661 1560 2719 aequatur & similatur: referuntur ad eundem secundo genere relationis. Inquantum vero aequatum & similatum
97 2717 1578 2777 facta sunt aequalia & similia: referuntur ad eundem conuersum tertio genere relationis. Et hoc vni
