2017 3139
164 276 1586 336 eorum se habet ad alterum per additionem. Nam aequale praesupponit simile, & addit paritatem in
167 329 1588 381 qualitate. Similia enim sunt quaecumque participantia eandem qualitatem specificam, etiam impariter & in
171 380 1594 422 aequaliter: sed non sunt aequalia nisi pariter & aequaliter participent illam. Adaequatio autem semper
158 414 1585 464 supponit aequalitatem super quancumque quantitatem fuerit fundata: & addit productum esse ad imi-
165 462 1593 507 tationem alicuius. Non enim ex hoc quod aliquid est alteri aequale, est ei aequatum, nisi sit ad illius
171 506 1590 559 imitationem productum. In causis & causatis communiter acceptis scilicet in diuinis: tantummodo recipi-
171 548 1594 604 mus conuersionem aequalitatis & similitudinis secundum vtrumque modum conuersionis in prima di-
169 590 1591 646 stinctione principali: dum tamen nomen aequalitatis & similitudinis principaliter imponatur
151 640 1599 692 a relatione, vt dicit membrum primum quintae distinctionis: & relatio aequalitatis & similitudi-
164 684 1595 734 nis sit relatio communis, non autem, propria filio pertinens ad imaginem, vt tactum est in tertia di-
169 724 1586 774 stinctione principali praecedente. Si enim nomen aequalitatis aut similitudinis imponatur prin
167 772 1586 828 cipaliter ab imitatione: vt dicitur aequatum & similatum: aut pertinet ad imaginem: tunc in
161 817 1590 871 diuinis non recipitur conuersio: sicut nec in creaturis, vt dictum est. Caeterum autem recipitur:
161 856 1588 902 & hoc quia in diuinis idem est fundamentum dictarum relationum in tribus personis. Ex illo enim
161 899 1593 951 sequitur etiam quod vna persona mutua sit eadem aequalis & similis alteri secundum primum modum
161 946 1588 995 intelligendi dictum Dionysii: & quod quaelibet personarum quantum est eadem alteri tantum sit aequalis &
159 991 1591 1045 similis mutuo, & econverso. ⁋ Breuiter ergo recolligendo iam dicta pertinentia ad dissolutionem
169 1034 1592 1084 tertiae & quartae rationis simul: Dico quod in casibus in quibus non recipimus conuersionem aequa-
158 1077 1591 1135 litatis aut similitudinis neque secundum primum intellectum dicti beati Dionysii, neque penes secundum
156 1128 1590 1180 vt quando est similitudo imitationis tantum in creaturis: aut nominis impositio est ab actu imitandi:
153 1169 1601 1216 aut relatio non est communis pertinens ad tertium genus relationis, sed potius ad secundum siue in
164 1212 1598 1261 diuinis siue in creaturis: aut quando est relatio communis. Sed cum recipimus conversionem patris secundum
162 1256 1597 1308 intellectum dicti beati Dionysii: quod contingit in creaturis tantum: non habent dictae relationes vnifor
162 1305 1601 1352 miter esse in relatis per ipsas: quia ipsa relatio est in vno eorum tantum: non autem in alio. In casibus vero
152 1346 1590 1402 in quibus recipimus conversionem aequalitatis: vt in creaturis quando est relatio communis significata
162 1392 1597 1450 principaliter nomine aequalitatis & similitudinis: habent dictae relationes esse vniformiter in relatis per
159 1439 1596 1491 ipsas semper. secundum primum intellectum dicti Dionysii: & quandoque secundum secundum: quandoque vero non. In diui
160 1479 1606 1537 nis vero quando est relatio communis significata nomine aequalitatis & similitudinis principaliter, semper
162 1523 1596 1579 habent dictae relationes esse in relatis per illas: & secundum primum intellectum, & secundum secundum. Et sic vni
155 1569 1603 1623 uersaliter quaecumque relationes vere communes sunt diuinis personis: omnino vniformiter habent esse in il
152 1610 1604 1664 lis personis. Et quando conversionem earum in illis recipimus: sic quod mutua relatione identitatis, aequali-
164 1663 1600 1712 tatis, & similitudinis inter se referuntur: aut non sunt de tertio genere relationis cones relationes:
159 1700 1594 1754 sed sunt de primo genere aut de secundo: aut non est impositio nominis principaliter a tali relatione
168 1744 1592 1801 sed ab actu imitandi: secundum quod haec omnia patent ex iam dictis. Et propter istam vniformitatem & conuersio
159 1789 1593 1838 nem mutuam dictarum relationum in personis diuinis: dicit Auinus, xv. de Trini. ca. xiiii. Pater genuit
161 1836 1598 1890 filium per omnia sibi similem & aequalem. Non autem dicit eundem: quia aliqua est identitas sui ad seipsum quae
155 1878 1594 1934 non est filii ad patrem, vt infra patebit, & supra tactum est in parte. Genuit autem pater filium sic per
161 1926 1597 1981 omnia sibi aequalem & similem atque eundem secundum modum identitatis quae in diuinis est personae ad per
160 1966 1605 2022 sonam: quod nec est nec esse potest omnino vna illarum alteri difformis in aequalitate, similitudi-
154 2014 1592 2066 ne, & identitate. Et hoc quia sunt eaedem similes & aequales propter vnam & eandem numero quam
161 2052 1606 2111 titatem, qualitatem, & substantiam in tribus personis absque susceptibilitate eius quod est maius & mi
164 2100 1595 2156 nus: & eius quod est magis & minus. Et dato per impossibile quod quantitas in diuinis augeretur aut di
159 2153 1600 2201 minueretur: & similiter qualitas aut substantia: cum tamen tres personae sint vna essentia, vna ma
167 2199 1599 2246 gnitudo, vna bonitas, vt dicit Augustinus. vi. de Trini. ca. ii. semper singula diuinarum persona
159 2233 1596 2286 rum aliis maneret aequalis similis & eadem qualitercumque fieret transmutatio secundum maius aut mi
163 2277 1595 2333 nus siue secundum magis & minus: sic quod impossibil e sit saltem secundum intellectum imaginari vnam
164 2328 1587 2375 alteri inaequalem aut dissimilem in aliquo: aut non eandem secundo modo identitatis superius tacto,
165 2365 1593 2421 Propter quod etiam in diuinis non est aequale priuatio eius quod est maius aut minus: nec simile pri
155 2416 1599 2468 uatio eius quod est magis & minus: sicut sunt in creaturis propter priuationem annexam illis. Sed in
162 2454 1595 2509 diuinis sunt purae positiones siue affirmationes quibus non sunt annexae priuationes, hoc est pos
162 2502 1577 2553 sibilitates aut habilitates ad contraria, sed negationes purae illorum. ⁋ Ad quintum: quod pater & filius
158 2542 1615 2597 singulariter dicuntur idem: non autem singulariter dicuntur similis aut aequalis: sed pluraliter tantum si-
158 2587 1584 2650 miles aut aequales: ergo &c. Dico ad huius intellectum: quod quia secundum praedicta, identitas, aequalitas,
170 2638 1583 2683 aut similitudo, non causantur a substantia quantitate & qualitate de proximo ratione substantiae quantita-
171 2676 1597 2742 tis & qualitatis inquantum huiusmodi: sed potius ratione vnius in quolibet illorum: & hoc non solummodo
