2017 3151
175 275 1608 343 communes in diuinis personis, distinctionem quandam diuinarum personarum ostendunt: aliam vero cau-
177 335 1599 394 sant. Ostendunt enim distinctionem personarum realem & essentialem quae est secundum relationes proprias
177 381 1607 438 & dissimiles, & quasi indiuiduorum diuersarum specierum quasi per diuersas differentias specificas consti
181 426 1604 489 tutarum, quae sunt paternitas, filiatio, & spiratio: sub quibus in tribus personis ad modum generis se
174 467 1604 528 habens commune est diuina essentia: praeter hoc quod cone in creaturis quod est genus, in diuersis spe
185 513 1602 564 ciebus est vnum secundum rationem tantum: & diuersum secundum rem. Econtra autem in diuinis cone quod est essentia
178 562 1609 616 est vnum singulare secundum rem in personis diuersis: & diuersum secundum rationem tantum. Et propterea in diui
182 605 1598 657 nis vnitate communis sunt personae plures simpliciter vnum. In creaturis autem vnitate communis non sunt
185 643 1607 694 plura supposita simpliciter vnum: sed solum cum determinatione generis aut speciei. dicente Augustinus v. de
182 696 1611 750 Trini. ca. iii. Cum dicitur vnum vt non addatur quid vnum: cum plura vnum dicuntur, eadem natura atque essen-
183 738 1608 792 tia non dissidens significatur. Causant autem dictae relationes communes in diuinis personis distinctionem
188 780 1595 839 personarum secundum rationem quasi accidentalem: & est quasi diuersorum indiuiduorum sub diuersis spe
178 824 1595 876 ciebus: & distinguuntur solum per materiam in qua recipiuntur species diuersae. ldentitas enim aequalitas
186 873 1608 929 & similitudo est alia & alia: quia est in alia persona & alia. Sicut enim albedo est alia & alia in Petro
181 914 1605 967 & Brunello secundum rem: sic aequalitas est alia secundum rationem in patre ad filium: & alia in filio ad pa
176 966 814 1021 trem. Et sic de identitate & similitudine.
179 979 1599 1058 ⁋ Quod ergo arguitur primo quod relationes communes sunt causaliter distinctiuae per-
176 1056 1605 1107 sonarum: quia Hilarius per illas probat distinctionem personarum: Dico quod verum est si probaret per distin-
173 1103 1609 1159 ctionem illarum in diuinis personis distinctionem personarum sicut effectum per causam. Nunc autem non est
186 1142 1594 1199 ita: immo solummodo probat vnam per alteram, sicut causam per effectum, sicut dictum est. ⁋ Ad secundum, quid
176 1188 1605 1244 non est relatio nisi distinguat: Dico quod verum est vel essentialiter, vel quasi accidentaliter. Nunc autem
171 1234 1609 1297 cones relationes (vt dictum est) non distinguunt diuersas personas essentialiter. Propter quod non dicuntur
178 1281 1269 1332 distinctiuae illarum. Distinguunt tamen illas quasi accidentaliter, vt dictum est.
449 1307 1601 1376 Irca Quartum arguitur quod tres modi relationum conmunium in deo dicuntur secundum
465 1374 1598 1426 relationem non substantiam, Primo sic. imago in eo quod imago similis est & aequalis.
462 1411 1607 1463 Nam dicit Aug. lxxxiii quaestionibus quaestione viii. Omnis imago est similis: sed non omne simile
459 1459 1602 1511 est imago. Et. q. lxxiiii. dicit de filio respectu patris. Imago eius est, quia de il
462 1500 1614 1551 lo est, & similitudo quia imago est. Et. vi. de Trini. ca. vlti. Imago si perfecte
443 1544 1608 1596 imitatur id cuius est imago: ipsa coaequatur ei. Si autem coaequetur, ergo est co-
177 1597 1613 1649 aequalis. sed imago secundum quod imago relatiue dicitur. Nam dicit Augustinus quod filius eo est imago quo
183 1632 1633 1691 filius: quo autem filius est, relatiue dicitur. ergo &c. ⁋ Secundo sic. Augustinus. v. de Trini. ca. vi. inqui
178 1677 1616 1726 rit secundum quid filius sit seu dicatur aequalis patri, dicens. Quia filius non ad filium dicitur relatiue: sed
180 1722 1616 1775 ad patrem: non secundum hoc quod ad patrem dicitur, aequalis est filius patri. per quod innuit (vt videtur) quod si
176 1763 1612 1822 in deitate duo essent filii, aequalis diceretur vnus alteri secundum quod ambo essent filii. & eadem ratione simi-
180 1811 1618 1861 lis. Sed si in diuinis esset alius filius, sicut tunc vnus filius ad alium conpararetur secundum aequalitatem
183 1857 1611 1910 aut similitudinem propter conformitatem filiationum: sic econtra modo cum vnus filius comparatur
185 1899 1607 1953 ad patrem qui non est filius secundum id quod est ad patrem, propter difformitatem paternitatis ad filiatio
185 1941 1605 1993 nem filius debet dici inaequalis aut dissimilis patri. id autem secundum quod ad patrem dicitur filius, est rela
177 1989 1606 2042 tio: secundum relationem ergo filius debet dici patri aequalis. & hoc alia relatione quam prnitate & filiatione
184 2023 1633 2089 fundata super illas relationes quae sunt paternitas & filiatio. ⁋ Tertio sic. sic se habet relatio ad rela a
182 2075 1606 2126 tionem: sicut se habet substantia ad substantiam: ergo permutatim sicut se habet substantia ad relationem
177 2123 1596 2174 sic se habet relatio ad substantiam. Sed substantia numquam dicitur secundum relationem: ergo nec relatio vnquam diciu
174 2163 1608 2221 secundum substantiam, quare cum identitas, aequalitas, & similitudo in diuinis relationes sint: non dicuntur secundum
177 2208 1599 2264 substantiam. Quare cum secundum Augustinus quaecumque sunt in diuinis aut secundum substantiam dicuntur aut secundum
176 2256 1605 2315 relationem: quia nihil in illis dicitur secundum accidens: dicuntur ergo in diuinis secundum relationem. ⁋ Quarto
174 2297 1605 2353 sic. secundum Augustinus v. de triniitate. ca. vii. secundum substantiam dici, est dici ad se. sed nulla relatio dicitur ad se:
175 2342 1599 2391 immo relatio dicitur ad aliud secundum praedicta. ergo &c. ⁋ In contrarium est Augustinus v. de triniitate. ca. vi. Qui per-
178 2388 1596 2434 scrutando secundum quid filius non dicitur aequalis patri. scilicet quod non secundum relationem qua dicitur ad patrem: sic
184 2435 1605 2488 concludit dicens. Restat igitur vt secundum substantiam sit aequalis, quare vlterius concludo, non secundum relatio
180 2484 1633 2532 nem: cum sint duo modi praedicandi seu dicendi ex opposito distincti in diuinis. ⁋ Praeterea ea quae conue
176 2524 1616 2578 niunt personis diuinis. secundum id quod est in eis simpliciter vnum, conveniunt eis: quia in quo diuinae personae sunt
184 2569 1608 2623 vnum: non est nisi ipsa diuina substantia, vt substantia est. Sed relationes cones intrinsecae tribus perso-
186 2609 1602 2656 nis (de quibus ad praesens est sermo: de communibus autem ad extrinsecum debet esse sermo loquendo de deo
181 2652 1605 2711 in comparatione ad creaturas) conveniunt diuinis personis secundum id in quo sunt vnum: quia super vnita
180 2699 1024 2766 tem omnes fundantur, vt habitum est supra. ergo &c.
