2017 3211
412 262 1893 340 & habeant commune & vnum quod ambo funt filii: secundum hoc ergo nec iidem, nec aequales, nec similes
408 336 1880 386 dicuntur, nec est filiatio existens in ambobus relatio communis: vt dictum est supra, articu. id est quaestid est de re-
417 381 1884 440 lationibus communibus. Nunc autem in diuinis non est ita qod scilicet idem sit pater & filius, neque respectu vnius, neque
408 425 1815 479 respectu diuersorum, nisi secundum Sabellium, qui ponit personarum confusionem in diuinis.
685 481 1889 562 Irca quintum arguitur quod distinctio & differentia relationum conmunium in deo con
700 555 1887 610 paratur ex comparatione ad easdem vt habent esse in creaturis, Primo sic. Diuina
703 598 1896 649 essentia siue deus & quicquid est in eo, vnum est & idipsum re & ratione sibi
710 647 1897 703 propria, & hoc absque omni pluralitate & distinctione. sed tale cum secundum se cum
692 697 1895 750 ratione sibi propria absque comparatione siue habitudine ad aliud extra appre-
629 734 1906 789 ral henditur quod est differens re: absque omni pluralitate & distinctione apprehenditur.
416 788 1896 840 ergo diuina essentia siue deus cum apprehenditur absque comparatione & habitudine ad aliud extra
419 827 1892 881 differens re: absque omni pluralitate & distinctione apprehenditur. Si autem absque omni pluralitate &
417 873 1888 925 distinctione: ergo & absque pluralitate & distinctione attributorum essentialium & relationum com
422 919 1894 967 munium: quia illarum distinctio & pluralitas apprehendi non potest fine distinctione & pluralitate
430 965 1884 1019 nter substantiam, qualitatem, & quantitatem: vt patet ex supra determinatis. ⁋ Secundo sic. Si circa
426 1007 1892 1066 essentiam diuinam apprehendantur plura distincta, hoc non potest esse nisi tripliciter: quia aut ap-
425 1051 1897 1107 prehendit illa distincta secundum se & simpliciter: aut per comparationem eorum adinuicem, aut per con-
426 1102 1887 1151 parationem ad similia re distincta in creaturis. Non primo modo, quia tunc per intellectum non
423 1149 1888 1204 esset talium distinctio: sed magis illa circa diuinam essentiam distincta inueniret, quod nullus concedit.
432 1188 1899 1243 Non secundo modo: quia comparabilia debent praecedere comparationem, & actus comparationis semper
426 1234 1896 1284 praesupponit distinctionem comparatorum. Relinquitur ergo modus tertius vt necessarius. ⁋ Con-
417 1280 1892 1338 tra, vbi potest esse maior distinctio, & minor. maior est distinctio diuinarum personarum quam attri
416 1325 1896 1384 butorum aut relationum communium consequentium illa: quare cum illa potest esse in diui-
419 1365 1106 1429 nis absque habitudine ad aliquid extra, & ista.
422 1412 1896 1486 ⁋ Ad quaestionis huius dissolutionem circa relationes communes fundatas super diui
425 1473 1887 1522 nam essentiam & attributa essentialia quae sunt quantitas & qualitas, quam supra determinauimus
428 1511 1906 1571 circa substantiam diuinam & eius attributa generaliter, & etiam ad ampliorem declarationem eo-
426 1561 1902 1608 rum quae tacta sunt ibi circa distinctionem attributorum & substantiae seu essentiae in deo, est hic
425 1605 1890 1656 aduertendum, quod ex omnibus quae per proprietatem de deo dicuntur, non est nisi vnicum. scilicet esse siue
427 1652 1903 1696 ens, a quo deus ipse dicitur & denominatur essentia, quod omnino proprie de ipso dicitur, & est pri
424 1694 1906 1749 ma & principalis ratio perfectionalis in deo existens, & ad dignitatem pertinens. Substantia enim non
415 1741 1902 1793 ita proprie de deo dicitur. dicente Augustius vii. de triniitate. ca. iiii. in fine. Sicut ab eo quod est esse appellatur
421 1786 1890 1836 essentia: ita etiam ab eo quod est subsistere substantiam dicimus, si tamen dignum est vt deus dicatur suba
418 1834 1900 1889 sistere. Et probato quod hoc non sit dignum, subdit in fine quinti capituli dicens. Et tamen siue essentia di
422 1874 1900 1923 catur, quod proprie dicitur, siue substantia, quod abusiue, vtrumque ad se dicitur, non relatiue. Intellige quod
416 1922 1903 1984 vtrumque eorum sic ad sei. i. absolute dicitur, quod neutrum eorum relationem aliquam aut respectum ex suo signi
410 1964 1893 2013 ficato importat, sicut nec aliquod aliorum absolutorum essentialium in diuinis praeter essentiam sim-
419 2014 1901 2071 plicissimum conceptum importat, qui primo aspectu de deo concipitur secundum se & absolute: caetera ve
407 2057 1898 2107 ro important conceptum essentiae sub aliqua ratione determinata concepta circa essentiam ex habitu
422 2101 1889 2152 dine ad aliquid aliud. Aspiciendo enim ad impositionem nominis substantia in diuinis, super rationem essen
420 2147 1889 2206 tiae quae absolutissima est rationem determinatam importat sumptam per intellectum ex respectu quem
413 2192 1889 2246 habet essentia ad caetera quae in diuinis concipiuntur: respectu quorum se habet essentia sicut subie-
428 2242 1887 2292 ctum & fundamentum. Dicitur enim essentia substantia a subsistendo quodammodo rationibus attributa
410 2281 1884 2337 libus, idealibus, perfectionalibus, & relationibus, inter quae propria ratio soli deo conveniens perfe-
416 2333 1896 2379 ctionalis consequens ordine rationis essentiam dei, est diuina immensitas: quae est quaedam diuina quam
414 2376 1890 2423 titas: vt infra declarabitur. Caetera vero diuina. scilicet & attributa & fundata in illis, nec non & aliae ra-
419 2421 1890 2471 tiones perfectionales existentes in diuina essentia: ordine quodam rationis in diuina substantia se-
418 2463 1897 2521 quuntur eius immensitatem, sicut quodammodo in corporalibus ad materiam immediate consequitur
423 2515 1881 2566 quantitas molis, & mediante illa caetera omnia. ⁋ De caeteris autem consideratis in immensitate diuina
426 2556 1879 2608 substantiae aduertendum est quod illa sunt rationes ideales, & attributales, & perfectionales: quae inihoc
409 2606 1887 2657 differunt quod rationes attributales sunt rationes quaedam perfectionales secundariae quasi diuinae naturae siue
426 2646 1897 2693 essentiae supadditae, & hoc in diuina essentia existentes vnitae, & in diuina notitia siue intelligen-
417 2692 1897 2749 tia existentes distinctae & plurificatae. Sunt autem rationes perfectionales primariae quasi diuinae essen
415 2736 1899 2808 tiae primo naturaliter inditae, in duplici genere. Quaedam enim sunt omnino absolutae & genera-
