2017 3199
147 292 1586 359 in omnibus laudat deum: si distinguat inter iustorum praemia & supplicia peccatorum: quemadmo-
159 357 1589 405 lum his duobus vniuersa creatura quam deus a se conditam regit, mirifica & paucis cognita pul
152 399 1580 448 chritudine decoratur. Nihil enim (vt dicit. iii. de trinita. cap. v.) Xit quod non de interiori inuisibili
154 444 1578 497 atque intelligibili aula summi imperatoris, aut iubetur, aut permittitur secundum ineffabilem iusti-
146 491 1578 538 tiam praemiorum atque poenarum, gratiarum & retributionum, in ista totius creaturae amplissima qua-
148 538 1577 591 dam, immensaque republica. Nota quod dicit gratiarum propter iustitiam distributiuam: retributionum
152 579 1576 630 propter iustitiam commutatiuam. Est igitur sciendum quod cum secundum Philosophum. v. Ethic. duae sunt species iu-
141 623 1590 689 stitiae: quoniam quaedam est commutatiua: quaedam vero distributiua: & distributiua duplex, quaedam quae
139 670 1580 725 distribuit liberaliter non secundum merita, & absque omni modo retributionis & commutationis:
139 713 1582 768 quaedam vero distribuit secundum merita, & hoc vel pure secundum merita, vel partim libera-
142 760 1581 809 liter, partim secundum merita: lustitia distributiua, quae distribuit liberaliter, & nullo modo
144 795 1593 858 secundum merita, illa non est iustitia simpliciter: sed vocatur liberalitas. & talis iustitia secundum actum
135 845 1584 903 suum propriissime est in deo, & distribuit omnibus secundum dignitatem & convenientiam. Vnde dicit
146 890 1582 940 Diony. viii. capite de diuinis nominibus. Vt iustus laudatur deus, sicut omnibus secundum dignitatem distri-
139 934 1578 992 buens. iuxta illud Matthaei. xxiiii. Dedit vnicuique secundum propriam virtutem. Et secundum hoc iustitia li
143 979 1588 1028 beralitatis propriissime est in deo, & est solum vere liberalis. Quia vere liberalis est quid dat alii sic: vt
139 1022 1581 1076 non fiat ei retributio vllo modo, sicut dicit Auicen. vi. metaphy. Distributiua vero iustitia quae
141 1070 1581 1123 est pure secundum merita, distribuit malis gradus poenarum secundum gradus peccatorum. Illa vero quae
145 1110 1584 1166 est partim secundum merita, partim liberalis, distribuit iustis praemia secundum merita, quae partim sunt
145 1162 1588 1216 a deo: quia non nisi per gratiam suam liberaliter datam, & partim per vsum liberi arbitrii ope-
145 1207 1581 1264 rantis cum gratia. Et habet ista iustitia distributiua aliquid commune cum conmunicatiua siue commu
145 1245 1571 1303 tatiua: quia hic datur hoc pro hoc, poena pro peccato, praemium pro merito. Et ideo de isto ge-
148 1291 1576 1345 nere iustitiae ponendae in deo dicimus, quod inquantum habet de liberalitate, habet esse in deo sim-
151 1338 1587 1390 pliciter: sicut & illa quae est pure liberalis. Inquantum vero vtraque istarum aliquid commune habet
149 1378 1587 1438 cum conicatiua: sic habent esse in deo, sicut & illa quae est conicatiua: de qua dicimus, quod cum ipsa non habet
155 1419 1576 1479 esse proprie nisi in illo quid aliquid dat, & pro illo aliquod aliud recipit: Deus autem a creatura nihil recipit:
149 1471 1581 1523 de ipsa inquam dicimus quod non habet esse proprie in deo: quia non est in ipsa conicatio dati & recepti proprie.
158 1518 1577 1564 uia tamen deus reputat sibi in iniuria peccata nostra, & acceptat quasi beneficia sibi facta bona
138 1560 1584 1618 nostra, per quandam similitudinem & metaphoram potest dici quod in ipso est iustitia commutatiua, cum red
135 1603 1578 1654 dit vnicuique secundum merita vel demerita. Et secundum hunc modum actus iustitiae deo conue-
145 1651 1588 1707 niunt vt administrat & gubernat omnem creaturam. Propter quid secundum hunc modum definit eam
141 1690 1589 1743 Macrobius sic. Exemplaris iustitia est, quod perenni lege a sempiterna operis sui continuatione non
137 1735 1582 1793 flectitur. Cum iustitiam politicam definiat solummodo penes operationem vnius hominis ad hominem
143 1778 1584 1840 & rerum ipsorum, dicens. Politica iustitia est seruare vnicuique quid suum est. In deo ergo dicimus
139 1825 1583 1874 vere esse iustitiam distributiuam, & quodammodo commutatiuam: nec repugnat deo ratio substantiae
134 1870 1580 1926 habitus: nec ratio obiecti: nisi inquantum determinatur in iustitia politica ad bonum humanum
136 1914 1588 1963 neque similiter actus nisi inquantum etiam actus determinatur ad bonum humanum, & inquantum actus
133 1958 1581 2014 iustitiae commutatiuae non convenit deo nisi per quandam similitudinem: vt dictum est. Aliae autem duae
137 2011 1587 2057 virtutes morales etsi quantum ad substantiam habitus in deo sunt (vt dictum est) proprie: quia tamen ob-
124 2049 1583 2098 iecta earum sunt passiones, circa quas sunt actus in eo cuius sunt: & passiones in deo nullo modo
122 2092 1587 2149 habent esse: idcirco quo ad actus & obiecta huiusmodi virtutes nullo modo sunt in deo: quia diuinae per
129 2137 1581 2190 fectioni repugnant. Vnde licet puritas simpliciter ponenda sit in deo, quae respondet temperantiae,
135 2187 1587 2236 & vigor qui respondet fortitudini, & haec secundum rationem sui nominis non determinantur ad passio-
132 2232 1590 2280 nes: temperantia tamen secundum se & species suas quae sunt castitas & sobrietas, quia secundum ra-
117 2269 1574 2327 tionem sui nominis determinatur ad passiones: & similiter fortitudo: ideo nullo modo proprie dicun-
119 2320 1584 2369 tur esse in deo: quia suae perfectiones aliquid imperfectionis secundum suum nomen semper includunt an-
127 2354 1581 2409 nexum. Sed secundum similitudinem dici possunt in deo, quando est accipere in deo similitudinem earum
125 2401 1575 2454 secundum rationem alicuius effectus eius circa creaturas. Et quia castitati & suis speciebus non est
120 2451 1575 2502 in deo inuenire simile: non enim est actio eius aliqua in qua se habet ad modum sobrii in cibo
131 2490 1584 2547 & potu, vel ad modum casti in actibus venereis: ideo secundum suum nomen nec etiam transumpti-
125 2539 1578 2586 ue, & per similitudinem dicuntur de deo. Quia si posset similitudo inueniri, possent secundum nomen suum
135 2581 1577 2633 transferri ad deum: quemadmodum transferuntur in ipsum fortitudo, magnanimitas, mansuetudo,
135 2632 1572 2684 patientia, & similiter misericordia, quae est pars iustitiae, remouendo ab eis quicquid in eis imper
127 2669 1571 2726 fectionis significatum est circa creaturas: vt passiones tristitiae a diuina misericordia, & doloris a di-
144 2711 1578 2784 uina patientia, & caetera huiusmodi. Quantum ergo ad rationem generis, & quo ad substantiam habi
