2017 3166
173 274 1626 338 idearum, ipsa attributa sunt ideae quaedam, eo quod non potest dici quod differunt sicut limitatum &
170 329 1615 383 illimitatum, nec occurrit alia differentia inter illa assignanda, nisi forte illa quae iam inferius
183 377 1620 429 assignabitur. & hoc clare falsum est. Necesse est ergo ponere attributa esse in deo: & distingui
172 420 1632 470 abinuicem absque omni habitudine ad aliqua eis respondentia in creaturis: prout superius de-
189 464 1621 519 terminauimus loquendo de attributis. Et per eundem modum dicendum est in deo poni relationes
189 511 1621 565 communes: & distingui inter se absque omni habitudine ad illa quae respondent eis in creaturis, de
195 540 1669 606 uo quaerit quaestio proposita. ⁋ Quod videtur sentire Augustinus vbi docet quod intelligimus deum esse ve A
183 596 1624 651 rum, bonum, & caetera talium, non reflectendo aciem mentis ad illa quae correspondent eis in creaturis,
169 640 1627 689 sicut ad nebulam phantasmatis: sed potius abstrahendo illa ab eis. Octauo enim de triniitate. ca. iii. dicit
182 685 1618 748 sic. Est trinitas deus vnus, solus, magnus, verus, veritas: quem si cogitare conamur, nullus cogitetur
184 731 1625 790 per locorum spatia contactus aut complexus: sed quicquid tale occurrerit sine vlla dubitatione re-
176 776 1617 826 spuatur. lta enim respuetur omne corporeum. In spiritualibus autem omne mutabile quod occurrerit:
171 821 1625 869 non putetur deus. Vbi paucis interpositis quae inferius iam apponentur, sequitur. Ecce, vide si po
176 866 1614 922 tes, deus veritas est, noli quaerere quid sit veritas. Statim enim occurrent caligines imaginum & ne-
182 909 1623 959 bula phantasmatum, & perturbabunt serenitatem quae primo ictu defluxit cum diceretur veritas. Ec-
176 953 1626 1011 ce in ipso primo ictu quo velut coruscatione perstringeris cum dicitur veritas, mane si potes: si
171 1001 1623 1051 non potes relaberis in ista solita atque terrena. & sequitur. c. iiii. Ecce verum: vide si potes: non amas
167 1040 1615 1088 certe nisi bonum. Et post pauca enumeratis pluribus bonis particularibus pertinentibus tam ad mo-
179 1082 1620 1139 res quam ad naturam & vsum rerum naturalium, in summa recolligens omnia: subdit dicens. Quid pluratus
180 1129 1627 1176 bonum hoc & bonum illud, vide ipsum bonum si potes: ita deum videbis non alio bono bonum: sed bo
183 1175 1626 1230 num omnis boni. & infra sequitur. Cum itaque audis bonum hoc & bonum illud, quae possunt alias dici
176 1216 1623 1270 etiam non bona: si poteris sine illis quae participatione boni bona sunt prospicere ipsum bonum
171 1265 1614 1321 cuius participatione bona sunt. Simul enim & ipsum intelligis cum audis hoc aut illud bonum. Si er
183 1311 1618 1364 go poteris illis detractis per se ipsum prospicere bonum, prospexeris deum. Sicut autem hoc dicit de ve
176 1352 1629 1410 ro & bono, similiter intellige & de caeteris attributis: atque aduerte quod dicit. Si ergo poteris illis subtra
170 1401 1616 1453 ctis per se ipsum prospicere bonum: prospexeris deum. Et vide an verum esse poterit quod de deo quod verus sit
171 1439 1618 1491 bonus, sapiens, aut aliquod aliorum huiusmodi, non prospicitur in ipso nisi ex habitudine ad similia
172 1485 1630 1534 illis correspondentia in creaturis. Certe nequaquam: immo habitudo ad illa impedit (vt dicit) ne sere-
175 1525 1618 1583 ne in deo conspici possint. Quia si in deo conspici poterunt absque dicta habitudine: poterit ergo simili
178 1574 1621 1624 ter conspici & illorum distinctio abinuicem & ab essentia: atque eorum pluralitas absque omni habitu
177 1622 1629 1673 dine dicta. Dico quantum est ex parte illorum vt cognoscibilia sunt in deo & de deo, & quantum
176 1662 1630 1717 est ex parte intellectus diuini: licet forte non quantum est parte intellectus nostri non simpliciter
176 1706 1617 1755 sed solummodo pro statu communi vitae praesentis, in quo intellectus noster se habet ad manifestissi-
169 1751 1621 1801 ma naturae, cuiusmodi sunt illa cognoscibilia de deo quantum est ex parte illorum, sicut se habet ocu
175 1794 1629 1849 lus vespertilionis ad lucem solis: vt dicitur in secundo Metaph. Eorte enim nihil quod dei est, siue essen
179 1840 1616 1891 tia, siue vita, siue bonitas, siue sapientia, siue intellectus, siue voluntas, siue generatio, siue spiratio, siue
176 1884 1617 1941 paternitas, siue filiatio, siue quodcumque aliud absolutum aut relatiuum pro statu communi vitae praesentis potest
177 1929 1629 1985 intelligi ab intellectu nostro etiam sub ratione attributi generalissimi nisi in habitudine ad sibi
173 1979 1617 2032 correspondens in creaturis: quemadmodum ab initio nullum illorum apprehendere potest de
181 2016 1622 2070 deo nisi quadam manuductione a similibus illis correspondentibus in creaturis. Et sic a diffe-
182 2059 1617 2117 rentia reali in creaturis procedit differentia rationis in attributis: econtrario illi quod dictum est iam supra
176 2106 1617 2160 de differentia idearum & ideatorum. Nec est in hoc vlla differentia in apprehensione illorum quae sunt
178 2151 1614 2200 absoluta & essentialia, & eorum quae sunt relatiua & personalia: quia quo ad omnia haec in creata natura con
177 2186 1668 2261 spicimus quid de increata sentire debeamus: vt dicit Ricar. i. de triniitate. c. iii. Est tamen ad hoc signum no-
176 2241 1608 2287 tissimum, quod omnia illa quantum est de se absque dicta habitudine ab intellectu nostro sunt cogno
173 2284 1618 2342 scibilia quantum est ex parte naturae ipsius: hoc videlicet, quod quanto ea quae simpliciter di-
189 2329 1627 2385 gnitatis sunt in creaturis, maiori abstractione & separatione ab eisdem intelligimus: tanto ma-
182 2375 1618 2429 gis syncerae cognitioni diuinorum appropinquamus. Quanto etiam intellectum nostrum a sensi-
176 2418 1617 2475 bus & sensibilibus abstrahimus amplius, & a nebulis phantasmatum & affectione seu amore cor-
170 2464 1616 2521 poralium sequestramus seu depuramus: aptior fit ad intelligendum diuina. dicente Augusti
180 2507 1618 2567 no de loanne euangelista in exponendo illud, In principio erat verbum, in principio super loan.
181 2551 1615 2610 Nisi transcenderet omnia quae creata sunt, non perueniret ad eum per quem facta sunt omnia.
175 2598 1609 2655 Debet autem abstractio diuinorum intelligibilium quae ex creaturis cognoscuntur, & simili-
169 2641 1620 2696 ter ipsius intellectus debentis illa intelligere, fore tanta: vt sint absque omni habitudine ad creata. Non
177 2680 1629 2745 solum enim debent a conditionibus creaturarum sequestrari: sed per abnegationem se habere ad illas.
