2017 3208
149 242 1631 317 tur per modum substantiae, sicut est cuiusque praedicamenti vt consideratur secundum id quod est aliquid in se: & exins
147 300 1629 359 in praedicamento suo. Et ad vnum in substantia quolibet horum modorum est identitas sui ad seipsum.
151 344 1625 411 Et ideo loquendo de identitate alicuius ad seipsum: identitas omne ens consequitur tam existens in di
149 399 1619 454 uinis quam in creaturis. Est enim deitas idem sibi: similiter bonitas, veritas, & quodlibet significans attributum
147 441 1613 506 aliquod in diuinis idem est sibi. Similiter paternitas est eadem sibi & filiatio: & quodlibet significans rela-
146 481 1627 547 tionem. Similiter pater est idem sibi: similiter filius sibi: & spiritus sanctus sibi. Et hoc secundum
149 531 1617 582 primum modum identitatis superius tactum. Sed loquendo de substantia primo modo specialiter, a qua impo-
153 576 1613 643 nitur ad significandum nomen pure absolute absque omni ratione respectus determinati, & quae est fundamen
145 622 1615 686 tum primum omnium determinatarum rationum & absolutorum & respectuum in diuinis: Sciendum quod ipsa dupliciter
151 662 1617 725 habet considerari. Vno modo vt est aliquid in seipsa & secundum seipsam, puta deitas vt est deitas simpli
151 712 1608 773 citer. Alio autem modo vt est aliquid alicuius. Et primo modo ad seipsam sequitur sola identitas secundum
144 755 1614 822 primum modum identitatis scilicet sui ad seipsam, qua ipsa dicitur eadem sibi secundum seipsam. Secundo au
152 796 1620 857 tem modo ad ipsam sequitur identitas penes secundum modum identitatis scilicet alicuius ad alterum, qua quaecumque
140 843 1617 906 quae sunt in diuinis diuersa seu distincta ratione, vt sunt attributa & relationes omnes: aut diuersa seu di
137 894 1616 944 stincta secundum rem, vt sunt personae: dicuntur esse eadem inter se. Secundum hunc enim modum dicimus
141 946 1620 1005 quod in diuinis bonitas est eadem veritati & econverso: quia vna substantia diuinitatis significata in vtro
140 991 1608 1039 quod, licet secundum aliam rationem & sub alio respectu. Et secundum hunc modum dictum est supra quod vnum
146 1034 1607 1089 quodque eorum scilicet diuinorum attributorum non minus est idem alteri quam sibi. Secundum hunc etiam modum in diui
137 1077 1613 1136 nis paternitas est eadem filiationi & non econverso: quia vna substantia diuinitatis significatur in vtro
146 1125 1622 1181 quod: licet sub ratione alterius respectus. Et secundum hunc modum etiam vnaquaeque relationum in diuinis non mi
140 1167 1616 1230 nus est eadem alteri quam sibi. Secundum hunc etiam modum pater est idem filio & econuerso: quia. scilicet vna singula
133 1204 1605 1264 ris deitas est in vtroque. Et secundum hunc etiam modum vnaquaeque diuinarum personarum non minus est
142 1261 1610 1314 eadem alteri quam sibi. immo isto modo, quo scilicet aliquid dicitur idem substantia vt ipsa est aliquid sui, nihil dici
141 1297 1618 1360 tur sibi idem: sed alteri tantum, vt habitum supra. Et vt generaliter loquar, isto medo eadem sunt inuicem
142 1341 1616 1409 singula quae sunt in diuinis singulis, puta bonitas, sapientia, prnitas, filiatio, pater, filius, & sic de caeteris.
139 1385 1613 1441 Et secundum hoc aduertendum, quod cum substantia quae deitas est in diuinis dicatur esse aliquod alicuius, substam
142 1434 1609 1491 tia largissime accipitur scilicet & prout alicuius dicitur substantia deitatis quia cum aliquo alio cadit in
141 1476 1610 1538 significato alicuius quod quasi integratur ex vtroque illorum: quemadmodum in persona cadunt substantia &
140 1526 1617 1585 relatio personae constitutiua: & prout substantia deitatis cadit in significato alicuius sub ratione absoluta
139 1568 1617 1648 sed accepta ex habitudine seu respectu & comparatione ad aliud, vt in attributis: vel qui est relatio, vt
137 1612 1532 1678 in nominibus relationum. Et secundum hoc concedenda est vltima ratio pro ista parte adducta.
139 1665 1600 1733 ⁋ Ad primam in oppositum quae probat quod in diuinis non est identitas, quia identitas
133 1718 1595 1779 est secundum vnitatem substantiae communis illis quae sunt eadem: qualis non potest esse in diuinis: quia substantiae relata
134 1756 1602 1829 & substantiae ad quam refertur esset substantia aliqua communis secundum quam referretur vnum eorum ad alterum: Dico quod ve
143 1810 1605 1866 rum est, quia sicut secundum Augustius vii. de triniitate. ca. primo, omnis essentia quae relatiue dicitur est aliquid excepto
137 1853 1614 1906 relatiuo: vt necesse sit differre relatum & relationem secundum quam formaliter refertur: sic omne relatum
143 1897 1608 1957 est aliquid excepto eo secundum quod refertur fundamentaliter. & sic identitate substantia refertur secundum substam
146 1937 1618 2003 tiam vnam communem relatis: sed tamen substantia quae refertur: & substantia ad quam refertur: & substantia secundum
140 1989 1612 2048 quam refertur: aliter non est nisi penitus vna & eadem substantia: puta quando est relatio identitatis alicuius ad
146 2035 1607 2086 eipsum: & hoc siue in diuinis siue in creaturis. Eadem enim substantia est vtriusque extremorum relatorum: quae secun
136 2074 1608 2133 dum rationem differt vt illa est vnum extremorum: & vt est alterum: & vt est substantia secundum quam referuntur, quae
144 2120 1612 2180 inquantum huiusmodi communis est illis secundum rationem, non vt aliquid illorum, sicut communis est substantia eadem nunero in diuin
140 2171 1605 2227 nis in relatis identitate secundo modo vt in patre & filio: neque vt contracta in illis, sicut communis est eadem sub
146 2210 1606 2269 stantia specie aut genere in creaturis relatis identitate forma enim speciei aut generis est aliquid cone suppo
140 2263 1614 2316 sitis quae illa referunt, puta humanitas Petro & Paulo cum dicuntur idem homo secundum speciem: vel animalitas
143 2300 1608 2363 Petro & Brunello cum dicuntur idem animal secundum genus. Continet enim quodlibet suppositorum substantiae
146 2345 1604 2399 creatae in se substantiam quae est forma speciei vel generis cum ratione determinante essentiam commu-
141 2394 1611 2449 nem in supposito: sicut quodlibet suppositum diuinum continet in se substantiam deitatis cum rela
147 2437 1617 2495 tione determinante suppositum continens essentiam communem. Sed substantia secundum quam
141 2482 1618 2533 referuntur relata primo modo identitatis, est totum quod sunt illa quae referuntur. Quae enim referuntur primo modo identita
133 2531 1610 2579 tis, referuntur inter se secundum substantiam: quae est totum id quod sunt relata. Referuntur enim inter se ratione totalitatis
136 2577 1611 2630 suae. Pltur enim in diuinis est idem prim siue sibiipsi secundum totum quod est pitir, continems scilicet essentiam cum, proprietate relati
153 2621 1608 2669 ua. Non sic autem referuntur inter se illa quae referuntur secundo modo identitati: sed referuntur inter se secundum substantiam
142 2666 1606 2724 quae est aliquid eorum quae referuntur, vel saltem aliquod alterius eorum. Non autem referuntur secundum substantiam quae est totum quid sunt
138 2709 1617 2779 ambo. Persona ei vna est eadem alteri personae, & relatio relationi, & attributum attributo, & singsa singulis
