<?xml version="1.0" encoding="UTF-8" standalone="yes"?>
<PcGts xmlns="http://schema.primaresearch.org/PAGE/gts/pagecontent/2013-07-15" xmlns:xsi="http://www.w3.org/2001/XMLSchema-instance" xsi:schemaLocation="http://schema.primaresearch.org/PAGE/gts/pagecontent/2013-07-15 http://schema.primaresearch.org/PAGE/gts/pagecontent/2013-07-15/pagecontent.xsd">
    <Metadata>
        <Creator>prov=University of Rostock/Institute of Mathematics/CITlab|PLANET AI GmbH/Gundram Leifert/gundram.leifert@planet-ai.de:name=Badius1520-m2(htr_id=24043)::::v=2.6.6
prov=University of Rostock/Institute of Mathematics/CITlab|PLANET AI GmbH/Tobias Gruening/tobias.gruening@planet-ai.de:name=de.uros.citlab.module.baseline2polygon.B2PSeamMultiOriented:v=2.6.6
prov=University of Rostock/Institute of Mathematics/CITlab|PLANET AI GmbH/Tobias Gruening/tobias.gruening@planet-ai.de:name=/net_tf/LA73_249_0mod360.pb:de.uros.citlab.segmentation.CITlab_LA_ML:v=2.6.6
Transkribus</Creator>
        <Created>2020-04-15T01:43:27.497+02:00</Created>
        <LastChange>2020-05-22T23:56:08.749+02:00</LastChange>
        <TranskribusMetadata docId="369791" pageId="14432777" pageNr="490" tsid="29524318" status="IN_PROGRESS" userId="25065" imgUrl="https://files.transkribus.eu/Get?id=AHSDAOPGIOUYFLCMDGRHKNRE&amp;fileType=view" xmlUrl="https://files.transkribus.eu/Get?id=EZERMQODBQRVGYDRGXGCYHTE" imageId="10395927"/>
    </Metadata>
    <Page imageFilename="489.jpg" imageWidth="2017" imageHeight="3217">
        <ReadingOrder>
            <OrderedGroup id="ro_1590235591699" caption="Regions reading order">
                <RegionRefIndexed index="0" regionRef="r5"/>
            </OrderedGroup>
        </ReadingOrder>
        <TextRegion orientation="0.0" id="r5" custom="readingOrder {index:0;}">
            <Coords points="389,217 389,2786 1884,2786 1884,217"/>
            <TextLine id="r5l2" custom="readingOrder {index:0;}">
                <Coords points="379,322 1821,339 1885,332 1885,259 379,273"/>
                <Baseline points="389,312 463,311 537,311 611,311 686,309 760,309 834,309 909,309 983,309 1057,310 1132,311 1206,311 1280,311 1354,311 1429,311 1503,311 1577,311 1652,311 1726,311 1800,310 1875,309"/>
                <TextEquiv>
                    <Unicode>lius enim secundum quodid est secundum id quod dicitur ad patrem scilicet secundum filiationem: est idem sibiipsi</Unicode>
                </TextEquiv>
            </TextLine>
            <TextLine id="r5l3" custom="readingOrder {index:1;}">
                <Coords points="382,367 1884,365 1816,315 382,324"/>
                <Baseline points="392,357 466,356 540,356 614,354 688,354 762,354 836,354 911,354 985,354 1059,354 1133,356 1207,356 1281,356 1355,356 1430,356 1504,356 1578,357 1652,357 1726,356 1800,356 1875,356"/>
                <TextEquiv>
                    <Unicode>sicut secundum substantiam: sed hoc prout ambo integrant rationem suppositi, vt iam expositum est.</Unicode>
                </TextEquiv>
            </TextLine>
            <TextLine id="r5l4" custom="readingOrder {index:2;}">
                <Coords points="391,415 1861,432 1888,367 391,367"/>
                <Baseline points="401,402 474,401 548,401 622,399 696,399 770,399 844,399 917,399 991,399 1065,401 1139,401 1213,401 1287,402 1361,402 1434,402 1508,404 1582,404 1656,402 1730,402 1804,402 1878,401"/>
                <TextEquiv>
                    <Unicode>Et isto secundo modo intellectus eius quod est secundum quod, intelligit Augustinus &amp; prosequitur suam</Unicode>
                </TextEquiv>
            </TextLine>
            <TextLine id="r5l5" custom="readingOrder {index:3;}">
                <Coords points="401,465 1286,467 1286,426 1214,409 401,417"/>
                <Baseline points="411,447 454,447 497,447 540,447 584,447 627,446 670,446 714,446 757,446 800,446 844,445 887,444 930,444 973,444 1017,445 1060,446 1103,446 1147,447 1190,447 1233,449 1277,450"/>
                <TextEquiv>
                    <Unicode>quaestionem, vt patet inspicienti dicta &amp; intentionem illius.</Unicode>
                </TextEquiv>
            </TextLine>
            <TextLine id="r5l6" custom="readingOrder {index:4;}">
                <Coords points="397,519 1884,511 1884,467 1676,440 397,467"/>
                <Baseline points="407,503 480,501 553,500 627,498 700,498 774,497 847,497 920,498 994,498 1067,498 1141,500 1214,500 1287,500 1361,501 1434,501 1508,501 1581,501 1654,501 1728,500 1801,500 1875,497"/>
                <TextEquiv>
                    <Unicode>⁋ Quod arguitur primo contra iam dicta, quod non est plena &amp; perfecta identitas pa-</Unicode>
                </TextEquiv>
            </TextLine>
            <TextLine id="r5l7" custom="readingOrder {index:5;}">
                <Coords points="391,560 1679,567 1883,559 1883,512 391,520"/>
                <Baseline points="401,549 474,547 548,546 622,545 695,545 769,545 843,545 916,545 990,546 1064,546 1138,546 1211,548 1285,548 1359,549 1432,549 1506,549 1580,549 1653,549 1727,549 1801,548 1875,546"/>
                <TextEquiv>
                    <Unicode>tris ad filium: quia maior est eius identitas alicuius vt patris ad seipsum: Dico quod falsum est. Licet ei</Unicode>
                </TextEquiv>
            </TextLine>
            <TextLine id="r5l8" custom="readingOrder {index:6;}">
                <Coords points="392,609 1891,606 1891,555 393,559"/>
                <Baseline points="402,593 479,591 557,591 635,590 713,590 791,590 869,590 946,591 1024,591 1102,592 1180,593 1258,593 1336,594 1413,594 1491,594 1569,594 1647,594 1725,594 1803,593 1881,591"/>
                <TextEquiv>
                    <Unicode>secundum plura sit identitas patris ad se quam ad filium: pater enim est idem sibi &amp; secundum substantiam</Unicode>
                </TextEquiv>
            </TextLine>
            <TextLine id="r5l9" custom="readingOrder {index:7;}">
                <Coords points="400,653 1746,660 1891,649 1891,604 400,607"/>
                <Baseline points="410,641 483,639 557,638 630,636 704,636 777,636 851,636 924,636 998,636 1071,638 1145,638 1219,638 1292,639 1366,639 1439,639 1513,641 1586,641 1660,639 1733,639 1807,639 1881,638"/>
                <TextEquiv>
                    <Unicode>&amp; secundum paternitatis proprietatem: est autem idem filio secundum substantiam tantummodo, vt patet ex</Unicode>
                </TextEquiv>
            </TextLine>
            <TextLine id="r5l10" custom="readingOrder {index:8;}">
                <Coords points="399,701 1813,704 1877,660 399,654"/>
                <Baseline points="408,684 481,683 554,681 627,681 700,680 773,680 846,681 919,681 992,681 1065,683 1138,684 1211,684 1284,686 1357,686 1430,687 1503,687 1576,687 1649,686 1722,686 1795,684 1868,681"/>
                <TextEquiv>
                    <Unicode>dictis: &amp; hoc sicut secundum plura, hoc est secundum plures vnitates, quaternarius est aequalis qua- </Unicode>
                </TextEquiv>
            </TextLine>
            <TextLine id="r5l11" custom="readingOrder {index:9;}">
                <Coords points="395,752 1869,744 1890,690 395,702"/>
                <Baseline points="405,729 478,728 552,728 626,726 700,726 774,726 847,726 921,728 995,728 1069,729 1143,730 1216,731 1290,732 1364,732 1438,732 1512,732 1585,732 1659,731 1733,731 1807,729 1881,726"/>
                <TextEquiv>
                    <Unicode>ternario quam binarius binario: non tamen maior est aequalitas patris ad seipsum quam ad filium: sicut non</Unicode>
                </TextEquiv>
            </TextLine>
            <TextLine id="r5l12" custom="readingOrder {index:10;}">
                <Coords points="403,791 1883,791 1883,744 1799,737 403,737"/>
                <Baseline points="413,776 486,774 559,773 632,773 705,773 778,773 851,773 924,773 997,774 1070,776 1143,776 1216,777 1289,777 1362,779 1435,779 1508,779 1581,777 1654,777 1727,776 1800,773 1874,771"/>
                <TextEquiv>
                    <Unicode>est maior aequalitas quaternarii ad quaternarium: quam binarii ad binarium: neque similiter maior est iden-</Unicode>
                </TextEquiv>
            </TextLine>
            <TextLine id="r5l13" custom="readingOrder {index:11;}">
                <Coords points="405,834 1817,840 1879,834 1879,790 405,791"/>
                <Baseline points="414,821 486,819 559,819 632,818 705,818 777,818 850,818 923,819 996,819 1068,821 1141,821 1214,822 1287,822 1359,824 1432,824 1505,824 1578,824 1650,822 1723,821 1796,819 1869,818"/>
                <TextEquiv>
                    <Unicode>titas essentiae ad essentiam quam patris ad filium: quia vtraque est secundum idem: &amp; nihil de identitate</Unicode>
                </TextEquiv>
            </TextLine>
            <TextLine id="r5l14" custom="readingOrder {index:12;}">
                <Coords points="407,884 1883,876 1883,835 1801,827 407,835"/>
                <Baseline points="416,869 488,867 561,866 634,864 707,864 780,864 853,864 926,864 999,866 1072,866 1145,867 1217,867 1290,869 1363,869 1436,869 1509,869 1582,869 1655,869 1728,867 1801,866 1874,863"/>
                <TextEquiv>
                    <Unicode>vel diuersitate ad paternitatem &amp; filiationem, sicut dictum est. ⁋ Quod arguitur primo pro syllogizando </Unicode>
                </TextEquiv>
            </TextLine>
            <TextLine id="r5l15" custom="readingOrder {index:13;}">
                <Coords points="397,923 1808,932 1890,917 1890,871 397,886"/>
                <Baseline points="407,914 480,912 554,911 627,910 701,909 775,909 848,909 922,909 996,911 1069,911 1143,912 1217,912 1290,914 1364,914 1438,915 1511,915 1585,915 1659,914 1732,913 1806,911 1880,909"/>
                <TextEquiv>
                    <Unicode>quod maior est identitas patris ad seipsum vel essentiae ad essentiam quam patris ad filium: quia patris ad </Unicode>
                </TextEquiv>
            </TextLine>
            <TextLine id="r5l16" custom="readingOrder {index:14;}">
                <Coords points="392,967 1894,978 1894,917 392,925"/>
                <Baseline points="401,957 475,956 549,956 623,956 697,956 771,956 845,956 920,956 994,956 1068,957 1142,957 1216,957 1290,959 1364,959 1439,959 1513,959 1587,959 1661,959 1735,959 1809,957 1884,956"/>
                <TextEquiv>
                    <Unicode>seipsum vel essentiae ad essentiam est identitas absque differentia relatorum reali: non sic patris ad si</Unicode>
                </TextEquiv>
            </TextLine>
            <TextLine id="r5l17" custom="readingOrder {index:15;}">
                <Coords points="400,1021 1893,1016 1893,964 400,962"/>
                <Baseline points="410,1004 483,1002 557,1002 630,1001 704,1001 778,1001 851,1001 925,1001 999,1001 1072,1002 1146,1002 1220,1004 1293,1004 1367,1004 1441,1004 1514,1004 1588,1004 1662,1004 1735,1002 1809,1002 1883,1001"/>
                <TextEquiv>
                    <Unicode>lium: quia realiter differunt scilicet relatiuis proprietatibus: Dico quod si sumatur differentia proprie, quae </Unicode>
                </TextEquiv>
            </TextLine>
            <TextLine id="r5l18" custom="readingOrder {index:16;}">
                <Coords points="392,1065 1734,1069 1890,1054 1890,1019 392,1022"/>
                <Baseline points="402,1050 475,1049 549,1047 623,1047 697,1047 771,1046 845,1047 919,1047 993,1047 1067,1047 1141,1049 1214,1049 1288,1049 1362,1049 1436,1050 1510,1049 1584,1049 1658,1049 1732,1047 1806,1046 1880,1044"/>
                <TextEquiv>
                    <Unicode>non est nisi ex absolutis, illa ponit diuersitatem proprie dictam: quae contrariatur identitati &amp; dimi-</Unicode>
                </TextEquiv>
            </TextLine>
            <TextLine id="r5l19" custom="readingOrder {index:17;}">
                <Coords points="398,1116 1876,1113 1889,1048 398,1064"/>
                <Baseline points="408,1095 481,1094 555,1092 628,1092 702,1092 776,1092 849,1092 923,1092 996,1092 1070,1092 1144,1092 1217,1094 1291,1094 1364,1094 1438,1094 1512,1095 1585,1095 1659,1095 1732,1094 1806,1094 1880,1092"/>
                <TextEquiv>
                    <Unicode>nuit eam cum secundum partem incidit in eodem cum identitate. Sed talis differentia non est in di</Unicode>
                </TextEquiv>
            </TextLine>
            <TextLine id="r5l20" custom="readingOrder {index:18;}">
                <Coords points="397,1156 1750,1159 1880,1148 1880,1111 397,1116"/>
                <Baseline points="407,1142 480,1140 553,1139 626,1137 699,1137 773,1137 846,1137 919,1137 992,1137 1065,1139 1139,1139 1212,1139 1285,1140 1358,1140 1431,1140 1505,1140 1578,1140 1651,1140 1724,1139 1797,1138 1871,1136"/>
                <TextEquiv>
                    <Unicode>uinis: sed solummodo contraria communiter accepta pro distinctione quae est ex relatiuis: quae non </Unicode>
                </TextEquiv>
            </TextLine>
            <TextLine id="r5l21" custom="readingOrder {index:19;}">
                <Coords points="404,1201 1880,1204 1880,1148 404,1158"/>
                <Baseline points="413,1187 485,1185 558,1184 631,1184 704,1182 777,1182 850,1182 923,1182 996,1182 1069,1184 1142,1184 1214,1184 1287,1185 1360,1185 1433,1185 1506,1185 1579,1185 1652,1185 1725,1184 1798,1184 1871,1182"/>
                <TextEquiv>
                    <Unicode>ponit diuersitatem nisi communiter acceptam: &amp; quae non contrariatur identitati nec diminuit eam</Unicode>
                </TextEquiv>
            </TextLine>
            <TextLine id="r5l22" custom="readingOrder {index:20;}">
                <Coords points="397,1249 1839,1249 1890,1200 397,1203"/>
                <Baseline points="407,1233 480,1232 554,1230 628,1230 701,1229 775,1229 849,1229 922,1229 996,1230 1070,1230 1144,1230 1217,1230 1291,1232 1365,1232 1438,1232 1512,1232 1586,1232 1659,1232 1733,1230 1807,1230 1881,1229"/>
                <TextEquiv>
                    <Unicode>omnino cum est incidens in eodem cum identitate, vt dictum est. ⁋ Quod arguitur secundo pro syllogizando quod </Unicode>
                </TextEquiv>
            </TextLine>
            <TextLine id="r5l23" custom="readingOrder {index:21;}">
                <Coords points="407,1290 1885,1294 1885,1240 407,1249"/>
                <Baseline points="417,1277 489,1275 562,1275 635,1275 708,1275 781,1274 854,1274 927,1274 1000,1275 1073,1275 1146,1275 1218,1275 1291,1275 1364,1275 1437,1275 1510,1275 1583,1275 1656,1275 1729,1275 1802,1275 1875,1274"/>
                <TextEquiv>
                    <Unicode>maior est identitas patris ad se quam ad filium: quia ad se est idem secundum totum: ad filium autem est</Unicode>
                </TextEquiv>
            </TextLine>
            <TextLine id="r5l24" custom="readingOrder {index:22;}">
                <Coords points="404,1335 1889,1340 1889,1292 1837,1286 404,1288"/>
                <Baseline points="414,1323 487,1322 560,1322 633,1320 707,1320 780,1320 853,1320 927,1320 1000,1320 1073,1320 1147,1320 1220,1322 1293,1322 1366,1322 1440,1322 1513,1322 1586,1322 1660,1322 1733,1322 1806,1322 1880,1320"/>
                <TextEquiv>
                    <Unicode>idem secundum aliquid sui: &amp; ita quasi secundum partem: &amp; maior est identitas secundum totum </Unicode>
                </TextEquiv>
            </TextLine>
            <TextLine id="r5l25" custom="readingOrder {index:23;}">
                <Coords points="397,1389 1884,1382 1862,1330 397,1335"/>
                <Baseline points="407,1370 480,1368 553,1367 627,1365 700,1365 773,1365 847,1365 920,1365 993,1365 1067,1365 1140,1365 1213,1367 1287,1367 1360,1367 1433,1367 1507,1368 1580,1368 1653,1367 1727,1367 1800,1367 1874,1365"/>
                <TextEquiv>
                    <Unicode>quam secundum aliquid sui vel secundum partem: Dico quod hoc vltimum verum est in illis solummodo </Unicode>
                </TextEquiv>
            </TextLine>
            <TextLine id="r5l26" custom="readingOrder {index:24;}">
                <Coords points="404,1437 1796,1433 1879,1422 1880,1381 404,1387"/>
                <Baseline points="413,1415 485,1413 558,1412 631,1412 704,1410 777,1410 850,1410 923,1410 996,1410 1069,1410 1142,1410 1214,1412 1287,1412 1360,1412 1433,1412 1506,1413 1579,1413 1652,1413 1725,1413 1798,1413 1871,1412"/>
                <TextEquiv>
                    <Unicode>quae vere sunt pars &amp; totum: vt in compositis ex materia &amp; forma. In illis enim maior est identitas</Unicode>
                </TextEquiv>
            </TextLine>
            <TextLine id="r5l27" custom="readingOrder {index:25;}">
                <Coords points="405,1469 1879,1484 1879,1421 405,1435"/>
                <Baseline points="414,1460 486,1458 559,1457 632,1457 705,1455 777,1455 850,1455 923,1455 996,1455 1068,1455 1141,1455 1214,1457 1287,1457 1359,1457 1432,1458 1505,1458 1578,1458 1650,1458 1723,1458 1796,1458 1869,1458"/>
                <TextEquiv>
                    <Unicode>inter illa quae sunt eadem secundum totum. scilicet &amp; secundum materiam &amp; secundum formam, quam inter illa quae</Unicode>
                </TextEquiv>
            </TextLine>
            <TextLine id="r5l28" custom="readingOrder {index:26;}">
                <Coords points="391,1519 1884,1523 1884,1475 1784,1466 391,1470"/>
                <Baseline points="401,1505 474,1505 548,1503 621,1503 695,1502 769,1502 842,1502 916,1502 990,1502 1063,1502 1137,1502 1211,1502 1284,1502 1358,1502 1432,1503 1505,1503 1579,1503 1653,1503 1726,1504 1800,1505 1874,1505"/>
                <TextEquiv>
                    <Unicode>sunt eadem secundum alterum eorum solum: qualiter non est ponere totum &amp; partem in diuinis pro-</Unicode>
                </TextEquiv>
            </TextLine>
            <TextLine id="r5l29" custom="readingOrder {index:27;}">
                <Coords points="398,1567 1891,1567 1891,1503 398,1521"/>
                <Baseline points="408,1551 481,1550 555,1548 628,1548 702,1548 776,1547 849,1547 923,1547 997,1547 1070,1547 1144,1547 1218,1547 1291,1547 1365,1548 1439,1548 1512,1548 1586,1548 1660,1550 1733,1550 1807,1550 1881,1550"/>
                <TextEquiv>
                    <Unicode>pter naturae siue essentiae diuinae simplicitatem. Suppositum enim licet contineat essentiam cum proprie</Unicode>
                </TextEquiv>
            </TextLine>
            <TextLine id="r5l30" custom="readingOrder {index:28;}">
                <Coords points="400,1606 1844,1612 1874,1556 400,1567"/>
                <Baseline points="410,1595 482,1593 555,1593 628,1593 701,1593 773,1592 846,1592 919,1592 992,1592 1064,1592 1137,1592 1210,1593 1283,1593 1355,1593 1428,1593 1501,1593 1574,1593 1646,1593 1719,1595 1792,1595 1865,1595"/>
                <TextEquiv>
                    <Unicode>tate relatiua secundum modum superius determinatum, non tamen est proprie totum ad vtrunque illo</Unicode>
                </TextEquiv>
            </TextLine>
            <TextLine id="r5l31" custom="readingOrder {index:29;}">
                <Coords points="397,1655 1760,1662 1875,1649 1875,1603 397,1605"/>
                <Baseline points="407,1641 479,1640 552,1638 625,1638 698,1638 771,1638 844,1638 917,1638 990,1638 1063,1638 1136,1638 1208,1638 1281,1640 1354,1640 1427,1640 1500,1640 1573,1640 1646,1640 1719,1640 1792,1640 1865,1640"/>
                <TextEquiv>
                    <Unicode>rum. Nec illa sunt partes suppositi: quia relatio non distinguit suppositum subsistens in essentia</Unicode>
                </TextEquiv>
            </TextLine>
            <TextLine id="r5l32" custom="readingOrder {index:30;}">
                <Coords points="403,1699 1880,1698 1858,1648 403,1654"/>
                <Baseline points="411,1686 484,1685 557,1685 630,1683 703,1683 776,1683 849,1683 922,1683 995,1683 1068,1683 1141,1683 1214,1683 1287,1683 1360,1683 1433,1683 1506,1683 1579,1685 1652,1685 1725,1685 1798,1685 1871,1685"/>
                <TextEquiv>
                    <Unicode>nisi ab opposito: seipsam etiam non distinguit nisi a relatione sibi opposita: non autem ab essentia</Unicode>
                </TextEquiv>
            </TextLine>
            <TextLine id="r5l33" custom="readingOrder {index:31;}">
                <Coords points="406,1740 1884,1735 1754,1687 406,1699"/>
                <Baseline points="416,1731 492,1731 569,1730 646,1730 723,1730 799,1730 876,1728 953,1728 1030,1728 1107,1730 1183,1730 1260,1730 1337,1730 1414,1730 1491,1730 1567,1730 1644,1731 1721,1731 1798,1731 1875,1731"/>
                <TextEquiv>
                    <Unicode>considerata in supposito vno in ordine ad essentiam eandem existentem in supposito alio: sed ratio</Unicode>
                </TextEquiv>
            </TextLine>
            <TextLine id="r5l34" custom="readingOrder {index:32;}">
                <Coords points="392,1792 1877,1795 1877,1740 392,1745"/>
                <Baseline points="401,1776 474,1776 547,1775 621,1775 694,1775 768,1773 841,1773 914,1773 988,1773 1061,1773 1135,1773 1208,1773 1281,1773 1355,1773 1428,1773 1502,1775 1575,1775 1648,1775 1722,1775 1795,1775 1869,1775"/>
                <TextEquiv>
                    <Unicode>sola illa abinuicem distinguit. Et sic essentia est aliquid suppositi vt in quo subsistit quasi materiali</Unicode>
                </TextEquiv>
            </TextLine>
            <TextLine id="r5l35" custom="readingOrder {index:33;}">
                <Coords points="399,1835 1874,1834 1832,1785 399,1788"/>
                <Baseline points="408,1820 480,1820 553,1820 626,1820 699,1820 772,1820 845,1820 918,1820 991,1820 1064,1820 1137,1820 1209,1820 1282,1820 1355,1820 1428,1820 1501,1820 1574,1820 1647,1821 1720,1821 1793,1821 1866,1821"/>
                <TextEquiv>
                    <Unicode>ter: Relatio vero est aliquid suppositi quo subsistit quasi formaliter, &amp; distiguitur ab opposito. Et hoc</Unicode>
                </TextEquiv>
            </TextLine>
            <TextLine id="r5l36" custom="readingOrder {index:34;}">
                <Coords points="392,1876 1795,1885 1881,1874 1881,1828 392,1833"/>
                <Baseline points="401,1866 474,1866 548,1866 621,1865 695,1865 768,1865 842,1865 915,1865 989,1865 1062,1865 1136,1865 1209,1865 1283,1865 1356,1865 1430,1865 1503,1865 1577,1866 1650,1866 1724,1866 1797,1866 1871,1866"/>
                <TextEquiv>
                    <Unicode>modo licet diuersimode totalitas suppositi vtrumque illorum contineat, est tamen improprie totalitas in</Unicode>
                </TextEquiv>
            </TextLine>
            <TextLine id="r5l37" custom="readingOrder {index:35;}">
                <Coords points="406,1918 1834,1930 1875,1874 406,1881"/>
                <Baseline points="416,1911 488,1911 561,1910 633,1910 706,1910 778,1910 851,1910 923,1910 996,1910 1068,1910 1141,1910 1213,1910 1286,1910 1358,1910 1431,1910 1503,1910 1576,1911 1648,1911 1721,1911 1793,1911 1866,1911"/>
                <TextEquiv>
                    <Unicode>continente vtrunque: &amp; contenta improprie habent rationem partialitatis. Et in talibus non est maior idem</Unicode>
                </TextEquiv>
            </TextLine>
            <TextLine id="r5l38" custom="readingOrder {index:36;}">
                <Coords points="391,1965 1882,1977 1864,1919 391,1928"/>
                <Baseline points="401,1956 474,1956 548,1955 621,1955 695,1955 768,1955 842,1955 915,1955 989,1955 1062,1955 1136,1955 1210,1955 1283,1955 1357,1955 1430,1955 1504,1955 1577,1956 1651,1956 1724,1956 1798,1956 1872,1956"/>
                <TextEquiv>
                    <Unicode>titas illa quae est secundum totum quam illa quae est secundum partem: &amp; hoc quia tales scilicet partes, nullam con</Unicode>
                </TextEquiv>
            </TextLine>
            <TextLine id="r5l39" custom="readingOrder {index:37;}">
                <Coords points="398,2019 1877,2022 1851,1965 398,1965"/>
                <Baseline points="407,2003 480,2001 553,2001 626,2001 699,2000 772,2000 845,2000 918,2000 991,2000 1064,2000 1137,2000 1210,2000 1283,2000 1356,2000 1429,2000 1502,2001 1575,2001 1648,2001 1721,2001 1794,2001 1868,2001"/>
                <TextEquiv>
                    <Unicode>positionem ponunt in tali toto: &amp; quia identitas non sequitur vnum in substantia vt solummodo no</Unicode>
                </TextEquiv>
            </TextLine>
            <TextLine id="r5l40" custom="readingOrder {index:38;}">
                <Coords points="397,2056 1875,2064 1875,2023 1795,2008 397,2019"/>
                <Baseline points="407,2046 483,2046 560,2046 637,2046 714,2046 790,2046 867,2046 944,2045 1021,2045 1098,2045 1174,2045 1251,2045 1328,2045 1405,2045 1482,2045 1558,2046 1635,2046 1712,2046 1789,2048 1866,2048"/>
                <TextEquiv>
                    <Unicode>minat essentiam quae est vere substantia: neque vt solummodo nominat substantiam quae est suppo</Unicode>
                </TextEquiv>
            </TextLine>
            <TextLine id="r5l41" custom="readingOrder {index:39;}">
                <Coords points="394,2104 1869,2104 1869,2062 1760,2054 394,2061"/>
                <Baseline points="402,2091 474,2091 547,2091 620,2091 693,2091 766,2091 839,2090 912,2090 985,2090 1058,2090 1131,2090 1203,2090 1276,2090 1349,2090 1422,2090 1495,2091 1568,2091 1641,2091 1714,2091 1787,2091 1860,2093"/>
                <TextEquiv>
                    <Unicode>situm: sed etiam vt nominat quodcunque consideratum secundum rationem substantiae: siue sit essen.</Unicode>
                </TextEquiv>
            </TextLine>
            <TextLine id="r5l42" custom="readingOrder {index:40;}">
                <Coords points="404,2151 1845,2159 1874,2103 404,2108"/>
                <Baseline points="414,2138 486,2138 559,2138 631,2137 704,2136 776,2136 849,2136 921,2136 994,2136 1066,2136 1139,2136 1212,2136 1284,2136 1357,2136 1429,2136 1502,2136 1574,2138 1647,2138 1719,2138 1792,2138 1865,2139"/>
                <TextEquiv>
                    <Unicode>tia quae est vere substantia: siue sit suppositum: siue fuerit quodcunque reale aut qualemcunque realita</Unicode>
                </TextEquiv>
            </TextLine>
            <TextLine id="r5l43" custom="readingOrder {index:41;}">
                <Coords points="397,2192 1878,2199 1878,2155 1771,2142 397,2155"/>
                <Baseline points="407,2181 480,2181 553,2181 626,2181 699,2181 772,2181 845,2181 918,2181 991,2180 1064,2180 1138,2180 1211,2180 1284,2180 1357,2180 1430,2180 1503,2181 1576,2181 1649,2181 1722,2183 1795,2184 1869,2186"/>
                <TextEquiv>
                    <Unicode>tem habens. &amp; haec est per se ratio communis substantiae ad quam sequitur identitas. Vnde quia eadem ra</Unicode>
                </TextEquiv>
            </TextLine>
            <TextLine id="r5l44" custom="readingOrder {index:42;}">
                <Coords points="400,2237 1882,2244 1828,2192 401,2200"/>
                <Baseline points="410,2226 483,2226 556,2226 629,2226 702,2226 775,2226 848,2226 921,2226 994,2225 1067,2225 1141,2225 1214,2225 1287,2226 1360,2226 1433,2226 1506,2226 1579,2228 1652,2228 1725,2229 1798,2229 1872,2231"/>
                <TextEquiv>
                    <Unicode>tione omnimode &amp; secundum totum &amp; secundum aliquid sui dicitur pater idem sibi secundum totum, &amp;</Unicode>
                </TextEquiv>
            </TextLine>
            <TextLine id="r5l45" custom="readingOrder {index:43;}">
                <Coords points="396,2289 1881,2298 1861,2239 396,2237"/>
                <Baseline points="405,2271 478,2271 551,2271 625,2271 698,2271 771,2271 845,2271 918,2270 991,2270 1065,2270 1138,2270 1211,2270 1285,2270 1358,2270 1431,2271 1505,2271 1578,2272 1651,2273 1725,2274 1798,2276 1872,2277"/>
                <TextEquiv>
                    <Unicode>filio secundum aliquid sui: idcirco nequaquam maiori identitare dicitur pater idem sibi quam filio: licet quo </Unicode>
                </TextEquiv>
            </TextLine>
            <TextLine id="r5l46" custom="readingOrder {index:44;}">
                <Coords points="402,2338 1876,2336 1840,2282 402,2292"/>
                <Baseline points="411,2321 483,2319 556,2319 629,2318 702,2317 774,2316 847,2316 920,2316 993,2316 1065,2316 1138,2316 1211,2316 1284,2316 1356,2316 1429,2316 1502,2316 1575,2318 1647,2318 1720,2319 1793,2319 1866,2319"/>
                <TextEquiv>
                    <Unicode>quo modo secundum plura vt dictum est: etsi de identitate patris ad seipsum aliquid ad relatio- </Unicode>
                </TextEquiv>
            </TextLine>
            <TextLine id="r5l47" custom="readingOrder {index:45;}">
                <Coords points="403,2374 1875,2380 1862,2334 1660,2324 403,2337"/>
                <Baseline points="413,2364 485,2363 558,2363 630,2363 703,2361 776,2361 848,2361 921,2361 994,2360 1066,2360 1139,2360 1212,2360 1284,2360 1357,2361 1430,2361 1502,2361 1575,2363 1648,2364 1720,2364 1793,2366 1866,2369"/>
                <TextEquiv>
                    <Unicode>nem pertinet quae est paternitas: nihil autem ad ipsam de identitate patris ad filium, secundum prae</Unicode>
                </TextEquiv>
            </TextLine>
            <TextLine id="r5l48" custom="readingOrder {index:46;}">
                <Coords points="397,2421 1878,2428 1852,2374 397,2374"/>
                <Baseline points="407,2409 480,2409 553,2408 626,2408 699,2408 772,2406 845,2406 918,2406 991,2406 1064,2406 1138,2406 1211,2406 1284,2406 1357,2406 1430,2406 1503,2408 1576,2408 1649,2409 1722,2409 1795,2411 1869,2411"/>
                <TextEquiv>
                    <Unicode>dicta. Vel potest dici quod vna harum identitatum non potest dici maior alia quia non penitus vniuo</Unicode>
                </TextEquiv>
            </TextLine>
            <TextLine id="r5l49" custom="readingOrder {index:47;}">
                <Coords points="404,2464 1884,2468 1884,2427 1815,2419 404,2427"/>
                <Baseline points="413,2454 486,2453 559,2453 632,2453 705,2451 778,2451 851,2451 924,2451 997,2451 1070,2451 1143,2451 1216,2451 1289,2451 1362,2451 1435,2453 1508,2453 1581,2454 1654,2454 1727,2456 1800,2457 1874,2459"/>
                <TextEquiv>
                    <Unicode>ce dicitur pater idem sibi primo modo identitatis, &amp; idem filio secundo modo, propter praedictam</Unicode>
                </TextEquiv>
            </TextLine>
            <TextLine id="r5l50" custom="readingOrder {index:48;}">
                <Coords points="397,2514 1875,2511 1875,2470 1751,2462 397,2469"/>
                <Baseline points="407,2499 479,2499 552,2498 625,2498 698,2498 771,2498 844,2498 917,2496 990,2496 1063,2496 1136,2496 1208,2498 1281,2498 1354,2498 1427,2498 1500,2498 1573,2499 1646,2499 1719,2501 1792,2501 1865,2502"/>
                <TextEquiv>
                    <Unicode>distinctionem illorum duorum modorum: &amp; in solis vniuocis habet locum comparatio secundum </Unicode>
                </TextEquiv>
            </TextLine>
            <TextLine id="r5l51" custom="readingOrder {index:49;}">
                <Coords points="389,2557 1873,2557 1873,2518 1739,2507 389,2516"/>
                <Baseline points="398,2544 471,2543 544,2543 617,2543 691,2543 764,2543 837,2541 910,2541 984,2541 1057,2541 1130,2541 1203,2541 1277,2541 1350,2541 1423,2541 1496,2543 1570,2543 1643,2544 1716,2546 1789,2547 1863,2549"/>
                <TextEquiv>
                    <Unicode>magis &amp; minus. Licet enim sit album in voce &amp; album in colore secundum Philosophum in Top</Unicode>
                </TextEquiv>
            </TextLine>
            <TextLine id="r5l52" custom="readingOrder {index:50;}">
                <Coords points="399,2607 1881,2612 1881,2560 1749,2550 399,2562"/>
                <Baseline points="408,2588 481,2588 554,2588 627,2588 700,2588 774,2588 847,2588 920,2588 993,2588 1066,2588 1140,2588 1213,2588 1286,2588 1359,2588 1432,2588 1506,2589 1579,2589 1652,2591 1725,2591 1798,2592 1872,2592"/>
                <TextEquiv>
                    <Unicode>non tamen dicitur vox albior colore propter non vniuoce dici album de vtroque. ⁋ Quod arguitur secundo </Unicode>
                </TextEquiv>
            </TextLine>
            <TextLine id="r5l53" custom="readingOrder {index:51;}">
                <Coords points="408,2650 1819,2660 1868,2602 408,2604"/>
                <Baseline points="417,2633 489,2633 561,2633 633,2633 705,2633 777,2633 849,2631 921,2631 993,2631 1065,2631 1138,2631 1210,2631 1282,2631 1354,2631 1426,2633 1498,2633 1570,2634 1642,2636 1714,2637 1786,2638 1859,2640"/>
                <TextEquiv>
                    <Unicode>principaliter: si plene &amp; perfecte pater esset idem filio: vere posset vnum praedicari de altero: &amp; dici quod pa</Unicode>
                </TextEquiv>
            </TextLine>
            <TextLine id="r5l54" custom="readingOrder {index:52;}">
                <Coords points="392,2692 1878,2697 1839,2643 392,2650"/>
                <Baseline points="402,2678 475,2678 548,2678 622,2678 695,2678 768,2678 842,2678 915,2678 988,2678 1062,2678 1135,2678 1208,2678 1282,2678 1355,2678 1428,2678 1502,2679 1575,2679 1648,2679 1722,2681 1795,2682 1869,2682"/>
                <TextEquiv>
                    <Unicode>ter est filius &amp; econverso: Dico quod hoc secundum Boethium non habet veritatem nisi de illis quae sunt idem</Unicode>
                </TextEquiv>
            </TextLine>
            <TextLine id="r5l55" custom="readingOrder {index:53;}">
                <Coords points="393,2739 1835,2751 1873,2702 393,2693"/>
                <Baseline points="402,2723 475,2723 548,2723 621,2723 694,2721 767,2721 840,2721 913,2721 986,2721 1059,2723 1132,2723 1205,2723 1278,2723 1351,2723 1424,2724 1497,2724 1570,2726 1643,2726 1716,2727 1789,2727 1863,2729"/>
                <TextEquiv>
                    <Unicode>primo modo identitatis. Nec est vera illa propositio, Nulla propositio verior est illa in qua idem prae</Unicode>
                </TextEquiv>
            </TextLine>
            <TextLine id="r5l56" custom="readingOrder {index:54;}">
                <Coords points="386,2787 1875,2797 1849,2734 386,2745"/>
                <Baseline points="396,2769 469,2769 543,2769 616,2769 690,2769 763,2769 837,2769 910,2769 984,2769 1057,2769 1131,2769 1204,2769 1278,2769 1351,2769 1425,2769 1498,2771 1572,2771 1645,2772 1719,2772 1792,2774 1866,2775"/>
                <TextEquiv>
                    <Unicode>dicatur de eodem. nisi intelligendo de eodem primo modo identitatis. Vnde non dicit Boethius</Unicode>
                </TextEquiv>
            </TextLine>
            <TextEquiv>
                <Unicode>lius enim secundum quodid est secundum id quod dicitur ad patrem scilicet secundum filiationem: est idem sibiipsi
sicut secundum substantiam: sed hoc prout ambo integrant rationem suppositi, vt iam expositum est.
Et isto secundo modo intellectus eius quod est secundum quod, intelligit Augustinus &amp; prosequitur suam
quaestionem, vt patet inspicienti dicta &amp; intentionem illius.
⁋ Quod arguitur primo contra iam dicta, quod non est plena &amp; perfecta identitas pa-
tris ad filium: quia maior est eius identitas alicuius vt patris ad seipsum: Dico quod falsum est. Licet ei
secundum plura sit identitas patris ad se quam ad filium: pater enim est idem sibi &amp; secundum substantiam
&amp; secundum paternitatis proprietatem: est autem idem filio secundum substantiam tantummodo, vt patet ex
dictis: &amp; hoc sicut secundum plura, hoc est secundum plures vnitates, quaternarius est aequalis qua- 
ternario quam binarius binario: non tamen maior est aequalitas patris ad seipsum quam ad filium: sicut non
est maior aequalitas quaternarii ad quaternarium: quam binarii ad binarium: neque similiter maior est iden-
titas essentiae ad essentiam quam patris ad filium: quia vtraque est secundum idem: &amp; nihil de identitate
vel diuersitate ad paternitatem &amp; filiationem, sicut dictum est. ⁋ Quod arguitur primo pro syllogizando 
quod maior est identitas patris ad seipsum vel essentiae ad essentiam quam patris ad filium: quia patris ad 
seipsum vel essentiae ad essentiam est identitas absque differentia relatorum reali: non sic patris ad si
lium: quia realiter differunt scilicet relatiuis proprietatibus: Dico quod si sumatur differentia proprie, quae 
non est nisi ex absolutis, illa ponit diuersitatem proprie dictam: quae contrariatur identitati &amp; dimi-
nuit eam cum secundum partem incidit in eodem cum identitate. Sed talis differentia non est in di
uinis: sed solummodo contraria communiter accepta pro distinctione quae est ex relatiuis: quae non 
ponit diuersitatem nisi communiter acceptam: &amp; quae non contrariatur identitati nec diminuit eam
omnino cum est incidens in eodem cum identitate, vt dictum est. ⁋ Quod arguitur secundo pro syllogizando quod 
maior est identitas patris ad se quam ad filium: quia ad se est idem secundum totum: ad filium autem est
idem secundum aliquid sui: &amp; ita quasi secundum partem: &amp; maior est identitas secundum totum 
quam secundum aliquid sui vel secundum partem: Dico quod hoc vltimum verum est in illis solummodo 
quae vere sunt pars &amp; totum: vt in compositis ex materia &amp; forma. In illis enim maior est identitas
inter illa quae sunt eadem secundum totum. scilicet &amp; secundum materiam &amp; secundum formam, quam inter illa quae
sunt eadem secundum alterum eorum solum: qualiter non est ponere totum &amp; partem in diuinis pro-
pter naturae siue essentiae diuinae simplicitatem. Suppositum enim licet contineat essentiam cum proprie
tate relatiua secundum modum superius determinatum, non tamen est proprie totum ad vtrunque illo
rum. Nec illa sunt partes suppositi: quia relatio non distinguit suppositum subsistens in essentia
nisi ab opposito: seipsam etiam non distinguit nisi a relatione sibi opposita: non autem ab essentia
considerata in supposito vno in ordine ad essentiam eandem existentem in supposito alio: sed ratio
sola illa abinuicem distinguit. Et sic essentia est aliquid suppositi vt in quo subsistit quasi materiali
ter: Relatio vero est aliquid suppositi quo subsistit quasi formaliter, &amp; distiguitur ab opposito. Et hoc
modo licet diuersimode totalitas suppositi vtrumque illorum contineat, est tamen improprie totalitas in
continente vtrunque: &amp; contenta improprie habent rationem partialitatis. Et in talibus non est maior idem
titas illa quae est secundum totum quam illa quae est secundum partem: &amp; hoc quia tales scilicet partes, nullam con
positionem ponunt in tali toto: &amp; quia identitas non sequitur vnum in substantia vt solummodo no
minat essentiam quae est vere substantia: neque vt solummodo nominat substantiam quae est suppo
situm: sed etiam vt nominat quodcunque consideratum secundum rationem substantiae: siue sit essen.
tia quae est vere substantia: siue sit suppositum: siue fuerit quodcunque reale aut qualemcunque realita
tem habens. &amp; haec est per se ratio communis substantiae ad quam sequitur identitas. Vnde quia eadem ra
tione omnimode &amp; secundum totum &amp; secundum aliquid sui dicitur pater idem sibi secundum totum, &amp;
filio secundum aliquid sui: idcirco nequaquam maiori identitare dicitur pater idem sibi quam filio: licet quo 
quo modo secundum plura vt dictum est: etsi de identitate patris ad seipsum aliquid ad relatio- 
nem pertinet quae est paternitas: nihil autem ad ipsam de identitate patris ad filium, secundum prae
dicta. Vel potest dici quod vna harum identitatum non potest dici maior alia quia non penitus vniuo
ce dicitur pater idem sibi primo modo identitatis, &amp; idem filio secundo modo, propter praedictam
distinctionem illorum duorum modorum: &amp; in solis vniuocis habet locum comparatio secundum 
magis &amp; minus. Licet enim sit album in voce &amp; album in colore secundum Philosophum in Top
non tamen dicitur vox albior colore propter non vniuoce dici album de vtroque. ⁋ Quod arguitur secundo 
principaliter: si plene &amp; perfecte pater esset idem filio: vere posset vnum praedicari de altero: &amp; dici quod pa
ter est filius &amp; econverso: Dico quod hoc secundum Boethium non habet veritatem nisi de illis quae sunt idem
primo modo identitatis. Nec est vera illa propositio, Nulla propositio verior est illa in qua idem prae
dicatur de eodem. nisi intelligendo de eodem primo modo identitatis. Vnde non dicit Boethius</Unicode>
            </TextEquiv>
        </TextRegion>
    </Page>
</PcGts>
