2017 3210
387 247 1865 338 pliciter, est scibilis simpliciter: ratione vero qua est metaphysica, est scibilis metaphysici tantum: sicut hoc
387 313 1863 372 contingit in relationibus proportionum: quia. scilicet & secundum rationem generis: & secundum rationem speciei referuntur ad
384 360 1859 424 idem. Sicut enim multiplex quod est genus, dicitur ad multiplex: sic duplum quod est species multiplicis, di
387 407 1868 466 citur ad dimidium quod est species submultiplicis. Medicina enim ratione sua siue speciei suae non est nisi me
387 451 1872 511 dici: sed ratione sui generis quod est scientia, non est nisi scibilis. Ratione enim speciei medicina dicitur me
386 497 1859 555 dici medicina & non scibilis. Ratione autem generis dicitur medicina scibilis scientia: & non med
397 541 1878 598 ci: nisi relatiue diceretur ad scientem sicut dicitur medicina ad medicum, vt vult Commentator su
408 594 1867 644 er. v. meta. ⁋ Dico ergo contraria dictis illorum: videlicet quod secundum eundem modum genus & spe
393 635 1869 687 cies secundum rationem speciei habet esse in diuiuis, & transterri in eis a creaturis. Consimiliter habet es
392 679 1867 733 se in diuinis & genus secundum rationem generis: & transferri a creaturis ad diuina. ⁋ Aliter enim ad
403 725 1877 780 primum argumentum respondendum est quam iam responsum sit. Cum enim dicitur in argumento quod in
407 768 1868 824 liuinis non est quantitas, quare nec aequalitas, quae non consequitur nisi quantitatem: hic distinguen
405 816 1871 874 dum est de quantitate secundum rationem generis, ad modum quo illi distinguunt de specie eius
403 861 1871 924 quae est magnitudo, dupliciter scilicet ratione speciei. Est enim magnitudo duplex extendendo nomen ma
398 904 1877 964 gnitudinis ad proprie vsitatam magnitudinem, vbi est aggregatio plurium partium quantitatiuarum
398 949 1881 1006 & ad omne habens aliquam rationem magnitudinis, vbi est scilicet aliqua pluralitas perfectionum virtualiter
395 996 1869 1058 aggregatarum. Quaedam enim est magnitudo molis siue dimensiua, quae est in solis corporalibus, & reci-
395 1037 1875 1104 pit maius & minus atque aequale: quae est quantitas continua corporaliter extensiua substantiae cor-
403 1087 1873 1147 poralis vt partem extra partem habeat & repleat spatium. Quae dupliciter consideratur. Vno modo vt ope
394 1139 1877 1193 ponitur paruitati relatiue: sicut multitudo opponitur paucitati: & non nominat magnitudinem sim
395 1190 1869 1234 pliciter: sed magnitudinem excedentem: sicut secundum Philosophum. x. meta. multum sibi corre-
396 1227 1883 1284 spondens nominat non multitudinem simpliciter: sed solummodo multitudinem excedentem, quamuis con
404 1269 1872 1323 trario modo. Quia enim multitudo in excessu non habet statum: sed tantum in descensu: ideo non est in mul
400 1313 1871 1367 titudine tam multum quin respectu pluris sit paucum: est tamen ita paucum quod non est respectu alicu
407 1357 1877 1413 ius multum. Magnitudo enim extra quia in descensu non habet statum: sed solum in excessu: ideo
407 1403 1886 1453 est in magnitudine tam magnum quo non est maius, non est tamen ita paruum quin respectu mino-
395 1454 1873 1510 ris sit magnum, secundum determinationem Philosophi in iii. Physico. Alio autem modo consideratur
401 1491 1888 1552 magnitudo corporalis vt opponitur priuatiue puncto: sicut multitudo siue numerus vnitati: & diui
405 1541 1886 1598 sibile simplici & indiuisibili, non autem relatiue: licet sic multitudo relatiue opponatur vnitati sicut mensu
397 1596 1878 1644 ratum mensurae. Et hoc ideo quod multitudo componitur ex vnitatibus: non sic magnitudo ex pun-
400 1638 1878 1686 ctis: & sic nominat magnitudinem simpliciter & absolute. Alia vero est magnitudo virtutis siue
405 1678 1880 1735 perfectionis quae est in spiritualibus: & non in solis spiritualibus, immo & in corporalibus circuit omne
400 1722 1881 1781 genus: eo quod omnis forma entis creati continet aliquem modum & gradum determinatum atque fini-
394 1770 1881 1828 tum perfectionis seu virtutis. Simpliciter enim & absolute omne ens potest dici aliquo modo magnum
398 1812 1879 1873 & magnitudinem habens, sicut omne multum simpliciter & absolute potest dici multitudinem ha
397 1857 1884 1911 bens. secundum quod de tali magnitudine in spiritualibus dicit Augustius vi. de triniitate. ca. viii. In his quae
398 1899 1883 1957 non sunt mole magna, hoc est maius esse quod melius ese scilicet bonitate naturae: quod idem est quod perfectius in na
398 1946 1890 1994 tura & essentia sua. Consimiliter autem magnitudini est quaedam quantitas molis in solis corpora-
399 1993 1884 2052 libus: & quaedam quantitas virtutis siue perfectionis tam in corporalibus quam in spiritualibus. Si autem quae
407 2040 1881 2092 ratur vtrum in deo sit quantitas: respondendum est sicut & de magnitudine: Dicendo quod non, loquendo de
408 2091 1881 2139 quantitate & magnitudine molis, de quibus procedit obiectio prima. Sola enim quantitas molis per additio-
398 2128 1881 2188 nem se habet ad nunerum sicut punctus ad vnitatem vt vnitas communiter accipit scilicet & in spiritualibus in quid
414 2175 1882 2229 bus est absque omni positione: & in corporalibus in quibus non est sine situ & positione. Et sicut nequa
409 2219 1879 2276 quam habent esse in deo quantitas talis aut magnitudo: sic neque etiam numerus ex talibus vnitatibus
404 2266 1877 2320 progrediens. Per additionem enim se habet punctus ad talem vnitatem, inquantum secundum Philosophum in
395 2315 1893 2366 libro Posteriorum punctus est vnitas posita. Et similiter magnitudo per additionem se habet ad talem nune
410 2355 1882 2414 rum: quia prout dicitur in eodem libro, discretum cadit in continuum inquantum magnitudines
403 2398 1880 2450 numeri sunt. de quo etiam numero procedit obiectio: & dicit Boethius quod non est in deo: & ille est nu
397 2448 1878 2493 merus qui non habet diuisionem vnitatum suarum secundum actum nisi per diuisionem continui:
406 2489 1886 2551 secundum modum quo discretum in corporalibus procedit ex continuo. Loquendo autem de quantitate
413 2535 1887 2578 & magnitudine virtutis siue perfectionis, respondendum est quod illa est in deo, & per quandam Antono-
397 2582 1891 2634 masiam in solo deo, vt ipse solus quodammodo dicendus sit esse magnus, sicut etiam bonus & sapiens
404 2627 1878 2683 & caetera huiusmodi. ⁋ Tripliciter enim quid dicitur magnum in spiritualibus. Primo modo sim
410 2669 1882 2719 pliciter & absolute & absque omni comparatione: & sic omne ens ratione suae perfectionis secundum
395 2718 1891 2784 formam dicitur magnum, idest magnitudinem aliquam habens: sicut & magnitudine molis omne
