2017 3278
464 283 1965 371 optimum desiderantiam facit & vult omnia quaecumque facit & vult. ⁋ Ad secundum quod amor determi
457 358 1963 408 nat voluntatem ad amandum & volendum, dicendum est quod differt dicere voluntatem determinare ad vo
463 394 1946 455 lendum, & inclinare. Quod enim determinat appetitum, ducit ipsum in actum appetendi determinate id ad
464 440 1968 507 quod ipsum determinat: quemadmodum dictum est supra de appetitu brutali. Et sic voluntas nunquam ali-
460 487 1972 550 quo ad volendum determinatur. Licet enim determinate vult seipsum ita quod non possit se non velle, non
458 528 1973 592 tamen determinatur sua voluntas in volendo seipsum ad seipsum volendum: quia voluntas sua
449 577 1966 638 non ducitur necessitate praeueniente vt velit se: sed libere seipsum ducit in volendo, licet necessi
452 631 1967 689 tate immutabilitatis concomitante: vt dictum est supra. Quod autem voluntatem inclinat ad volendum,
467 672 1968 725 non ducit ipsum in actum: sed tantum quasi allicit vt seipsum ducat: quemadmodum habitus virtutum in
464 717 1963 772 voluntate inclinant ipsam ad actus proprios eliciendum, & per consimilem modum quasi trahunt pas-
457 759 1970 824 siones. Et per hunc modum amor vacare non potest: sed semper allicit voluntatem ad actum volendi bo-
463 817 1952 864 num, quod est amoris obiectum, & hoc vel simpliciter indeterminate, quando amor sumitur vt sima
460 861 1954 921 pliciter indeterminate respectu cuiuscumque boni: determinate vero quando est respectu alicuius bo-
458 902 1923 966 ni determinati, secundum quod de hoc amplius videbitur in quaestione sequenti. ⁋ Ad tertium, quod amo
458 956 1945 1007 recipit magis & minus, & nihil tale est in deo: Dicendum quod differentia est inter actus pertinentes ad dei
458 1000 1945 1056 voluntatem, & ad dei intellectum: quoniam illi qui pertinent ad intellectum, ad creaturas non terminantur
464 1041 1943 1096 sicut effectus intellectus, sed solum sicut terminus. Actus vero volendi dei, quando est in respectu
457 1087 1952 1145 ad creaturas, non solum respicit eas vt actionis terminum: sed vt eius effectum. Quaecumque enim
472 1133 1920 1187 vult in creaturis, quae pertinent ad ipsarum existentiam in esse & in bene esse, effectus diuinae voluntatis sun
463 1176 1954 1238 vt declarari habet loquendo de emanatione creaturarum a deo. Nunc autem ita est, quod actus aliquis
463 1224 1928 1289 potest deum denominare vel ratione substantiae actus, vel ratione effectus qui ex ipso solet conse
470 1277 1961 1332 qui in creaturis licet non ratione substantiae actus. Verbi gratia, cum deus dicitur diligere creatu-
463 1320 1950 1373 ras, substantia huius actionis est in deo: quia est ipsa diuina essentia. Cum vero dicitur quod deus irasci
464 1367 1951 1421 tur creaturis, substantia huius actus secundum quod nominat passionem, non est aliquid in deo, sed
466 1412 1953 1473 ab hoc actu nominatur quia effectum ad modum irascentis operatur circa creaturas. Et primo modo
464 1457 1951 1512 actus de deo dicitur proprie. Secundo autem modo non nisi transumptiue & metaphorice. Et sicut est
464 1498 1957 1560 de substantia actus, sic est de magis & minus circa ipsum actum. Nam magis & minus possunt intel
475 1548 1924 1610 ligi dici de deo circa aliquem actum dupliciter. Vno modo ex intensione in substantia actionis. Ali
457 1601 1968 1654 modo ex intensione in substantia effectus. Primo modo nulla actio omnino dicitur de deo secundum
464 1647 1948 1697 magis & minus: quia actio sua est sua substantia, in qua non cadunt magis & minus. Secundo modo actio
475 1681 1944 1734 voluntatis terminata ad creaturam vt ad effectum eius, dicitur secundum magis & minus. Dicitur enim deus
470 1731 1953 1793 magis diligere maius bonum: quia maius bonum est quod operatur in vno quam in alio: ad modum illius qui
466 1779 1953 1838 magis de bono facit vni quam alteri: quia magis intensiue secundum substantiam amoris amat vnum quam alte-
469 1828 1950 1881 rum. Et sic non proprie sed metaphorice secundum magis & minus praedicantur de deo actus pertinentes ad
469 1875 1958 1927 voluntatem eius. Quare cum amor sit ratio in voluntate actus volendi & causandi effectus bonitatis
460 1917 1945 1977 in creaturis, dicente beato Dionysio. ca. iiii. de di. no. Ipse benefactor existentium amor in optimo, per
461 1962 1944 2014 excellentiam autem subsistens non sinit ipsum infoecundum in seipso manere. Mouit autem ipsum in agen
475 2010 1956 2057 dum, iuxta omnium genitiuam excellentiam. Secundum hunc igitur modum amor in deo potest dici & vere dicitur
474 2055 1941 2108 secundum magis & minus, non ratione substantiae suae, sed intensionis bonitatis in effectu suo: vt ve-
475 2101 1908 2156 re dicatur deus habere maiorem amorem ad maius bonum, & minorem ad minus bonum.
765 2144 1947 2207 Irca quartum arguitur, quod amor in deo sit actus ipse amandi, quia sicut se habet in
752 2204 1950 2251 deo notitia ad actum cognoscendi ex parte intellectus, sic se habet amor ad actum
755 2240 1948 2299 amandi ex parte voluntatis. sed ex parte intellectus notitia est ipse actus noscendi in
751 2290 1940 2346 eius intelligentia, non autem habitus in memoria, neque aliquid aliud in eo. ergo ex
761 2336 1944 2390 parte voluntatis amor ipse erit actus amandi in voluntate: non autem vt habitus vel vt
747 2376 1951 2446 passio. ⁋ Quia autem amor sit in voluntate vt passio siue affectio, arguitur, quia eius con
463 2423 1954 2471 trarum. scilicet odium, passio est & affectio in illo cuius est, & contraria sunt eiusdem generis, non ergo est actio
466 2470 1940 2530 aut habitus. ⁋ Quia autem sit habitus arguitur, quoniam illud quod mouet agentem ad agendum, habitus est in ipso
458 2516 1945 2576 non actus vel passio, quia est vt principium illorum. amor in deo est huiusmodi, vt patet ex di-
464 2562 1722 2624 cto Dionysii in fine quaestionis praecedentis. ergo est habitus, non actio aut passio.
475 2609 1940 2681 ⁋ Hic oportet intelligere: in principio: quod cum in genere triplex sit appetitus, scilicet
473 2669 1932 2725 pure naturalis absque omni cognitione: animalis per cognitionem sensitiuam: & rationalis per
470 2707 1938 2770 cognitionem intellectiuam: Quorum primum non est nisi per principium inclinatiuum ad motum: non
458 2759 1945 2822 autem motiuum nisi per accidens: Secundum est per principium motiuum: sed per appetibilis deter-
451 2799 1940 2878 minationem: Tertium vero est motiuum libere & ex se, sicut patet ex supra determinatis: Sic autem est
