2017 3235
116 251 1583 312 homo vel vnus equus currit, ad significandum quod non plures currunt: quemadmodum etiam di-
109 308 1581 360 cimus quod deus est vnus, ad excludendum siue remouendum non esse plures deos. Hoc etiam mo-
118 350 1581 399 do vtimur nominibus numeralibus in diuinis: dicendo quod sunt tres personae, ad excludendum
113 396 1589 453 siue remouendum quod non sunt plures nec pauciores. Ex quali vsu talium nominum, scilicet non
122 436 1585 494 ad pone ndum aliquid, sed potius remouendum: nequaquam argui potest quod quantum est ex parte sui
108 476 1575 537 significati nihil omnino ponant in diuinis nisi priuationem: & non aliquid positiue: sicut nec pos-
119 526 1586 587 sumus dicere quod illa pronomina ego, tu, cum exprimuntur cum verbis primae & secundae perso-
117 584 1588 632 nae, nihil omnino de suo significato ponunt nisi aliquid priuatiue. ⁋ Ad sextum, quod filius est vir-
123 617 1605 681 tus patris, quae quantitas est in diuinis, nihil autem est aequale suae quantitati: ergo &c. Dico quod
113 657 1578 726 illud dictum est per appropriationem, non autem per proprietatem. Pater enim & filius sunt vna
116 704 1591 769 virtus. Vnde Augustinus. vii. de trinitate. capitu. iiii. exponens quomodo Christus est dei vir-
104 751 1574 814 tus & dei sapientia, & respondens rationi haereticorum quam tetigit in principio sexti libri, dicit
106 800 1580 860 sic. Ipse Christus virtus est & sapientia dei, quia est de deo virtute & sapientia. Ipse virtus & sa
107 847 1572 913 pientia dei est, sicut lumen de lumine. Argumentum vero procedit ac si pater non esset virtus
118 895 379 962 aut sapiens ex se.
103 955 1566 1039 ⁋ Quod autem arguitur ad oppositum primo quod in diuinis sit aequalitas ad minus ad
104 1038 1578 1086 seipsum, quod est contra superius dicta: quia. scilicet vnumquodque in diuinis sicut est idem sibi, sic est nec
113 1081 1574 1139 minus nec maius seipso: ergo est aequale sibi: Dico quod non sequitur: quia magis & minus etiam
110 1129 1577 1183 continentur sub inaequali: & aequale & inaequale non diuidunt immediate totum ens. In hoc enim
107 1167 1568 1225 differunt opposita sicut affirmatio & negatio, & opposita sicut habitus & priuatio, quod affirma-
100 1213 1572 1273 tio aut negatio de quolibet dicitur, & per immediationem diuidunt totum ens. De quolibet enim
109 1259 1580 1315 verum est affirmare aut negare quodcunque. Priuatio autem & habitus non sic: sed habent solum
102 1297 1580 1362 modo esse circa determinatum subiectum, & determinato tempore, & circa illud solummodo
100 1354 1587 1409 per immediationem se habent vt alterum eorum insit: circa alia autem subiecta non sic: quia po
116 1391 1588 1453 test neutrum illorum illis inesse: & sic contingit in proposito. Aequalitas enim aut inaequali-
96 1445 1579 1496 tas non sunt nata esse nisi inter diuersa, non autem sunt eiusdem ad seipsum. Et ideo licet in
100 1485 1576 1544 diuinis nihil sit seipso maius aut minus: nihil tamen cum hoc est in illis sibi aequale. ⁋ Ad se-
103 1525 1581 1591 quens, quod directe videtur esse contra hoc scilicet quod ratione vnius substantiae qua in diuinis dicitur ali
102 1580 1574 1629 quid idem sibi, dicitur etiam idem alteri: ergo & ratione vnius quantitatis aliquid dicitur aequa
114 1621 1584 1676 le alteri & sibi: Dico quod bene sequeretur hoc si quantitas aeque eodem modo se haberet ad causan
111 1667 1568 1721 dum aequale, sicut substantia ad causandum idem. Sed non est ita: quia substantia sub ratione sub
104 1713 1574 1775 stantiae manens duplicem patitur considerationem. Vnda. scilicet vt est aliquid secundum se consideratum.
107 1755 1574 1817 Alteram, vt est aliquid alterius. Non sic autem quantitas: quia si non consideretur quantitas vt est
104 1801 1580 1864 aliquid secundum se consideratum, statim induit rationem substantiae, & amittit rationem quantita
110 1848 1571 1901 tis, nisi consideretur vt est aliquid alterius. Propter quod licet super substantiam vt secundum se con
99 1892 1580 1957 sideratur, fundetur identitas qua dicitur idem sibi: puta deitas deitati, & non penes primum mo-
111 1942 1574 1994 dum identitatis: & vt consideratur sicut aliquid alterius, super illam etiam fundetur identitas qua
109 1980 1583 2046 ipsa dicitur idem illi cuius est aliquid: puta deitas ipsi patri, & qua illi quorum ipsa est aliquid,
108 2025 1586 2090 communiter dicuntur idem sibi: puta pater filio: tamen super quantitatem vt secundum se considera-
99 2067 1584 2137 tur, non fundatur aequalitas, sed identitas: qua ipsa dicitur eadem sibi: sed solummodo vt conside-
99 2112 1575 2174 ratur sicut aliquid alterius, super ipsam fundatur aequalitas, & hoc non sui ad illud cuius est: sed
113 2167 1572 2218 solummodo illorum duorum quorum est aliquid inter se. Non enim magnitudo dicitur aequalis
111 2204 1583 2269 sibi vel habenti magnitudinem in se, sed solummodo aequalia dicuntur habentia communiter in se
98 2257 1582 2314 eandem magnitudinem numero, quod contingit in solis diuinis: aut specie, quod contingit in creatu-
107 2303 1568 2356 ris. Et sic vnum & idem quod est substantia aliqua, habens in se aliquam quantitatem: licet ratione
110 2354 1580 2406 substantiae dicatur idem sibi, ratione tamen quantitatis illius non dicitur aequale sibi, sed alte-
106 2387 1575 2455 ri tantum. Et sic res quaelibet per hoc quod ipsa est bene comparatur sibiipsi, & hoc non nisi primo modo iden-
104 2438 1587 2499 titatis: per se autem quod est aliquid sui inquantum huiusmodi, nullo modo sibiipsi comparatur, sed alteri
107 2481 1574 2545 tantum: licet aliter & aliter cum illud sit substantia, & cum sit quantitas aut qualitas. Quia cum est substam
101 2523 1581 2587 tia, habens illam comparatur bene per identitatem ad ipsam substantiam habitam: dicendo pater
98 2571 1576 2624 est idem deitati. Deitate enim deitas est eadem sibi, & cuilibet personae habenti eam, & similiter quaelibet per-
106 2612 1584 2679 sona alteri. Cum vero est quantitas aut qualitas, hamens illam non comparatur quantitati per aequalitatem: sed so
105 2662 1572 2719 lummodo alteri habenti illam, neque conparatur qualitati per similitudinem, sed solummodo habenti il-
101 2702 1605 2784 lam. ⁋ Ex quo patet quod aequalitas & similitudo necessario praesupponunt aequalia & similia prius
