2017 3202
400 235 1872 298 quanta sunt tria: & econuerso. Et hoc per omnimodam aequalitatem vt prius: eo quod plurifica-
400 294 1862 344 tio formarum sub eadem specie non recipientium magis aut minus, non auget magnitudinem
395 328 1869 389 perfectionis debitam speciei. Neque similiter plurificatio formarum recipientium magis & mi-
396 382 1857 434 nus sub eadem specie, si sunt in eodem gradu sibi appositae, augent intensionem secundum magnitu-
399 423 1864 478 dinem perfectionis aut virtutis. & hoc quemadmodum punctum additum puncto nihil au-
394 466 1863 526 get. Et ideo tantum est vnum punctum: quantum duo & tria: & tantum duo quantum tria:
401 509 1866 568 aut infinita. In creaturis autem quantum quantitate siue magnitudine molis, puta in tribus
401 556 1866 607 idolis factis ex eadem massa aeris, non est tantum vnum illorum quanta vel quantum duo aut
392 605 1860 658 tria, nec econuerso: nec tantum aut tanta sunt duo quantum vel quanta sunt tria, nec econ-
401 651 1871 703 uerso: sed se habent per omnimodam inaequalitatem quo ad plus & minus extensiue: eo quod in
397 690 1875 743 illis quae sunt mole magna, quantum additum vni quanto semper auget. ⁋ Quintum quod hic
395 736 1870 794 est aduertendum, est quod plus discretiue dictum non consideratur nisi in discretis quantitati-
396 781 1863 838 bus, puta in numeris: & in diuinis dicit pluralitatem suppositorum vel attributorum absque
395 825 1869 877 omni pluralitate magnitudinis perfectionalis siue virtualis in illis. In creaturis vero dicit sem-
401 869 1866 921 per cum plurificatione suppositorum plurificationem magnitudinum in illis. Et ideo secundum
392 917 1872 976 Boethium de Trinitate, cap. iiii. cum dicitur: Pater est deus: filius est deus: spiritus sanctus est
392 965 1868 1021 deus: ibi est numerus numerans personas. Nullus tamen est ibi numerus numeratus deitatis:
394 1006 1877 1065 & per consequens nec magnitudinis. Et quantum est ex parte deitatis: & vniuersaliter omnium
400 1052 1869 1108 absolutorum in diuinis quasi idem repetitur: ac si diceretur: Deus, deus, deus, sicut & idem re
389 1097 1877 1153 petitur cum in synonymis dicitur: ensis, mucro, gladius. Et hoc ideo quia numerus numerans diui
392 1149 1875 1198 nas personas est relationum: & numerus numeratus est relatiuorum personarum. Et sic omnino est
389 1189 1868 1243 numerus iste numeratus relatiuus: & alterius modi quam sit ille qui est in creaturis: siue sit mo-
392 1235 1879 1283 lis siue perfectionis aut virtutis: & absque omni pluralitate in re diuina absoluta est ille nume-
392 1281 1877 1336 rus: vt in diuinis non sit numerus numeratus: sed numerus numerans tantum: in creaturis autem
397 1324 1869 1374 est numerus & pluralitas vtroque modo. Et similiter cum dicitur in diuinis, Sapientia est deus,
402 1368 1874 1416 aut magna bonitas deus est, aut magna veritas, & sic de caeteris attributis, & vnivelrstle absolutis
395 1414 1867 1465 in diuinis: licet ibi sit numerus numerans attributa: nullus tamen est ibi numerus numera-
395 1460 1875 1511 tus deitatis, aut magnitudinis: sed eiusdem trina repetitio. Et ideo vt descendamus ad propo
405 1505 1875 1553 situm, cum dicimus in diuinis personis quod non est tot vna persona quot duae aut tres: nec tot
405 1549 1870 1606 duae quot tres: ita quod plus sunt tres personae quam duae, & duae quam vna, quasi minus est vna persona quam
399 1597 1873 1643 duae: & duae quam tres. ⁋ Sextum hic considerandum est quod ly plus, & contrarium eius quod est mi-
400 1643 1870 1696 nus, nullam aequalitatem a diuinis excludunt, nullamque inaequalitatem includunt: eo quod illa
405 1686 1875 1732 plus & minus non sunt circa aliquid absolutum reale, sed sunt in personis circa relatiua & re-
391 1731 1872 1784 lationes: & in attributis circa rationes & mentis conceptus siue habitudines & relationes,
401 1775 1879 1833 vt superius est expositum: super relationes autem relatio communis non fundatur, vt habitum
395 1822 1878 1877 est supra: neque super id quod rationis est in attributis: quia non consideratur nisi ex relatione
405 1865 1875 1924 & habitudine: dicitur solummodo super absolutum reale quod est substantia, quantitas, & quali-
396 1913 1870 1964 tas: licet vt solum rationibus distinguuntur. Sed tunc solummodo dicta plus & minus a di-
401 1957 1879 2008 uinis aliquam pluralitatem excluderent: & aliquam inaequalitatem includerent secundum plus &
399 2007 1879 2060 minus. In attributis enim personis ponerent plus & minus discretiue in attributis: vt essent
418 2048 1869 2099 lures magnitudines in pluribus personis aut attributis: sicut sunt in pluribus suppositis in
412 2091 1869 2148 creaturis: puta tres magnitudines molis in tribus idolis aeris: & plures magnitudines perfectio-
400 2138 1874 2190 nis & virtutis in pluribus indiuiduis sub quacunque vna specie specialissima in creaturis: vt id
398 2182 1878 2234 circo in tribus idolis aequalibus magnitudine molis non sit perfecta aequalitas: quia non tot
414 2231 1866 2283 est vnum quot duo & tria: nec tot duo quot tria: non solum numero numerante: sed numero
402 2275 1875 2319 numerato suppositorum & magnitudinum in illis. ⁋ His praelibatis patet plane responsio ad
408 2318 1860 2372 obiectum primum. Cum enim dicitur, perfecta aequalitas nata est esse non solum secundum magni
414 2364 1870 2412 tudinem: sed etiam secundum numerum: Dico quod verum est: quia secundum praedicta aequale & inaequa
404 2409 1874 2461 litas per se & primo dicuntur secundum quantitatem simpliciter: & ideo secundum quamlibet speciem
409 2457 1879 2511 eius: & species quantitatis ita principaliter est numerus vt magnitudo: si tamen numerus sit
411 2499 1868 2545 absolutus quia in absolutis: sicut est magnitudo: quia aequale & inaequale non dicuntur secundum
398 2546 1877 2605 quantitatem nisi sicut secundum fundamentum: & secundum praedicta non habent per se fun-
410 2593 1864 2648 dari nisi super absolutum. Sed si numerus sit relatiuus & in relatiuis tantum: & sic numerus nu-
412 2640 1878 2691 merans tantum: non autem numerus numeratus, vt contingit in personis diuinis: non est aequali-
397 2680 1886 2754 tas nata esse secundum numerum sicut secundum magnitudinem: quia magnitudo in diuinis omnino
