2017 3195
174 252 1656 326 absoluta est: non sic numerus. ⁋ Quod ergo assumitur in argumento: Si in diuinis non essent se-
170 314 1613 357 cundum magnitudinem tantum duae personae quantum tres: non esset in illis perfecta aequa-
173 353 1613 399 litas: Dico quod bene verum est: quia secundum magnitudinem in diuinis nata est dici aequali-
177 397 1609 449 tas: secundum numerum autem relatiuum non est nata dici omnino aequalitas aut inaequali
171 446 1613 492 tas. Propter quod non sequitur vlterius conclusum: Quare cum in diuinis non sunt tot secun
181 485 1617 538 dum numerum duae personae quot tres: non est ergo in illis perfecta aequalitas. Hoc enim nul
177 533 1611 593 lo modo sequi posset nisi numerus diuinorum in absolutis consisteret: sicut & quantitas. Quia si
176 576 1605 627 ita esset: non esset omnino perfecta aequalitas trinitatis personarum inter se, sicut non est per-
173 621 1606 678 fecta aequalitas trium idolorum: licet sint aequalia secundum magnitudinem: eo quod non sunt
174 671 1614 728 aequalia omnino & secundum omnem combinationem quo ad numerum qui in illis consistit
171 709 1614 767 in absolutis: secundum quem nata est esse aequalitas aut inaequalitas inter quaecunque diuer-
172 757 1613 804 sa absoluta. Vnde si trinitas diuina esset trium personarum absolutarum trium deitatum: si-
176 799 1623 845 cut posuerunt Semiarriani: quia tunc secundum numerum qui consistit in absolutis non es-
177 845 1607 898 sent tot duae personae quot tres: non esset etiam perfecta & omnimoda aequalitas in trinitate
177 889 1613 948 diuinarum personarum: quia esset in illis inaequalitas secundum aliquid. Et sic nunc secundum
175 933 1619 981 catholicos propter numerum qui est in relatiuis, & magnitudinem vnicam singularem & ab-
174 979 1619 1025 solutam trium personarum diuinarum, perfecta & omnimoda aequalitas personarum est in di-
174 1024 1608 1076 uinis. Si enim magnitudo esset numerata in personis, cum tunc esset omnino absoluta: necessa-
177 1071 1615 1117 rio numerus personarum esset absolutus: & secundum illum esset in trinitate personarum in-
167 1114 1608 1167 aequalitas secundum magnitudinem: nec esset in illis perfecta & omnimodam aequalitas secundum prae
173 1158 1605 1205 dicta. ⁋ Ad secundum, quod in diuinis non est perfecta & omnimoda aequalitas: quia non est in eis
172 1203 1602 1253 perfecta aequalitas identitatis & similitudinis, eo quod non est in illis similitudo alicuius ad se
164 1248 1610 1304 ipsum, sicut est identitas alicuius ad seipsum: & sic non est in diuinis tanta similitudo, quan-
163 1293 1613 1345 ta est identitas: Dico quod falsum est: quia tanta est similitudo in diuinis quanta est identitas
166 1343 1615 1387 comparando identitatem ad similitudinem: modo quo illa quae sunt diuersarum specierum
167 1382 1614 1432 possunt secundum aequalitatem comparari: vt si aliqui sunt aequales quantitate molis: & alii
176 1428 1608 1476 in eodem gradu albedinis: & ita similes & aequales: possumus dicere quod quantum sunt aequa-
163 1472 1608 1525 les mole, tantum sunt similes & aequales albedine. Et si sint in eodem gradu albedinis, & si-
162 1516 1614 1571 militer in eodem gradu sapientiae, possumus dicere quantum sunt similes & aequales in
170 1561 1602 1617 albedine tantum sunt similes & aequales in sapientia: & sic in eis est aequalitas similitudi-
164 1606 1611 1661 nis & aequalitatis, & similitudinis atque similitudinis. Est autem in deo tanta similitudo alicu-
168 1650 1609 1703 ius ad alterum: quanta est identitas alicuius ad seipsum. Et hoc quia quanta est in deo vni-
167 1691 1618 1748 tas substantiae secundum quam est aliquid in deo idem sibi: tanta est in eo vnitas qualitatis secun
162 1739 1606 1795 dum quam aliquid est simile alteri. Licet enim maior sit distinctio extremorum relatorum in si-
165 1784 1612 1839 militudine quam in dicta identitate, de hoc nihil ad maioritatem vel minoritatem inter illam
162 1829 1608 1877 identitatem & similitudinem, postquam tanta est vnitas in fundamento vnius quanta est in fun-
159 1873 1606 1926 damento alterius. ⁋ Ad tertium, quod in deo non est omnimoda aequalitas: quia non est secundum
167 1922 1601 1975 omnia secundum quae nata est esse aequalitas: Dico quod licet non secundum omnia secundum
163 1961 1612 2009 quae nata est esse aequalitas simpliciter in aliis, est aequalitas in deo: quia non secundum omnem
159 2010 1598 2067 speciem qualitatis, vt procedit argumentum: tamen secundum omnia id est secundum omnem
167 2058 1610 2110 quantitatem quae nata est esse in deo, videlicet secundum aeternitatem & magnitudinem se-
154 2100 1599 2155 cundum iam dicta, nata est esse aequalitas omnimoda in ipso: & hoc sufficit ad hoc quod dicatur
160 2139 1596 2199 esse in aliquo omnimoda aequalitas omnium quae sunt in eo. Sed si deficeret in eo inter aliqua
161 2198 1599 2240 aequalitas secundum aliquam quantitatem quae nata est esse in eo, tunc primo non esset in eo
161 2231 1599 2281 omnimoda aequalitas: puta si non esset deus tantus in sapientia quantus est in bonitate: non
163 2272 1599 2332 esset in eo aequalitas: sicut non est omnimoda aequalitas molis inter ea corporalia quae sunt
167 2321 1601 2372 aequalia secundum longum & latum: sed non secundum spissum & profundum. ⁋ Ad quar-
159 2367 1597 2424 tum: quod non est omnimoda aequalitas in deo: quia in ipso est aliqua inaequalitas: Dico quod fal-
161 2414 1601 2468 sum est. Ad probationem eius quod inaequalitas habet rationem perfectionis in creaturis simpli-
156 2466 1599 2512 citer: dico quod similiter falsum est. Ad probationem illius quod si non esset inaequalitas in creatu-
159 2500 1608 2549 ris: non esset perfectio vniuersi: Dico quod verum est. Sed ex hoc non sequitur quod inaequalitas ha-
158 2545 1596 2593 bet rationem perfectionis simpliciter: quia quod sine aliquo non est perfectio in alio, hoc potest con
157 2590 1602 2645 tingere duplici de causa. Vna scilicet, quod aliquid requirit res illa propter suam perfectionem
169 2633 1597 2679 puta quod in homine non est perfectio secundum animam rationalem sine corporis organiza-
155 2680 1607 2748 tione. & hoc proculdubio habet rationem perfectionis. Alia, quia aliquid requirit res illa pro-
