2017 3100
208 272 1634 332 mus. Constat autem secundum praedeterminata, quod imago est relatio propria filio. ergo &c. ⁋ Secun
212 311 1605 373 do sic. similitudo sequitur quaiitatem secundum superius determinata. sed in diuinis non est qua
216 354 1611 415 litas: quia non substantialis qualitas: quia nulla est qualitas substantialis nisi differentia substantia-
211 401 1611 459 lis. ratio autem differentiae substantialis non est in deo: quia illa non est sine ratione generis: & il-
212 442 1604 508 lud in deo simul esse non potest: quia necessario ponit aliquam compositionem: quae non potest esse
203 488 1613 550 in deo secundum superius determinata. Si autem substantialis differentia aut ratio eius non ha-
213 530 1604 588 beat esse in deo, multo ergo minus in deo habet esse differentia accidentalis aut ratio eius: quia prae
203 576 1605 630 dicamentum substantiae verius habet esse in diuinis quam aliquod aliorum, quia in diuinis omnia inci
211 619 1601 677 dunt in praedicamentum substantiae secundum superius determinata: & non est qualitas aut ratio
204 664 1601 721 qualitatis nisi substantialis aut accidentalis. ergo &c. ⁋ Sed dicet aliquis: quod licet qualitas secundum
210 715 1605 768 rationem generis non sit in deo &c. secundum modum quo argutum & responsum est supra in
210 758 1594 805 primo argumento primae quaestionis de aequalitate. Potest & hic adduci ad quaestionem istam
205 801 1595 852 de similitudine tertium argumentum adductum supra ad primam quaestionem de aequalitate: &
197 835 1588 899 similiter. vi. Et eodem modo soluenda sunt ex parte qualitatis, quo ibi soluta sunt ex parte quan
200 884 1599 949 titatis. ⁋ Contra est illud in Symbolo Athanasii. Qualis Pater, talis Filius, talis Spiritus sanctus.
196 925 977 971 Sed non sunt tale & quale sine similitudine. ergo &c.
204 1007 1589 1068 ⁋ Dico iuxta illa quae dicta sunt supra de aequalitate, scilicet in quaestione an sit
197 1055 1595 1113 in diuinis aequalitas: quod clarum est dissimilitudinem quae est secundum magis & minus in quali-
194 1099 1593 1167 tate, nullo modo posse esse in diuinis: & hoc ideo, quia scilicet in diuinis non est nisi vna aequali-
201 1145 1592 1198 tas numero in pluribus personis, quae est secundum ipsa diuina essentia. Deus enim non est bonus
194 1188 1591 1252 nisi bonitate quae ipse est: quia ipse est sua bonitas. Dissimile autem secundum magis & minus non
195 1235 1595 1285 potest esse vbi est tantum vna qualitas numero, sicut neque inaequale secundum maius & minus:
193 1283 1598 1330 quia non est magis & minus in quali sine maius & minus in ipsa qualitate, prout alias determina
204 1327 1597 1374 uimus in quadam quaestione de Quolibet, de causa suscipiendi magis & minus. Propter quod
197 1368 1598 1416 etiam relatio communis dissimilitudinis vniformiter se habet in accidentibus recipientibus ma-
204 1407 1598 1464 gis & minus in creaturis cum relatione communi inaequalitatis secundum quantitatem virtu-
190 1457 1601 1505 tis: & similitudo cum aequalitate: & non potest esse aequale quantitati virtutis secundum qualita
193 1495 1592 1552 tis essentiam, quin sit simile in participatione eius in subiecto: licet non econuerso. Licet enim qua
191 1538 1586 1591 le esse simile quali, cum tamen non sit qualitas aequalis qualitati: & vnum quale aequale alteri in
200 1589 1591 1631 essentia qualitatis. Et hoc quia in creaturis participantia eandem quantitatem in diuersis gradi-
186 1619 1586 1677 bus, sunt similia, non autem aequalia. In diuinis autem vbi non est nisi vna qualitas in tribus per-
188 1666 1592 1730 sonis, ipsa nequaquam potest esse inaequalis sibi in vna persona, secundum eam quantitate virtutis potest
188 1719 1591 1768 esse inaequalis alteri. Sed etsi non sit dissimilitudo in diuinis: non ex hoc statim sequitur quod in il-
188 1756 1595 1807 lis sit similitudo, si forte neutrum illorum natum esset inesse: alias autem sequitur necessario si non
194 1800 1584 1861 insit dissimilitudo quod insit similitudo, sic quod non possit non inesse. Quare cum secundum superius
186 1841 1582 1898 determinata, similitudo per se sequatur vnitatem in qualitate, non est autem maior vnitas in qua-
185 1885 1589 1941 litate, quam sit in illa quae est vna & singularis: igitur postquam non est similitudo alicuius ad seipsum, sed
182 1929 1583 1995 solummodo alicuius ad alterum secundum praedeterminata: in quacunque igitur natura siue creata
188 1972 1572 2035 siue increata est reperire vnam qualitatem singularem numero in diuersis (Dico autem diuersis non se
186 2024 1584 2069 cundum rationem tantum: sed secundum rem) in illa est necessarium reperire similitudinem. Ma-
185 2060 1580 2122 teriali enim definitione similitudo est rerum differentium eadem qualitas: in pluribus autem dif
185 2103 1578 2164 ferentiis non quocunque modo sed tantummodo secundum rem ad vnum in qualitate necessario
183 2150 1577 2199 sequitur simile, puta in creaturis in diuersis re absoluta, in diuinis autem in diuersis re relationis
176 2199 1578 2252 personalis. In quo difformiter sunt in diuinis & aequalitas & similitudo: quia aqualitas est inter
178 2242 1581 2296 personas: & inter attributa sibi inuicem comparata vt tactum est superius. Similitudo autem non
179 2285 1581 2335 est nisi inter diuinas personas: similes enim sunt pater & filius & spiritus sanctus, vt probat vlti-
189 2322 1578 2384 ma ratio. Non autem similis est deitas deitati, aut bonitas veritati, nec quodcunque aliorum alteri,
186 2369 1576 2430 vt patebit ex infra declarandis quaestione tertia sequente. Sic ergo concedendum est quod similitudo
179 2414 528 2473 ponenda est in diuinis.
185 2466 1570 2550 ⁋ Quod ergo arguitur primo in contrarium, quod in diuinis non est ponenda simi-
180 2536 1633 2608 litudo, quae est relatio communis: quia ipsa est propria vni personae: Dico quod non est verum nisi A
