2017 3258
397 243 1887 310 eius: & albus quia corpus eius est album, & corpus album dicitur quia superficies est alba. Et per
397 297 1885 354 consequens vlterius non solum dicitur in creaturis totum simile toti, sed etiam pars parti: quod
396 347 1884 400 nequaquam contingit in diuinis nisi quo ad intellectum & voluntatem respectu sapientiae & bonita-
403 385 1880 447 tis. Non solum enim dicimus de qualibet diuina persona quod est sapiens & bona, & quod ex hoc sunt
409 433 1891 491 similes: sed etiam dicimus quod intellectus illarum est sapiens: & voluntas illarum est bona. Sed non
419 479 1881 534 ex hoc dicimus intellectum vnius personae aut voluntatem similem esse intellectui aut volunta-
413 526 1882 583 ti alterius: quia non est nisi vnus intellectus & vna voluntas trium personarum. Et secundum prae-
410 572 1887 637 dicta nihil est simile sibiipsi. Nisi forte dici possit quod intellectus inquantum est vnius personae alius
420 618 1886 676 est secundum rationem: & inquantum est alterius. Et quo ad hoc posset dici quod intellectus vnius
412 672 1894 731 personae diuinae similis est in sapientia intellectui alterius: & similiter in bonitate similis est volun
410 704 1893 776 tas vnius personae voluntati alterius. Sic ergo causa & ratio dictae difformitatis similitudinis &
417 754 1889 816 aequalitatis consistit in hoc videlicet quod attributa qualitatis in diuinis, puta bonitas, pietas, sapien
413 804 1887 862 tia veritas & caetera huiusmodi, secundum rationem inter se penitus & ab aliis attributis sunt di
410 850 1879 907 stincta: in eo videlicet quod non sunt alicuius denominatiua secundum qualem aut similem nisi eius
408 896 1896 956 in quo sunt quasi in subiecto vt est persona secundum intellectum & voluntatem, in quibus sunt
412 954 1898 1008 quasi habitus in prima specie qualitatis. & quales esse ac similes denominant personas & intelle-
423 995 1885 1045 ctum atque voluntatem illarum quasi potentias quasdam existentes in personis. Attributa autem qua-
412 1035 1895 1092 litatis quae sunt magnitudo & aeternitas, non sic sunt penitus secundum rationem abinuicem &
424 1086 1889 1137 ab aliis attributis distincta: quia non sunt solum aliquid illius in quo sunt quasi in subiecto pri-
417 1127 1890 1185 mo & per se: & denominatio illius vt in persona: sed etiam sunt aliquid cuiuslibet quod pertinet ad
419 1174 1892 1238 perfectionem illius vt ipsius essentiae & cuiuslibet attributorum eius. Omnibus enim illis inest ma-
425 1219 1883 1283 gnitudinis immensitas ratione perfectionis suae in esse essentiae suae, & etiam immensitas aeterni
425 1264 1896 1323 tatis ratione perfectionis in esse existentiae: licet immensitas magnitudinis & aeternitatis in atttri-
421 1312 1890 1373 butis consequantur ex immensitate magnitudinis & aeternitatis essentiae, & sint in deo simpliciter,
413 1360 1893 1418 & cuilibet personae diuinae ex immensitate magnitudinis essentiae illius contingit quod esse quod in creatu-
428 1405 1899 1456 ris inuenitur esse dignitatis simpliciter eidem attribuendum est. & per hoc magnitudo quae est
414 1449 1893 1505 mensura diuinae essentiae, & deriuatur in singula attributa, & etiam est mensura illorum secundum
415 1499 1895 1548 superius determinata, & denominat illa: & similiter aeternitas: & per consequens singula eorum
422 1547 1899 1604 inter se per magnitudinem & aeternitatem denominantur esse aequalia & similia: & ipsa etiam
428 1593 1897 1650 inuicem se denominant: dicendo quod bonitas est magna immensa & aeterna: & similiter sapientia
418 1639 1900 1693 & caetera talia. Similiter magnitudo diuina est aeterna, & aeternitas diuina est magna & immensa
423 1682 1892 1733 Et idcirco etiam secundum magnitudinem & aeternitatem singula in diuinis aequalia dicuntur
414 1729 1896 1787 inter se, licet non dicantur inter se similia: nisi tantummodo personae diuinae intellectus atque volun-
414 1780 1896 1831 tas eorum in quibus sunt habitus, qui soli sunt qualitates diuinae vt dictum est. Ex quo plane pa-
423 1822 1896 1874 tet differentia magnitudinis spiritualis & molis: quia magnitudo molis est in corporalibus acci-
422 1869 1896 1918 dens omnino diuersum a qualibet qualitate: & per quantitatem insunt illis qualitates corporales.
434 1914 1883 1966 Vnde & denominant etiam quantitatem molis: non autem subiectum illius: dicitur enim super
414 1961 1891 2019 ficies alba & colorata. Vnde & duae superficies bene dicuntur similes. In spiritualibus autem non
417 2004 1879 2062 sic: immo spiritualis magnitudo est aliquid in persectione cuiusque rei. Propter quod quaelibet illarum
422 2053 1890 2115 denominatur a magnitudine: licet non econuerso. Et secundum hoc concedenda est vltima ratio
427 2101 771 2163 quae ad hoc processit.
431 2182 1901 2246 ⁋ Ad primum in oppositum: quod in diuinis vniformiter se habent fundamenta aequa
423 2241 1902 2298 litatis & similitudinis, scilicet quantitas & qualitas: ergo & aequalitas & similitudo: Dico quod quan-
431 2287 1893 2342 titas & qualitas in diuinis dupliciter considerari habent. Vno modo secundum se & absolute. Et sic vt pro-
429 2332 1891 2391 cedit argumentum & bene, vniformiter habent esse in diuinis, & sic secundum superius determi
422 2380 1898 2430 nata habent rationem substantiae: & non fundatur super ipsa nisi identitas. Alio modo in diuinis con
429 2421 1897 2474 siderantur quantitas & qualitas in ordine ad sua subiecta: & vt sunt aliquid alterius: & sic ha-
426 2466 1899 2528 bent rationem quantitatis & qualitatis: & fundantur super ea aequalitas & similitudo. Et quia
429 2524 1891 2572 non se habent vniformiter ad sua subiecta, quia (vt dictum est) quicquid est in diuinis est aliquo
431 2561 1891 2616 modo subiectum quantitatis: non autem qualitatis: idcirco quia secundum hanc rationem conse
435 2612 1898 2668 quitur illa aequalitas & similitudo: ipsa omnino difformiter se habent in diuinis: & hoc
435 2654 1884 2716 non ex aliquo defectu: sed ex conditione & natura rei. ⁋ Ad secundum, quod quantum & qua-
425 2700 1896 2769 le vniformiter denominant in diuinis ea quorum sunt: ergo & similiter aequalitas & si-
