2017 3181
151 252 1609 313 similitudo: Dico quod verum est quo ad hoc quod quaecunque in diuinis sunt vniformiter qualia &
169 296 1612 355 quanta, vniformiter sunt aequalia & similia. Sed tamen non sequitur ex hoc: quaecunque in diuinis sunt
162 341 1612 398 aequalia, sunt similia. Immo plura sunt aequalia quae non sunt similia: vt dictum est. Et quo ad hoc
161 390 1606 447 non habent esse vniformiter in diuinis aequalitas & similitudo, & quale & quantum: quia in diuinis
163 430 1607 495 habent esse quanta siue denominantur a quantitate magna & aeterna, quae nullo modo denomi-
160 471 780 532 nantur a qualitate qualia: vt patet ex dictis.
440 560 1602 626 Irca quartum arguitur quod similitudo non habet esse vniformiter in personis diuinis,
446 607 1605 663 Primo sic. pater & filius sic sunt similes inter se secundum qualitatem quae sapientia
450 651 1600 716 est, quod ambo sunt sapientia. Est enim filius sapientia de sapientia, secundum superius
448 699 1598 768 determinata, non sic autem similis est pater aut filius aut spiritus sanctus: quia spiri-
439 749 1602 804 tus sanctus non est similis illis secundum sapientiam quae est ipse: in quo est magna dif
317 791 1647 859 agzed formitas. ergo &c. ⁋ Secundo sic. filius & spiritus sanctus sunt aequales: puta sapientes
164 838 1602 899 boni & huiusmodi: & per consequens similies inter se sapientia & bonitate & huiusmodi, quam habent
155 885 1598 938 a patre. Hilius enim & spiritus sanctus a patre habent sapientiam bonitatem & omnem rationem aliam qualitatis.
149 934 1599 988 non sic autem similis filius aut spiritus sanctus patri. Pater enim nihil omnino habet ab alio: sed omnia a seipso: in quo
161 979 1595 1032 magna est difformitas. ergo &c. ⁋ Tertio sic. pater & filius sic sunt similes spiritui sancto, quod ambo
147 1021 1601 1075 sunt a quo alius. Eilius etiam & spiritus sanctus sic similes sunt quod ambo sunt qui ab alio, non sic autem pater
146 1064 1600 1117 & spiritus sanctus. Pater enim non est ab alio: & ab ipso est alius. Spiritus sanctus vero est ab alio: & ab ipso non
149 1105 1600 1157 est alius: in quo est magna difformitas. ergo &c. ⁋ Quarto sic. non vniformiter similitudo est in il-
150 1152 1612 1205 lis quorum vnus habet eam a se: alii autem non nisi receptam ab illo quod habet eam a se. Receptum enim
150 1197 1607 1251 ab alio non videtur esse in recipiente in tanta plenitudine in quanta est in illo a quo recipitur: si-
157 1241 1605 1293 cut lumen non in tanta plenitudine & perfectione est in aere in quanta est in sole. pater similitudinem
147 1282 1611 1340 habet a se ad filium & ad spiritum sanctum: quia a se habet qualitatem super quam fundatur. Filius
155 1339 1603 1391 autem & spiritus sanctus non sic habent similitudinem ad patrem aut inter se: quia non a se, sed
150 1380 1594 1431 a patre habent qualitatem super quam fundatur. ergo &c. ⁋ Quinto sic. in illis non habet esse vni-
165 1423 1605 1473 formiter similitudo quorum vnus non solum est similis similitudine: sed etiam est ipsa similitudo:
157 1470 1605 1522 alii autem solum sunt similitudine similes: & non sunt ipsa similitudo. Eilius autem est ita simili-
146 1513 1609 1572 tudine similis quod est ipsa similitudo, secundum tacta superius: non sic autem pater aut spiritus san
155 1558 1603 1605 ctus: quia non sunt similitudines: sed solummodo similes similitudine. ergo &c. ⁋ Sexto sic. In il-
152 1603 1611 1661 lis non est vniformis similitudo quorum vnus est vis assimilatiua aliorum sibi: sed alii non sic. spi
149 1651 1603 1705 ritus sanctus amor est, qui est vis assimilatiua amantis ad amatum: & per hoc conuersiua aman-
149 1696 1599 1752 tis in amatum secundum Dionysium, non sic autem pater aut filius, secundum superius determi
153 1741 1592 1790 nata. ergo &c. ⁋ Contra. in illis necessario est vniformis similitudo in quibus est vniformis quali-
148 1785 1608 1838 tas super quam fundatur: quia ratio relationum communium sequitur rationem fundamentorum
148 1828 1600 1877 secundum praedicta. sed qualitas super quam fundatur similitudo in diuinis, necessario vniformiter
152 1874 1606 1926 habet esse in tribus personis diuinis: etiam si in seipsa esset variabilis vllo modo, quia non est nisi
157 1918 743 1970 vnica & singularis in tribus. ergo &c.
157 1969 1596 2068 ⁋ Dico quod quaestio ista est pars quaestionis secundae praecedentis. Illa enim quaerit
151 2056 1592 2110 de singulis quae sunt in diuinis: an scilicet sit in eis plena perfecta & omnimoda similitudo. lsta au
158 2103 1603 2162 tem quaerit idem de diuinis personis tantum: supponendo ex dictis in illa secunda quaestione quod in so-
159 2143 1596 2196 lis personis diuinis comparatis inter se nata est esse similitudo: non autem in aliis: & quod non in diui
149 2191 1602 2240 nis est perfecta plena & omnimoda similitudo: si talis similitudo sit in ipsis personis diuinis. vnde
159 2237 1603 2288 quaestio ista est declaratio suppositi in quaestione illa. Et posset consimilis quaestio fieri de aequalita
151 2283 1594 2335 te: quae tamen facta non est superius de aequalitate sicut hic facta est de similitudine: quia ex eius de-
145 2323 1602 2377 terminatione quo ad similitudinem, patebit eius derminatio quo ad aequalitatem. Dico igitur quod similitu
155 2372 1605 2425 do habet esse vniformiter in diuinis personis: quia plena perfecta & omnimoda similitudo habet esse in illis: & hoc
153 2412 1599 2475 dupliciter. Vno modo comparando singulas diuinas personas inter se secundum similitudines existentes
159 2460 1602 2510 in illis quae sunt extrema habitudinum. Alio modo comparando inter se ipsas similitudines quae
146 2504 1603 2561 sunt habitudines inter singulas duas personas. Tres enim personae in diuinis comparatae inter se secun
155 2555 1614 2608 dum similitudinem aut aequalitatem, sunt sicut tres anguli figurae triangularis: & habitudines aequa
153 2593 1599 2652 litatis & similitudinis inter illas, sunt sicut lineae tres contentae inter puncta angulorum: quarum
