2017 3208
399 240 1905 307 econverso. ergo cone non potest esse appropriatum. Dicendum est enim quod in ocmuni duo consideranm scilicet id quod est cone, &
395 296 1888 346 id quod est quasi prima intentio in diuinis: & cone sub ratione communis quod est quasi secundae intentionis. Et cone pri
410 342 1890 396 mo modo non supponit, proprium: sed proprium potius supponit illud cone tamquam primum & principium illius. Super
404 386 1897 437 ponit etiam illud cone appropriatum: & ideo cone sub tali ratione non appropriatur: sed potius propriatur secundum
404 434 1902 484 iam dicta. Commune autem secundo modo supponit, proprium tanquam primum & secundum rationem intellectus
403 479 1896 531 nostri praecedens: quia (vt dictum est) id quod est cone per abstractionem a proprio assumit intentionem communis: & pro
410 525 1896 575 prium non supponit illud: sed appropriatum supponit illud: quia nihil appropriatur nisi cone: & vt est sub ratio
404 579 1890 630 ne communis. & sic in argumento aequiuocatur ratio communis. ⁋ Ad quintum quod illud quod est occasio errandi impossibile
415 618 1897 674 est in diuinis: Dico quod verum est vt procedit obiectio de eo quod est occasio errandi data. Non autem verum est
413 660 1896 715 de eo quod est errandi occasio accepta. Nunc autem appropriatio in diuinis nulli est occasio errandi data ex
398 708 1893 756 actu appropriandi: quia talis occasio faceret errare: sicut scandalum actiuum quod est occasio scandalizandi data
400 751 1890 813 facit vt aliquis scandalizetur: sed appropriatio est potius occasio data dirigendi in credendis circa propria: quia
404 797 1897 850 appropriata sunt declaratiua propriorum & manuductiua in cognitionem propriorum tanquam minus notorum
414 844 1888 895 er magis nota. Magis autem nota nobis sunt communia essentialia quam, propria personalia: quemadmodum in naturali
404 891 1893 938 bus nobis primum manifesta & certa sunt confusa magis: posterius autem ex his fiunt nota elementa.  Vnde
407 936 1891 990 ex vniuersalibus in singularia oportet deuenire, vt dicitur in principio Physi. Et contingit hoc nobis de
403 975 1890 1028 ocomunibus & propriis in diuinis: sicut illud contingit de vniversalibus & singularibus in creaturis: quia sicut in il
409 1020 1887 1074 lis vniversale nobis notius est: quia notum quoddam & confusum est respectu singularium: & confusa magis nota nobis
401 1067 1896 1120 sunt secundum sensum, vt dicit ibidem: & omnis nostra cognitio naturalis a sensu ortum capit, vt dicitur in
407 1116 1889 1170 principio & in fine libri posteriorum: sic in istis cone nobis notius est, proprio: quia communia diuina quae in creatu
397 1161 1890 1210 ris ad dignitatem pertinent simpliciter, magis nota nobis sunt secundum intellectum quam, propria illorum: & ex illis
401 1204 1892 1250 conibus in creaturis repartis deuenire possumus ductu naturalis rationis per certitudinem in cognitionem con-
399 1248 1888 1308 munium essentialium diuinorum: non sic autem ex aliquibus quae cognoscimus in creaturis, possumus deuenire per
398 1300 1897 1355 certitudinem in aliquam cognitionem illorum quae sunt, propria in diuinis, secundum quod haec patent ex supra determi-
395 1344 1890 1402 natis. Sunt autem communia essentialia declaratiua nobis propriorum in diuinis, tanquam manuductiua in cognitio-
394 1389 1898 1435 nem illorum: & hoc vel per modum similitudinis vel modum dissimilitudinis. Per modum similitudinis, ad mo
398 1428 1890 1492 dum quo similitudine imaginis vel vestigii in creaturis inuenta manuducimur in cognitionem propriorum
400 1473 1895 1539 in diuins, vt cum per generationem quam videmus in creaturis manifestamus generationem diuinam: & per conceptum verbi
397 1525 1896 1577 nostri manifestamus conceptum verbi diuini: & per processum amoris nii processum amori diuini. Per modum dissi
398 1575 1886 1629 militudinis, put declarabitur in sequenti quaestione. Eit autem appropriatio communium in diuins per quandam cortntiam
392 1619 1885 1669 communium ad propria: & hoc vel per viam similitudinis vel per viam dissimilitudinis. Per viam similitudinis ad
391 1657 1899 1708 cognitionem veritatis. Per viam autem dissimilitudinis ad remotionem erroris, vt patebit in sequenti quaestio
400 1703 1887 1755 ne. Quae correspondentia percepta in appropriatione multum valet ad percipiendum propria per commu
392 1753 1896 1804 nia, vt declarabitur ibidem. ⁋ Quod autem assumitur in argumento, quod appropriatio est occasio errandi
392 1791 1887 1856 in diuinis: quia ex illa potest intelligi quod appropriatum illi soli conveniat cui appropriatur, aut quod ma-
398 1841 1888 1898 gis ei conueniat &c. Dico quod non est verum quantum est ex parte siue ex ratione appropriationis: sed si
397 1888 1892 1938 illud contingat, hoc solum prouenit ex paruerso intellectu illius: non ex eo quod dicitur aliquod appropriari
400 1933 1888 1993 quantum enim est de significato appropriationis & ratione, bene intelligenti illam insinuatur quod appropriatum sit pluri
410 1982 1887 2038 pus cone: quia vt dictum est non appropriatur nisi cone inquantum est cone. Sed si quis ex appropriatione in
395 2020 1894 2086 telligat quod appropriatum vni soli conveniat: hoc contingit illi ex hoc solummo scilicet quia non intelligit quid signi
392 2061 1893 2131 ficetur nomine appropriationis: sed nomine appropriationis intelligit, propriationem: in quae proprietas dicitur propriari pro
400 2113 1888 2169 prio personae alicuius, puta paternitas patri, quae est constitutiua eius vt proprii: & non est nata alteri conve-
388 2163 1882 2219 nire. Intelligit autem ille dicto modo nomine appropriationis propriationem: eo quod appropriatio videtur esse quaedam
401 2202 1888 2266 ratio proprii: sicut conicatio est quaedam ratiommunis, vt tactum est in tertio argumento praecedente. Sed non intelligitur nomine ap
389 2252 1875 2312 propriationis propriatio modo quo proprietas dicitur propriari: quia sit ita esset: tunc ratio qua vnum cone distinguitur ab
392 2298 1887 2342 alio, non solum haberet maiorem convenientiam cum vno proprio quam cum altero: propter quam appropriare-
385 2335 1888 2401 tur: sed esset omnino propria, ita conveniens vni quod non alteri. Quod excludit Augustinus vi. de triniitate. ostendens quod sapiem
398 2379 1891 2439 tia appropriata filio non est propria illi per hoc quod pater non est sapiens sapientia quam genuit: quasi solus
400 2424 1884 2486 filius sit sapientia & non pater nisi per filium: sed vterque per se est sapientia: & ambo simul sunt vna
393 2469 1883 2538 sapientia: quae est ipsorum vna essentia. Nec etiam appropriatio est quaedam ratio proprii: sicut conicatio est quaedam
395 2520 1890 2584 ratio communis: quia communicatio est quaedam ratio communis subiectiue vt eius quod communicatur: sed appropria-
389 2568 1878 2608 tio est quaedam ratio proprii non subiectiue sed obiectiue vt eius cui appropriatur: sicut & propriatio est quaedam ratio
396 2614 1882 2676 prii: & hoc vniversaliobiectiue vt eius quod quaedammodo fit proprium: cuiusmodi in diuins est persona constituta in esse personali
394 2659 1873 2717 ex essentia & proprietate secundum superius determiata: vniversal obiectiue vt eius cui aliquid propriatur: & hoc vniversali vt constitu
387 2696 1874 2763 tiuum, proprii: sicut proprietas propriatur proprio puta personae: vniversalivt tractum ad quandam rationem proprii: sicut cone rea-
