2017 3189
128 261 1601 343 le: quod inquantum quod reale est, propriatur: inquantum vero cone est intentionale appropriatur, sicut dictum est. in qua qui
133 330 1238 378 dem propriatione proprietas & commune scilicet essentia, propriantur subiectiue.
407 371 1592 429 rca secundum arguitur quod communium appropriatio in diuinis sit naturalis non volunta-
392 416 1639 478 ria, Primo sic. Ricar. dicit. vi. de triniitate. ca. i. In diuina natura nihil potest esse ex opeante Qui
409 460 1638 517 ratia: si tantum iuxta proprietatem exigentis naturae. Quod autem fit voluntarie sit opeante gratia: quia Ar
406 507 1588 563 cum voluntas sit libera, quod agit gratiose agit, quaere cum conmunium appropriatio sit in ipsa
399 552 1623 617 diuina natura: quia non est solummodo ex parte nostra & in conceptunso. ergo &c. ⁋ Secundo
402 596 1600 643 sic. si appropriatio esset in diuinis voluntaria & non naturalis, nullum cone plus esset ap-
401 642 1590 701 propriabile vni personae quam alteri: quia pura voluntas ex se est ad vtrumlibet. consequens fal
128 685 1638 743 sum est, vt patet ex dictis, & amplius declarabitur in dicendis. ergo &c. ⁋ In contrarium est quod appropria In
138 733 1596 789 tio facta est a doctoribus sacris: & potuit non fuisse facta. quod autem est naturale & non voluntarium non
130 785 657 841 potuit non fuisse factum. ergo &c.
144 819 1590 894 ⁋ Dico quod cum voluntas & natura sint duo generalia principia agentia in rebus, omne
143 869 1638 937 quod sit aut sit ab altero illorum tantum & per se: aut ab vtroque simul: cum etiam comnmune appropriandum non ape Re
137 933 1600 985 propriatur illi cui est appropriandum, nisi propter correspondentiam aliquam ad proprium illius maiorem quam ad pro
127 967 1603 1025 prium alterius. Secundum igitur quod multipliciter & ex contrariis causis solet assignari proprium: secundum hoc du-
143 1013 1597 1064 pliciter & ex contrariis causis solet assignari propriatio, & iudicari fore naturalis vel voluntaria. Est enim
131 1063 1606 1123 proprium quoddam naturale quod a natura tribuitur ei cuius est: & naturale illi est, puta patri quod sit primum &
131 1113 1606 1163 principium totius diuinitatis, & filio quod sit verbum procedens per modum intellectus & notitiae. Aliud vero est
143 1149 1603 1207 proprium innaturale: immo contra naturam illius cui tribuitur: & illi cui tribuitur non tribuitur nisi ab intellectu
139 1195 1587 1244 erroneo: puta patri infirmitas & impotentia, quia apud nos patres proprie senectutem existentes infirmi
137 1239 1599 1297 solent esse & impotentes: & filio insipientia, quia filii apud nos in infantia insipientes solent esse. ⁋ Aliqui ergo
134 1284 1604 1337 aspicientes ad proprium secundo modo camm appropriationis assignant per viam dissimilitudinis & correspon
134 1327 1608 1377 dentiae in contrario communis ad proprium illius cui sit appropriatio, dicentes quod patri appropriatur potestas ne creda
131 1377 1601 1431 tur fore infirmus & impotens: filio vero sapientia ne credatur fore insipiens. Et sic sit talis appropriatio cam
138 1424 1614 1475 remouendi ab illo cui sit appropriatio proprium per errorem tributum ei: & sic cam vitandi erroris. Et quia ta
140 1463 1609 1517 lis appropriatio nullam habet camm naturalem ex parte rei in appropriando cone: sed solum ex parte erronei in
135 1516 1602 1564 tellectus: ideo talis appropriatio esset voluntaria & nullo modo naturalis, & potuit omnino non fuisse facta
135 1557 1608 1614 nec facienda, nisi intellectus erroneus praecessisset, vt tangit vltima obiectio. Et videtur mihi quod ista cam ap-
134 1602 1604 1657 propriandi est inconveniens: quia si propter istam canm secundum Hila. appropriaretur patri aeternitas, secundum eandem
141 1643 1614 1704 canm & multo magis posset appropriari & filio. Eilius enim a multis haereticis creditus est esse teporalis non aeter
138 1691 1601 1745 nus, a quibus ptr creditur aeternus. Ad hoc ergo remouendum deberet aeternitas potius appropriari filio: quod falsum
134 1732 1601 1794 est: quia vnum cone non est per se appropriabile nisi vni personae, vt in sequentibus declarabitur. Praeterea sicut pa
131 1778 1601 1827 tres proprie senectutem solent esse infirmi & impotentes: sic solent esse desipientes: & filii econtra in iuuentute so-
140 1823 1603 1870 lent esse corporaliter potentes & in sapientia proficientes. Patri igitur secundum dictam appropriationem posset appro
142 1870 1607 1930 priari sapientia ne credatur insipiens, & filio potentia ne credatur impotens, sicut econverso: quod est contra modum
141 1922 1613 1972 appropriandi sanctorum. Alii ergo melius aspicientes ad proprium primo modo, canm assignant appropriationis
136 1958 1610 2019 per viam similitudinis & correspondentiae siue congruentiae communis ad proprium illius cui sit appropriatio: & hoc aut
140 2003 1612 2060 per viam similitudinis: aut per viam excellentiae, vt in sequenti quaestione declarabitur. Dicunt ei quod communia omnia quae pertinent ad in
135 2058 1617 2105 tellectum, per viam similitudinis appropriantur filio, quia ipse procedit per viam intellectus: illa vero quae pertinent ad vo-
146 2092 1615 2148 luntatem, appropriantur spiritu sancto: quia ipse procedit per modum voluntatis: & illa quae pertinent coniter ad vtrunque vt
142 2137 1607 2191 origo & primum siue principium respectu illorum, appropriantur patri: quia ipse est origo aliorum, vt in sequenti
143 2184 1608 2238 quaestione declarabitur. Et sit talis appropriatio & ad veritati declarationem & ad erroris vitationem. Nam per
134 2227 1609 2279 huiusmodi appropriationem manuducimur ad cognitionem propriorum in illis quibus appropriantur communia: & hoc
137 2274 1615 2331 ratione similitudinis & conformitatis quam illa communia habent ad propria. Postquam enim de omnibus notum est quod sint communia,
145 2319 1621 2378 & ipsa appropriantur vni potius quam alteri, & appropriatio dicitur a ratione proprii, intelligitur quod sit aliquid proprium illi
150 2369 1622 2421 cui appropriatur. Ex quo vlterius per huiusmodi appropriationem vitatur error latentior potius quam per appropriatio-
140 2408 1624 2465 nem praecedentem: quia enim non appropriatur nisi quod est cone: & non est appropriatio nisi quidam tractus siue deter-
148 2449 1626 2514 minatio communis ad proprium, per appropriationem intelliguntur illi cui sit appropriatio ineem & aliquid cone illi cum
145 2496 1625 2552 aliis & aliquid proprium illi praeter alios. Et secundum quod ex hoc appropriata cognoscuntur esse vere communia, vitatur error
146 2543 1623 2588 Arrianorum: quid cum sepauerit personas per substantiarum diuersitatem: nihil secundum veritatem potuerunt ponere
151 2582 1631 2646 cone tribus personis. secundum vero quod ex hoc appropriata per appropriationem cognoscuntur trahi ad, propria, vitatur
152 2628 1632 2691 error Sabellianorum: quid cum confudissent personas per proprietatum identitatem, nihil secundum veritatem alicui personae
152 2688 1632 2734 proprium potuerunt ascribere: cum per propria sit personarum vera & realis distinctio. Et sic ecclesia ponen
151 2732 1621 2790 do in diuinis appropriata, mediam viam tenet inter duos contrarios errores, vitando Scyllam & Charybdim-
