2017 3159
405 271 1872 336 tem tendendi ad situm: & ordo quietem in situ. Eadem autem est ratio tendendi ad situm & consistendi in situ. Pro
414 329 1871 386 specie autem ponitur numerus: quia in isto ordine species secundum rem siue secundum rationem plurificatur in di-
410 373 1876 425 uersis: quorum quodlibet habet in creaturis, propriam mensuram: & in diuinis quotquot sunt plura non habent
420 420 1878 472 mensuram nisi vnica. scilicet imensitatis. Et inuenitur iste ternarius correspondenter in deo & in creaturis. In creatu
416 460 1869 516 ris quidem siue distinctis abinuicem: sicut sunt diuersa tota siue diuersae partes in eodem toto. De quo
411 514 1873 561 dicit Augustinus quo ad distinctionem partium in toto, de Gen. contra Manichaeos ca. xvii. Non alicuius anima-
423 556 1875 605 is corpus & membra considero, vbi non mensuram & numerum & ordinem inueniam ad vnitatem concordiae
422 597 1879 648 pertinere: quae omnia vnde veniant non intelligo nisi a summa mensura & numero & ordine, quae in ipsa
420 634 1881 694 dei sublimitate incommutabili ac aeterna consistunt. Et extendendo ista tria etiam ad partes vniuersi distin
417 679 1881 739 ctas abinuicem sicut diuersa tota, subdit dicens. In omnibus mensuras numeros & ordinem vides: ar
413 728 1884 783 tificem quaere: nec alium inuenies nisi vbi summa mensura & summus numerus & summus ordo est
414 770 1880 824 cid ei. deum. Inuenitur autem dictus ternarius in deo, & inter distinctos realiter, vt inter personas quae inter se
414 821 1874 869 habent numerum, & distinctae sunt suis formis siue speciebus, puta proprietatibus relatiuis: & habent
424 858 1875 916 mensuram vnius immensitatis, & ordinem naturae inter se, de quo habitum est supra. Sunt etiam inter commu-
424 904 1880 954 nia personarum quae inter se habent numerum suarum formarum siue specierum. scilicet rationes proprias & mensuram immen
415 951 1875 1001 sitatis & ordinem naturae inter se, de quo etiam habitum est supra. Et sunt numerus iste mensura & ordo
406 991 1872 1044 communes tribus diuinis personis sicut & ipsa absoluta quorum sunt primo & per se. Sed numerus appropria
414 1040 1869 1091 tur patri primo quia in ipso est pluralitas proprietatum. scilicet ingeneratio & generatio actiue. Filio autem appro
416 1089 1870 1140 priatur mensura: quia est imago procedens sub ratione mensurarum. Spiritui sancto autem ordo: quia ipse in finem per
413 1127 1876 1177 amorem dirigit. Ad ordinem autem quoruncumque distinctorum inter se, sequitur congruentia & pulchritudo in eis. dicen
405 1170 1875 1218 te Augustinus libi i. de ordine ca. xiii. Ordo atque dispositio quia vniuersi cogruentiam ipsa distinctione cu-
413 1213 1877 1266 stodit, ex contrariis omnium rerum simul pulchritudo figuratur. Et ista pulchritudo diuersatur secundum diuersi
406 1260 1866 1307 tatem ordinatorum: quia in diuinis est quaedam pulchritudo propriorum. scilicet diuinarum personarum inter se: quaedam ve-
410 1306 1865 1360 ro ex ordie communium in tribus personis existentium. Et prima istarum, propria est ordinatis, secundum quod ipsa ordi
420 1354 1875 1407 nata, propria sunt: & ordo illorum, proprius est illis. Secunda vero est communis propriis secundum quod ipsa ordinata
412 1398 1871 1449 communia sunt: & ordo illorum ommunis est illis. Et iterum prima istarum duplex est, secundum quod duplex est ordo in propriis.
422 1438 1870 1487 Est enim quidam ordo in singulis existens, & mutuus eorum adinuicem. Est autem alius ordo in vno illorum ad vnum
413 1483 1871 1541 non mutuus. Et primo istorum duorum modorum est ordo trium personarum diuinarum mutuus inter se scilicet patris
410 1531 1872 1581 ad filium & econverso: & vtriusque ad spiritum sanctum & econverso: de quo habitum est superius. Secundo vero modo
412 1571 1873 1618 est ordo solius filii vt est imago sub ratione imaginis ad patrem per se: non autem econverso patris vt imagina
411 1616 1873 1669 ti ad filium imaginem nisi per accidens: quia filius vt imago, per se habet ordinem ad patrem vt ad imaginatum. Ad
419 1662 1867 1719 modum quo secundo genere relationis filius vt imago & mensuratum per se ad patrem refertur vt ad imaginatum: Er
420 1705 1867 1753 auntem econverso ad filium vt ad imaginem non refertur vt imaginatum & mensura nisi per accidens, secundum su-
412 1751 1874 1809 perius determinata. Et pulchritudo in ordinatis primo istorum modorum sicut & ordo, est propria in
419 1795 1866 1848 singulis ordinatis personis: quia propria est patri vt consistit in ordine qui est patris ad filium: & econ
409 1846 1879 1894 uerso propria est filio vt consistit in ordine qui est filii ad patrem: & similiter vt est in spiritu sancto
414 1884 1867 1931 respectu vtriusque: sed est communis in solis patre & filio respectu spiritus sancti. Et ideo talis pulchritudo
416 1928 1876 1982 quia est, propria singulis vel duobus nulli potest esse appropriata: quia in diuinis non est, propriatum nisi cone
410 1975 1877 2029 tribus, vt supra determinatum est. Pulchritudo etiam in ordinatis secundo istorum modorum sicut & ordo ipse
408 2015 1875 2067 in vnica persona est tantum, puta in filio vt est imago: & hoc in ordine quem habet ad patrem tantum. & ideo ista
414 2060 1873 2111 pulchritudo in imagine non est appropriata: quia est, propria, & est in illa inquantum plene & perfecte repenertat
408 2105 1872 2156 id cuius est imago. De qua pessime aliqui intelligunt loqu Augustinus quando exponendo Hila. dicit. In imagine spe
422 2150 1866 2203 ciem nominauit credo propter pulchritudinem. Postquam enim ista pulchritudo sit propria, non potest appropriari: quia
416 2202 1876 2250 vt dictum est, nihil est appropriabile nisi cone. Pulchritudo autem in diuinis ex ordine omnium inter se communis
406 2235 1869 2293 est tribus personis: sicut & ipsa ordinata inueniuntur coniter in tribus personis. Et de ista pulchritudie intel
418 2283 1871 2333 ligit Augustinus quod est appropriata imagini, & intellecta ab Hila, nomine speciei. Et hoc propter similitudinem ad
409 2326 1873 2381 proprium imaginis, quod consistit in cogruentia aequalitate & similitudie imaginis vt est imago ad imaginatum.
423 2374 1869 2428 uam aequalitas & similitudo pertinent ad secundum genus relationis, vt habitum est supra. Vnde postquam dixit Augustinus In ima
423 2421 1866 2476 gine speciem nominauit credo propter pulchritudinem. continue subiuxit. Vbi est iam tanta congruentia & prima
424 2460 1879 2510 equalitas & prima similitudo nulla in re dissidens, & nullo modo inaequlis & nulla ex parte dissimilis: sed ad
416 2507 1869 2555 identitatem respondens ei cuius est imago. Et in quo ad identitatem subdit. Et vbi est prima & summa vita &c. Vnde
407 2547 1861 2606 ista pulchritudo est imagis vt est ipsa aliquid in se scilicet summa vita summa sapia summa bonitas & caetera communia in di
408 2594 1876 2641 uinis. In imagine enim duplex pulchritudo consideratur: vna vt est representatiua eius cuius est imago: alia vt
415 2634 1872 2697 est res quaedam in se. Et prima pulchritudo consideratur in imagine vt perfecte imitatur illud cuius est imago, & est reprs
417 2677 1861 2739 sentatiua perfecte illius: & consistit in numero propriorem scilicet personarum & personalium: & hoc secundum conmensuratio
