2017 3290
108 267 1601 342 re, charitate. Quia si virtus ad beatam vitam nos ducit, nihil omnino esse affirmauerim, nisi summum amo
117 332 1606 392 rem dei. Nam illud quod quadripertita dicitur virtus, ab ipsius amoris vario affectu, quantum intelligo, dicitur. vt Te
113 384 1602 438 perantia sit amor integrum se praebens ei quod amatur: fortitudo amor facile tolerans omnia propter id quod amatur: iu-
116 426 1593 488 stitia amor soli amato seruiens: prudentia amor ea quibus adiuuatur, ab eis quibus impeditur sagaciter
114 474 1592 528 eligens. Sed hunc amorem non cuiuslibet rei sed dei esse dicimus. Et infra. xxiii. Vt nihil aliud sit bene vi-
111 521 1584 575 uere quam toto corde, tota anima, tota mente diligere deum, a quo existit, vt incorruptus in eo amor atque inte
112 574 1587 627 ger custodiatur, quod est temperantiae: vt nullis frangatur incommodis, quod est fortitudinis: nulli alii seruiat, quod est
108 616 1588 663 iustitiae: vigilet in discernendis rebus, quod est prudentiae. Et secundum hoc si virtutem ad amorem comparemus, ni
113 655 1595 712 hil aliud est quam ordo amoris, vel amor ordinatus. Quantum enim ad materiale in virtute & substantiam ha-
104 702 1586 767 bitus, virtus non est nisi amor ordinatus: quantum vero ad formale & completiuum virtus non est nisi ordo amo
110 750 1583 804 ris. Talis autem amor in deo est: quemadmodum & habitus virtutum. secundum modum superius determinatum. Et quia
113 788 1593 848 iste amor secundum diuersas virtutes inclinat ad diuersos fines proprios diuersarum virtutum circa huma-
110 844 1587 894 na bona: in modum eius quod mouetur processiue ad loca diuersa: cuius motus principium, instrumentum pes est
111 883 1587 939 ideo Augustinus hunc amorem comparat pedi. Exponens enim illud Psalmi. ix. In laqueo suo quem absconde
116 937 1594 979 runt comprehensus est pes eorum. dicit sic. Pes animae recte intelligitur amor: qui cum prauus est, vocatur cupi-
116 979 1580 1038 ditas aut libido: cum autem rectus, dilectio vel charitas. Amore enim mouemur tanquam ad locum quo tendimus
114 1025 1589 1075 Amor autem charitatis est virtus gratum faciens, diuinitus infusa: quae est forma caeterarum virtutum diri
103 1073 1587 1125 gens ipsas in vnum finem vltimum supernaturalem modo supernaturali: cum ex se non dirigant in illum nisi modo naturali
117 1120 1582 1172 & humnano. Et talis amor est in deo: immo est ipse deus, dicente loannem. in tertia Cano. sua. Deus charitas est.
114 1162 898 1214 & in nobis comparatur alis: quia eo ad caelestia volamus.
107 1211 1580 1283 ⁋ Quia ergo arguitur primo quod amor est actio in voluntate: quia notitia est actio in intel-
108 1266 1605 1322 lectu: Dicendum quod reuera pro actione quandoque sumitur sicut & notitia: vt cum partes imagis in nobis distinguuntur
111 1311 1606 1380 penes illa tria, mens, notitia, & amor. proprie tamen amor non est actio sed amatio. ⁋ Ad secundum quod est i
111 1362 1591 1410 passio: quia eius contrarium vt odium, est passio: dicendum quod odium secundum quod est nomen vi-
118 1406 1605 1463 tii, passio non est, sicut neque amor, nisi ex annexa tristitia: quemadmodum & amor quandoque dicitur passio ex
113 1456 1479 1509 annexo gaudio vel delectatione. ⁋ Argumentum probans quod sit habitus, simpliciter concedendum est.
531 1490 1586 1580 Equitur Arti. &LVIl. de actione voluntatis quae est velle siue
528 1541 1137 1600 amare. Circa quam quaeruntur quatuor.
531 1584 1516 1649 Primo de ipsa actione voluntatis quae est velle vel amare secundum se.
536 1630 1587 1700 Secundo de ipsa in comparatione ad actionem intellectus, quae est intelligere.
533 1686 1591 1753 Et quia in altera illarum vel in ambabus consistit dei beatitudo: ideo tertio quae
530 1734 1596 1813 retur de dei beatitudine. Et quia beatitudini annexa est delectatio: ideo
536 1775 1071 1842 uarto quaeretur de dei delectatione.
521 1811 1173 1906 Circa primum istorum quaeruntur quinque.
530 1873 1015 1937 Primum: vtrum deus sit volens.
518 1901 1540 1999 Secundum: vtrum quilibet actus eius volendi sit eiusdem rationis.
529 1966 1093 2032 Tertium: vtrum deus velit seipsum.
113 1996 1516 2087 Quartum: vtrum actus volendi seipsum principaliter terminetur ad essentiam an ad personas.
136 2059 907 2115 uintum: vtrum deus velit seipsum de necessitate.
404 2088 1579 2155 Irca primum arguitur: quod deus n sit volens. Primo sic. ab eo quod se habet per indifferentiam inquam
392 2155 1578 2217 tum huiusmodi, nulla procedit actio inquantum huiusmodi. secundum Commnent. super. x. Physicae. voluntas diuina
411 2203 1590 2250 uantum est de se, per indifferentiam se habet ad omnia volita: nec ab aliqua hius determiari, vt ha
397 2249 1592 2294 bitum est supra. ergo &c. ⁋ Secundo sic. omnis volens ad suam perfectionem indiget volito. aliter
400 2292 1588 2347 enim frustra illud vellet. in deo nulla est actio frustra: nec aliquo indiget. ergo &c. ⁋ Con
350 2346 1588 2402 tra. in aeternis non distant siue differunt actus & potentia. secundum Philosophum. Cum ergo in
117 2384 1586 2436 deo sit voluntas quae est volendi potentia, vt hitum est supra: ipsa ergo est in actus. sy actus voluntati est velle. ergo &c.
108 2428 1586 2499 ⁋ Dicendum ad hoc: quod cum appetitus sit in re ex eo quod est aliquid in rerum natura existens, vt
121 2485 1606 2543 habitum est supra: quanto ergo aliquod habet esse perfectius in rerum natura, tanto perfectior est in eo appetitus. cum er i
108 2535 1584 2591 go diuina natura perfectissima sit, vt hitum est supra: in deo ergo est perfectissimus appetitus. Perfectio autem vnius
104 2584 1586 2636 cuiusque non est nisi secundum quod est in actum. Cum ergo perfectissimus appetitus est voluntas: quia liberrimus, vt habitum est
111 2622 1589 2673 supra: in deo ergo est voluntas exins in actu volendi. Tale autem ens est volens. deum ergo ponendum est esse volentem. &
103 2670 1592 2731 hoc ex ratione perfectionis suae in esse naturae non in esse cognitiuo, quia est perfecte cognoscens. Licet ei voluntas non est se
110 2716 1603 2772 cundum actum nisi existente intellectu secundum actum: non tamen cognoscere est ratio eius quod
107 2759 1584 2818 est velle. Nonenim ex eo quod cognoscit bonum, habet quod vult bonum: licet hoc non est sine illo, quia vt habitum
103 2803 1600 2883 est supra, bonum cognitum non determinat voluntatem: sed ex eo vult bonum quod perfectionem habet in esse a forma
