2017 3150
140 236 1601 302 nem in aequalitate quantitatis, & secundum conformationem in similitudie quaelitatis ipsius imaginis ad id cuius est
145 288 1594 346 & non econverso. Secunda vero pulchritudo consideratur in imagine & eo cuius est imago sicut & in caete
145 339 1605 392 ris rebus: & consistit in numero communium secundum commensurationem mutuam eorundem in aequalitate quantitatis:
152 380 1601 433 & secundum conformationem in similitudine quaelitatis: ad modum quo in corpore est pulchritudo cum est multi
158 422 1592 485 tudo membrorum perfecta in quantitate & quaelitate, quae congrue & proportionaliter sunt disposita & ordinata. secundum
155 472 1595 530 quod propter hanc proportionem & dispositionem dicit Augustinus Vbi iam est tanta congruentia &c. Propter perfectionem
149 523 1601 574 autem in quantitate ad quam sequitur summa aequalitas, subdit. Vbi est prima & summa vita &c. Propter perfectio
147 574 1601 618 nem autem in quaelitate ad quam sequitur summa similitudo, addit. Tamquam verbum perfectum &c. Sunt enim verbum & ars
145 615 1590 661 tanquam lux & splendor siue quaelitas intellectus. Et pertinent ista aequalitas & ista similitudo ad tertium genus re
150 652 1594 706 lationis. Quo ad vsum autem simliter non planam aut euidentem fecit Aug. appropriationem Hila. in eo quod dicit.
147 692 1587 745 Dilectio, delectatio, felicitas, vel beatitudo vsus appellatus est. Vsus enim aequocum est ad vsum proprie di
158 740 1592 798 ctum: & ad vsum communiter acceptum qui continet in se ipsum frui. Vsus enim proprie acceptus distigui
143 789 1583 837 tur contra frui, secundum quod definiendo vti & frui dicit Augustinus primo de doctrina christiana ca. viii. FErui est
157 826 1593 882 amore alicui rei inhaerere propter seipsam. Vti vero est id quod in vsum venit referre ad obtinendum illud
151 874 1585 930 quodo fruendum est. Et vsus ab vti tali modo accepto nequaquam appropriari potest spiritui sancto: quia vsus ta
142 919 1586 971 lis non est nisi eorum quae sunt ad finem. Eine autem non est vtendum sed fruendum tantum. Spiritus sanctus autem non est res
140 960 1593 1017 quae sit ad finem & qua vtendum est neque proprie neque appropriate: sed solummodo qua fruendum est vt fine com
146 1003 1586 1057 muniter cum patre & filio. dicente Augustinus vbi supra cap. vii. Res illae quibus fruendum est nos beatos faciunt:
156 1048 1592 1102 illae quibus vtendum, tendentes ad beatitudinem adiuuant. &. c. ix. Res ergo quibus fruendum est sunt pater & filius &
156 1086 1603 1150 spiritus sanctus eadem trinitas: quaedam res summa conmunis omnibus fruentibus ea: vtendum est hoc mundo. De
148 1137 1602 1195 vsu vero communiter accepto dicit Augustinus x. de triniitate. ca. xi. Vti est assumere aliquod in facultatem volunta
143 1180 1600 1233 tis: ideoque omnis qui fruitur vtitur. Assumit enim aliquod in facultatem voluntatis cum fine delectationis. Et hoc mo-
143 1229 1592 1282 do vsus appropriatur spiritui sancto tanquam conveniens cum, proprio illius: quia. scilicet procedit vt amor: qui suauis est:
150 1268 1588 1320 & omnia delectat, & fini in quae est vltima beatitudo coniungit: & ita patrem & filium. Quod exponit Augustinus in
151 1316 1596 1372 exponendo camm dictae appropriationis dicens. Vsus appellatus est spiritus sanctus genitoris genitique suaui
156 1361 1594 1417 tas, in geniti largitate atque vbertate perfundens omnes creaturas pro captu earum vt ordinem suum teneant
156 1402 1594 1461 & locis suis acquiescant. Sic ergo loquendo de appropriatione quo ad actum & complementum eius: nequaquam
153 1462 1586 1502 omnia communia sunt appropriata: nec de hoc quaerit quaestio. Loquendo autem de aptitudine seu habilitate
155 1490 1592 1547 ad appropriationem prout proposita est quaestio in diuinis: dicunt aliqui quod non omnia communia in diuinis sunt ape
151 1544 1593 1595 propriabilia, puta essentia, esse, vita, viuere & caetera huiusmodi : d scilicet in ratione suae communitatis nullam similitu
154 1584 1593 1639 dinem aut congruentiam habent cum, proprio alicuius personae magis quam cum, proprio alterius. Et reuera si ita esset, quaecum
144 1629 1597 1686 quod iam talia in diuinis essent, nequaquam appropriabilia essent deficiente cam appropriationis secundum praedetermina-
148 1669 1602 1726 ta. sed hoc est impossibile: quia. scilicet personae diuiae sunt ordiatae penes primum secundum & tertium ratione suorum propriorum.
149 1717 1593 1772 Similitecommunia quae sunt in propriis ordinata sunt penes primum secundum & tertium ratione sui. S impossibile est quod primum
146 1767 1592 1816 in ordinati in vera coordinatione penes primum secundum & tertium, non magis conveniat cum primo in ordinatis
143 1803 1589 1852 in alia coordinatione quam cum secundo aut tertio etiam aliis eifdem retentis. & similiter est de secundo in vna coordinatione cum
140 1849 1598 1909 secundo in alia: & simliter de tertio cum tertio. Impossibile est ergo esse aliqua communia in diuinis quin sint appropriabilia ali
153 1897 1600 1955 cui personae potius quam alteri: & hoc propter maiorem convenientiam ad proprium illius quam ad proprium alterius. Quod puto
153 1939 1589 1999 esse verum de omnibus communibus siue sint absoluta siue relatiua. Vnde dico quod sicut in diuinis omnia cmoniquae pertinent ad
154 1975 1606 2037 voluntatem: quia sunt in tertia differentia ordis ad illa quae pertinent ad intellectum: & ad illa quae indifferenter se habent ad in
153 2027 1600 2086 tellectum & voluntatem: appropriantur spiritui sancto quid est tertia persona in diuinis: similite communia illa quae perti-
152 2068 1596 2123 nent ad intellectum: quia sunt in secunda differentia ordinis: appropriantur filio quid est secunda persona in diuinis:
152 2111 1595 2166 sic illa quae indifferenter se habent ad vtrumque, quia sunt in prima differentia ordinis: sunt generaliter & appropriam
152 2157 1598 2212 tur patri quid est prima persona in diuinis: & hoc etiam si nulla alia specialior est appropriationis ratio commu
150 2207 1596 2254 nium in diuinis facienda patri aut filio aut spiritu sancto. Et sic illa quae indifferenter se habet ad intellectum & vo
150 2254 1616 2301 luntatem, sunt quasi pertinentia ad memoriam: quae patri approprianda est cum omnibus pertinentibus ad illam: similiter si
152 2294 1596 2350 lio intelligentia cum omnibus pertinentibus ad illam: & spiritui sancto voluntas cum omnibus pertinentibus ad illam. Dico er-
155 2337 1602 2399 go quod esse & essentia viuere & vita deitas & deus appropriabilia sunt patri potius quam filio & spiritu san-
152 2373 1603 2437 cto: sed secundum actum & vsum sanctorum appropriata non sunt: & hoc quia speciales rationes appropriandi prae-
155 2433 1602 2482 ter rationem primi ad aliquod proprium patris in illis non sunt inuentae, sicut inuentae sunt super generalem ra-
163 2468 1601 2522 tionem secundi in illis quae iam appropriata sunt filio: & sicut inuentae sunt super generalem rationem
152 2517 879 2575 in illis quae iam appropriata sunt spiritui sancto.
164 2554 1600 2623 ⁋ Argumentum primum in oppositum bene probat quod nullum talium per se ad-
153 2611 1601 2668 huc est appropriatum alicui personae: qui tamen sit quodlibet illorum appropriabile, nequaquam probat. Quid au
159 2660 1617 2727 tem sentiendum est de esse in illo dicto, Ego sum qui sum: patebit in sequentibus. ⁋ Ad secundum
