2017 3152
404 229 1859 313 specialiter inductum de deitate, quod non sit appropriabilis: quia per indifferentiam se habet ad propria
418 292 1866 351 trium personarum: Dico quod verum est quod deitas non est appropriabilis quantum est ex speciali ratio-
411 337 1868 399 ne appropriandi. Quantum tamen est de generali ratione appropriandi, videlicet quia deitas est primum &
425 383 1873 444 principium quoddam respectu omnium propriorum & proprietatum & communium quae proerti
415 435 1866 485 nent ad voluntatem & intellectum: in hoc convenit magis cum, proprio patris quam filii aut spiritus sancti
428 469 1865 531 in eo videlicet quod pater est primum & principium respectu aliarum personarum. ideo potius est pra
422 516 1877 575 tri appropriabile quam filio aut spiritui sancto. ⁋ Ad tertium in oppositum: quia non bene concludit in
435 559 1871 624 entum: quod scilicet translatiue dicta de deo appropriabilia sunt: quare multo fortius quaecumque propria: Di
423 608 1885 664 co quod verum esset si ratio eius quod est proprie aut traslatiue dici, esset ratio seu causa appropriationis
421 647 1874 705 aut res ipsa significata hincinde. Nunc autem non est ita: sed in translatis cam appropriationis est con
421 695 1882 752 ditio rei significatae hincinde. Quia enim lux corporalis est motiua virtutis cognitiuae, ideo ipsa transla-
423 732 1882 792 ta ad diuina appropriabilis est: sicut & alia quae pertinent in deo ad virtutem cognitiuam quae est
422 788 1883 838 intellectus: & hoc praecipue quia reprssentat lucem spiritualem, quae pertinet ad intellectum. Non sic autem
434 823 1878 881 deitas conditionem aliquam specialem importat propter quam alicui determinate poterit appropria-
423 873 1876 928 ri: & ideo nec appropriatum est nomen deitatis in diuinis: sicut appropriatum est nomen lucis. Vn-
435 911 1879 969 de & propter istam indifferentiam nomen dei triplicem deriuationem habet a nominibus graecis:
421 962 1878 1020 & secundum vnam appropriatur patri: secundum aliam filio: secundum tertiam spiritui sancto. Deus
426 999 1876 1056 enim vno modo dicitur a theon quod est fouere siue fouens, & appropriatur patri: quia ab ipso omnia
428 1052 1876 1104 habent fomentum, in eo quod est primum principium dandi omnibus esse. Alio autem modo dicitur a
425 1097 1884 1145 theos quod est videre siue videns, quod appropriatur filio: quia per modum visus & cognitionis procedit
424 1139 1866 1205 Tertio deus dicitur ab aethin quod est ardere siue ardens, quod appropriatur spiritui sancto: quia ipse
424 1183 893 1238 procedit vt ardor aut flamma.
692 1198 1881 1285 Irca quartum arguitur quod non possunt vni appropriari plura communia in di-
711 1264 1878 1322 uinis, Primo sic. communium appropriatio attestatiua & declaratiua est proprii
709 1315 1863 1363 in eo cui appropriatur secundum superius determinata. sed plurium appropriatio
710 1357 1844 1410 vni non est declaratiua proprii in illo: quia appropriatio non est declaratiua
686 1407 1880 1469 prii nisi inquantum sapit rationem proprii, vt etiam determinatum est supra. Plu-
620 1461 1874 1504 eat rium autem appropriatio vni non sapit rationem proprii sed communis: eo quod com-
420 1495 1873 1547 munis est ipsis pluribus appropriatio. ergo &c. ⁋ Secundo sic. si haec est per se: appropriatio est atte
422 1534 1877 1590 statiua & declaratiua, proprii in eo cui sit appropriatio: ergo vna appropriatio est attestatiua & decla-
428 1586 1875 1640 ratiua vnius proprii in illo: & plures appropriationes sunt attestatiuae & declaratiuae plurium proprio
424 1624 1881 1680 rum in eodem: quia si haec est per se, homo est animal: vnus homo est vnum animal: & plures homines
424 1669 1883 1725 sunt plura animalia: & haec est per se, appropriatio est declaratiua siue attestatiua proprii: quia eius ra
425 1709 1882 1770 tionem includit in suo significato. Aut ergo non sunt plurium plures appropriationes in diuinis:
434 1754 1872 1814 aut tot sunt propria illi cui sit appropriatio, quot sunt appropriationes, & quot communia illi appro-
439 1802 1868 1856 priantur. consequens falsum est: quia tunc si tria communia vel plura in diuinis vni appropriarentur: opor
436 1846 1873 1904 teret in eo tot esse, propria: quod falsum est. ergo &c. ⁋ In contrarium est quod si omnia communia sint ap-
434 1887 1880 1947 propriabilia secundum determinata, cum non sint nisi quatuor propria tribus personis secundum praedeter
431 1936 1865 1991 minata: & multo plura sunt communia, necesse ergo est quod plura vni sint appropriabilia. Quod etiam
421 1977 1872 2035 patet ex diuersis appropriationibus a diuersis doctoribus factis tribus personis: quia patri secundum
428 2022 1872 2079 Hila. appropriatur aeternitas, filio species, spiritui sancto vsus: secundum modum iam supra exposi
426 2067 1881 2130 tum. Et secundum Augustinus in de doctrina christia. patri appropriatur vnitas: filio aequalitas: spiritui
421 2114 1882 2164 sancto concordia, vt supra expositum est loquendo de relationibus communibus. ltem patri appro
424 2152 1881 2206 priatur potentia: filio sapientia: spiritui sancto bonit as. ltem secundum Augustinus libo de triniitate. non con-
429 2200 1872 2256 fuse accipiendum est quod ait Apostolus. Ex ipso, per ipsum, & in ipso sunt omnia. Ex ipso propter patrem: per
406 2244 1876 2307 ipsum propter filium: in ipso propter spiritum sanctum. ⁋ Quia etiam omnia communia sint approprian-
424 2291 1871 2344 da vni vt patri, arguitur sic. illud quod commune est multis, & vni illorum sic commune est quod il-
422 2329 1869 2378 lud habet ex se, & alii ab illo, magis est illi vni appropriabile quam alicui aliorum: quia quod convenit ali
425 2376 1869 2432 cui ex se, inquantum huiusmodi magis natum est esse proprium illi quam quod conueniat ei ab alio. omnia con-
422 2423 1881 2473 munia in diuinis patri conueniunt ex se: filio & spiritui sancto a patre, secundum superius determina-
392 2457 1872 2522 in ta. ergo &c. ⁋ Quia etiam omnia communia sunt approprianda filio arguitur, quaecumque ad intellectum parti-
428 2511 1886 2570 nent in diuinis, approprianda sunt filio: quia ipse procedit per modum intellectus secundum praedetermi
431 2555 1884 2610 nata. omnia communia inquantum conmunia sunt pertinent ad intellectum: quia conmune & proprium sunt quaedam secun
432 2597 1881 2652 dae intentiones circa rem eandem in diuinis: & nihil est appropriabile nisi commune inquantum conmune est
377 2638 1871 2714 Ad etiam secundum praedeterminata. ergo &c. ⁋ Quia etiam omnia communia approprianda sunt spiritui sancto, ar-
