2017 3275
404 248 1866 313 sonant, in his similitudine tactus valere: vt si leniter aut aspere sensum tangunt, lenitas aut aspe
410 311 1870 366 tas literarum ita tangat auditum. Sic ipsum lene cum dicimus, leniter sonat: asperum est cum dic
410 362 1820 410 tur crux. ltaque res ipsae afficiunt sicut sentiuntur verba: lana & vepres vt audiuntur verba, s
411 398 1866 465 tanguntur: sed quasi tintinnabula verborum crediderunt vbi sensus rerum cum sonorum se
407 453 1873 505 su concordabant. Hinc ab ipsarum rerum similitudine processisse licentiam, vt crura non pri
422 499 1878 559 pter asperitatem doloris, sed quod longitudine atque duritia inter caetera membra sint similiora. Inc
416 547 1893 604 ad abusionem ventum est, vt vsurpetur nomen non rei similis: sed quasi vicinae, cum pisci
409 591 1827 643 na videtur a piscibus dicta propter aquam vbi piscibus vita est. Hinc facta est processio ad
405 636 1902 692 trarium. nam lucus eo dictum putatur quod minime luceat. Quid vltra prouehar: quicquid an-
407 686 1822 733 numerari potest, aut similitudine rerum & sonorum, aut similitudine rerum ipsarum, aut v
410 729 1908 789 tate, aut contrario contineri videbis originem verbi. Nota quod in hoc vltimo dicto tanguntur
417 776 1899 832 quatuor modi originis verborum secundum quadruplex genus causae siue rationis quare scili-
417 833 1915 882 cet talis vox tali rei imponatur ad significandum eam. Quorum primus est similitudo re-
411 867 1893 927 spectu auditus & tactus rerum significatarum & sonorum significantium: & est principalis:
410 918 1905 972 quem tangit cum dicit, Donec perueniatur eo vt res cum sono verbi aliqua similitudine conci
416 965 1899 1024 nat & caetera. Post quem sequuntur alii, puta secundus, qui est similitudine significatorum
409 1008 1905 1064 per voces inter se: quem tangit ibi. Hinc ab ipsarum & caetera.  Tertius est vicinitate in
416 1056 1900 1115 ter se earundem rerum: quem tangit ibi. Inde ad abusionem &c. Quartus vero est ipsarum rerum con
419 1102 1903 1149 trarietate inter se: quem tangit ibi. Hinc facta est &c. ⁋ Primus autem istorum distinguitur in du-
410 1149 1902 1204 os: quia aut est per similitudinem rerum & sonorum in seipsis, aut in ipsorum proprietatibus. Pri
419 1193 1914 1242 mo modo est similitudo inter sensibilia sensus auditus solummodo. De quibus solummodo exem-
417 1241 1899 1297 plificat cum dicit. Vt cum aeris &c. Est enim talis similitudo inter sonum qui est signum & rem quae
419 1294 1915 1345 est sonus, vt inter sonum aeris qui est res significanda, & inter tinnitum qui est sonus significans il-
414 1332 1911 1384 lam. Sonus enim aeris vocatur tinnitus: quia sonus aeris est tinnitus. Et sic res quae est sonus eris
423 1379 1905 1432 cum sono qui procedit ab aere qui est tinnitus concinit siue concinnat & similitudinem habet. &
422 1423 1909 1487 sic ista similitudo est prima origo huius verbi tinnitus: & causa quod illi rei imponatur. Secundo
416 1472 1906 1534 autem modo est similitudo bene inter alia quam inter sensibilia sensus auditus: & est duplex: quia
416 1520 1915 1581 aut est sonorum & rerum in suis proprietatibus in se consideratis: aut in comparatione ad diuer-
417 1563 1905 1610 sas virtutes cognitiuas. Primo modo est similitudo in illis de quibus exemplificat in sequenti-
417 1609 1918 1656 bus: puta inter sonum qui est vis: & rem significatam hoc verbo vis. Sonus enim illius literae
423 1653 1915 1720 quae est u, quando est consonans proprietatem habet quod sit validus: & valide facit sonare sylla-
412 1702 1911 1758 bam in qua ponitur. Proprietas etiam rei significatae per sonum verbi in quo ponitur, est quod sit
422 1750 1909 1811 valida: & sic proprietas rei cum sono concinnat: & sic ista similitudo est prima origo imposi-
418 1799 1910 1861 tionis huius verbi vis ad significandam rem cui imponitur. dicente Augustino in Dialectica sua
429 1844 1906 1893 capitulo septimo. Nemo ambigit syllabas in quibus u litera locum obtinet consonantis, vt sunt
413 1888 1913 1945 in his verbis primae syllabae velum, vinum, vomis, vulnus, crassum & quasi validum sonum ede-
413 1938 1914 1990 re. Quod approbat etiam loquendi consuetudo cum quibusdam verbis eam subtrahimus ne onerent
424 1982 1907 2033 aurem. Nam inde est quod amastis dicimus libentius pro amauistis, & abiit non abiuit, & in hunc
414 2026 1917 2092 modum innumerabilia. Per quae intelligit talia verba ex proprietate sua congruere & quodammo
415 2076 1911 2137 do assimilari rebus validis vt per illa conuenienter significentur: inter quae verba praecipuum &
424 2119 1914 2182 primum est hoc verbum siue vox huius verbi vis: quod propter huiusmodi similitudinem signifi
428 2168 1909 2214 cat in generali quicquid in se validum est. Quae vox tali rei sic in generali primo imposita ab il-
417 2212 1912 2269 la vlterius est origo imponendi eam per deriuationem aliis: puta a vi per vicinitatem ad illos in
416 2266 1912 2322 quibus est vis quam inferunt aliis, dicuntur vincula: & vimen quo aliquid violenter viminatur: &
425 2308 1912 2363 hoc iuxta tertium modum principalem originis verbi praedictum: & vlterius a vinculis aut
416 2352 1914 2412 vimine vitis propter similitudinem iuxta secundum modum originis praedictum: quia sicut
419 2401 1912 2448 vincula vel vimen vinciunt ea quae circundant: sic & suis recuruis tenaculis palmites vitis.
425 2444 1921 2507 dicente Augustino ibi. Ergo cum in vi sonus verbi (vt dictum est) quasi validus congruit rei quam si
429 2495 1919 2544 gnificat, iam ex illa vicinitate per hoc quod vinciunt, hoc est quod violenta sunt, dicta vincula possunt
419 2542 1918 2593 videri, & vimen quo aliquid viminatur. Vnde vitis a similitudine quod vinciat ea quae appre-
423 2583 1907 2633 hendit. Et vlterius a vite per quandam vicinitatem dicitur vinum, quia procedit a vite:
418 2631 1908 2687 & etiam per quandam similitudinem quia vincit & ligat potantem. Vnde si in omnibus istis de ori-
411 2676 1907 2739 gine verbi quaeritur vnde ita dicatur, respondebitur quod a vi. Cuius origo cum quaeritur, respon-
