<?xml version="1.0" encoding="UTF-8" standalone="yes"?>
<PcGts xmlns="http://schema.primaresearch.org/PAGE/gts/pagecontent/2013-07-15" xmlns:xsi="http://www.w3.org/2001/XMLSchema-instance" xsi:schemaLocation="http://schema.primaresearch.org/PAGE/gts/pagecontent/2013-07-15 http://schema.primaresearch.org/PAGE/gts/pagecontent/2013-07-15/pagecontent.xsd">
    <Metadata>
        <Creator>prov=University of Rostock/Institute of Mathematics/CITlab|PLANET AI GmbH/Gundram Leifert/gundram.leifert@planet-ai.de:name=Badius1520-m2(htr_id=24043)::::v=2.6.6
prov=University of Rostock/Institute of Mathematics/CITlab|PLANET AI GmbH/Tobias Gruening/tobias.gruening@planet-ai.de:name=de.uros.citlab.module.baseline2polygon.B2PSeamMultiOriented:v=2.6.6
prov=University of Rostock/Institute of Mathematics/CITlab|PLANET AI GmbH/Tobias Gruening/tobias.gruening@planet-ai.de:name=/net_tf/LA73_249_0mod360.pb:de.uros.citlab.segmentation.CITlab_LA_ML:v=2.6.6
Transkribus</Creator>
        <Created>2020-04-15T01:43:43.219+02:00</Created>
        <LastChange>2020-05-23T00:28:02.097+02:00</LastChange>
        <TranskribusMetadata docId="369791" pageId="14432832" pageNr="545" tsid="29524537" status="IN_PROGRESS" userId="25065" imgUrl="https://files.transkribus.eu/Get?id=LTSTCYOVRKYXRWDPEDOAMRCB&amp;fileType=view" xmlUrl="https://files.transkribus.eu/Get?id=XNZFOGFAUVUWPRBCRELELMAY" imageId="10395982"/>
    </Metadata>
    <Page imageFilename="544.jpg" imageWidth="2017" imageHeight="3144">
        <ReadingOrder>
            <OrderedGroup id="ro_1590235598044" caption="Regions reading order">
                <RegionRefIndexed index="0" regionRef="r1"/>
            </OrderedGroup>
        </ReadingOrder>
        <TextRegion orientation="0.0" id="r1" custom="readingOrder {index:0;}">
            <Coords points="137,196 137,2752 1616,2752 1616,196"/>
            <TextLine id="r1l2" custom="readingOrder {index:0;}">
                <Coords points="140,304 1571,307 1571,239 140,229"/>
                <Baseline points="149,297 219,297 290,296 361,295 431,294 502,294 573,294 643,294 714,294 785,294 856,294 926,294 997,294 1068,296 1138,296 1209,296 1280,297 1350,297 1421,298 1492,299 1563,299"/>
                <TextEquiv>
                    <Unicode>debitur quod robusto &amp; valido sonus verbi congruit. dicente Augustino ibidem. Scrutetur vinci</Unicode>
                </TextEquiv>
            </TextLine>
            <TextLine id="r1l3" custom="readingOrder {index:1;}">
                <Coords points="142,348 1570,351 1570,306 142,304"/>
                <Baseline points="152,342 222,341 292,341 363,339 433,339 504,339 574,339 644,338 715,338 785,338 856,338 926,338 996,338 1067,339 1137,339 1208,339 1278,341 1348,341 1419,342 1489,342 1560,344"/>
                <TextEquiv>
                    <Unicode>re vnde dictum sit: dicemus a vi. Quare sic appellatur require: reddatur ratio quod robusto &amp; quansi</Unicode>
                </TextEquiv>
            </TextLine>
            <TextLine id="r1l4" custom="readingOrder {index:2;}">
                <Coords points="146,397 1566,398 1566,352 1441,345 146,348"/>
                <Baseline points="155,387 225,386 295,385 365,384 435,384 505,383 575,383 645,383 715,383 785,383 856,383 926,383 996,384 1066,384 1136,384 1206,386 1276,386 1346,386 1416,387 1486,387 1557,387"/>
                <TextEquiv>
                    <Unicode>valido ipso sono verbum rei quam significat congruit: vltra quod requirat non habet. Et per hanc</Unicode>
                </TextEquiv>
            </TextLine>
            <TextLine id="r1l5" custom="readingOrder {index:3;}">
                <Coords points="136,445 1571,437 1562,396 136,396"/>
                <Baseline points="146,431 216,430 287,429 358,428 429,428 500,426 570,426 641,426 712,426 783,426 854,426 924,426 995,428 1066,428 1137,428 1208,429 1278,429 1349,430 1420,431 1491,432 1562,432"/>
                <TextEquiv>
                    <Unicode>viam vniuersaliter a dicto primo modo originis verbi semper oriuntur alii tres. Si autem origo </Unicode>
                </TextEquiv>
            </TextLine>
            <TextLine id="r1l6" custom="readingOrder {index:4;}">
                <Coords points="145,483 1573,479 1492,437 146,439"/>
                <Baseline points="155,476 225,474 295,473 366,473 436,472 507,471 577,471 647,471 718,471 788,471 859,471 929,471 999,471 1070,471 1140,473 1211,473 1281,474 1351,474 1422,476 1492,477 1563,477"/>
                <TextEquiv>
                    <Unicode>verbi fuerit per similitudinem rerum &amp; sonorum in suis proprietatibus &amp; in comparatione ad diuer</Unicode>
                </TextEquiv>
            </TextLine>
            <TextLine id="r1l7" custom="readingOrder {index:5;}">
                <Coords points="140,536 1560,527 1542,483 140,483"/>
                <Baseline points="150,521 220,519 290,518 360,516 430,516 500,515 570,515 640,515 710,515 780,515 850,515 920,515 990,516 1060,516 1130,516 1200,518 1270,518 1340,519 1410,519 1480,519 1551,519"/>
                <TextEquiv>
                    <Unicode>sas virtutes cognitiuas: dico quod iste adhuc habet contingere in creaturis, vel in comparatione</Unicode>
                </TextEquiv>
            </TextLine>
            <TextLine id="r1l8" custom="readingOrder {index:6;}">
                <Coords points="134,569 1403,581 1564,576 1564,528 134,536"/>
                <Baseline points="143,564 213,563 284,561 354,561 425,560 495,560 566,560 636,560 707,560 777,560 848,560 919,560 989,560 1060,561 1130,561 1201,562 1271,563 1342,563 1412,564 1483,564 1554,564"/>
                <TextEquiv>
                    <Unicode>rerum ad diuersas virtutes sensitiuas: vel in comparatione ad diuersas virtutes scilicet sensitiuam vnam</Unicode>
                </TextEquiv>
            </TextLine>
            <TextLine id="r1l9" custom="readingOrder {index:7;}">
                <Coords points="147,617 1569,613 1518,569 147,571"/>
                <Baseline points="155,608 225,606 295,606 365,605 436,605 506,603 576,603 646,603 717,603 787,603 857,603 927,604 998,605 1068,605 1138,606 1208,606 1279,606 1349,608 1419,608 1489,609 1560,609"/>
                <TextEquiv>
                    <Unicode>&amp; intellectiuam aliam. Quia vt dicit Augustinus ibidem, Res est quicquid intelligitur vel sen-</Unicode>
                </TextEquiv>
            </TextLine>
            <TextLine id="r1l10" custom="readingOrder {index:8;}">
                <Coords points="152,659 1563,662 1563,616 1444,612 152,619"/>
                <Baseline points="162,651 231,651 301,651 370,650 440,650 510,650 579,648 649,648 718,648 788,648 858,648 927,648 997,648 1066,650 1136,650 1206,650 1275,651 1345,651 1414,653 1484,654 1554,656"/>
                <TextEquiv>
                    <Unicode>titur vel latet: quod dicitur, intelligibile est vel sensibile. &amp; hoc siue fuerit res naturae tantum, vt est</Unicode>
                </TextEquiv>
            </TextLine>
            <TextLine id="r1l11" custom="readingOrder {index:9;}">
                <Coords points="148,709 1563,703 1545,659 148,659"/>
                <Baseline points="158,696 227,695 297,695 367,693 437,693 506,692 576,692 646,692 716,692 785,692 855,692 925,693 995,693 1064,693 1134,695 1204,695 1274,695 1343,696 1413,696 1483,698 1553,698"/>
                <TextEquiv>
                    <Unicode>quodlibet ens in genere extra naturam: siue fuerit res partim naturae, partim rationis: vt est quoda</Unicode>
                </TextEquiv>
            </TextLine>
            <TextLine id="r1l12" custom="readingOrder {index:10;}">
                <Coords points="141,749 1569,748 1556,702 141,703"/>
                <Baseline points="150,740 220,738 291,738 361,738 432,737 502,737 573,737 643,737 714,737 784,737 855,737 925,737 996,737 1066,738 1137,738 1207,738 1278,740 1348,740 1419,741 1489,741 1560,741"/>
                <TextEquiv>
                    <Unicode>libet ens sub ratione vniuersalis seu communis: quae vocatur res primae intentionis: &amp; siue fuerit</Unicode>
                </TextEquiv>
            </TextLine>
            <TextLine id="r1l13" custom="readingOrder {index:11;}">
                <Coords points="134,794 1567,794 1547,748 135,749"/>
                <Baseline points="143,783 213,783 284,783 355,783 426,782 497,782 567,782 638,782 709,782 780,782 851,782 921,782 992,782 1063,782 1134,782 1205,782 1275,783 1346,783 1417,785 1488,785 1559,786"/>
                <TextEquiv>
                    <Unicode>res rationis tantum, pertinens ad artem grammaticae vel logicae: vt sunt omnes intentiones secundae: vel</Unicode>
                </TextEquiv>
            </TextLine>
            <TextLine id="r1l14" custom="readingOrder {index:12;}">
                <Coords points="148,840 1570,839 1570,797 1516,793 149,795"/>
                <Baseline points="158,830 228,828 298,827 368,827 438,825 509,825 579,825 649,825 719,825 789,825 860,825 930,825 1000,825 1070,825 1140,827 1211,827 1281,828 1351,828 1421,830 1491,830 1562,831"/>
                <TextEquiv>
                    <Unicode>circa res primo &amp; secundo modo dictas: vt sunt vniuersale, particulare, &amp; huiusmodi: vel circa</Unicode>
                </TextEquiv>
            </TextLine>
            <TextLine id="r1l15" custom="readingOrder {index:13;}">
                <Coords points="143,880 1487,891 1574,877 1575,837 143,835"/>
                <Baseline points="152,872 222,872 293,872 364,870 434,870 505,870 576,870 646,870 717,870 788,870 859,870 929,870 1000,870 1071,870 1141,870 1212,871 1283,872 1353,872 1424,873 1495,873 1566,875"/>
                <TextEquiv>
                    <Unicode>voces rerum illarum significatiuas, vt sunt dictio, nomen, verbum, pronomen, &amp; huiusmodi incomplexa.</Unicode>
                </TextEquiv>
            </TextLine>
            <TextLine id="r1l16" custom="readingOrder {index:14;}">
                <Coords points="147,932 1572,927 1545,881 147,880"/>
                <Baseline points="156,915 226,915 296,915 367,915 437,915 507,915 578,914 648,914 718,914 789,914 859,914 929,914 1000,914 1070,914 1140,914 1211,915 1281,915 1351,917 1422,917 1492,918 1563,920"/>
                <TextEquiv>
                    <Unicode>Nam propositio, syllogismus, enthymema, &amp; huiusmodi, quae vocantur nomina nominum, significant proprieta</Unicode>
                </TextEquiv>
            </TextLine>
            <TextLine id="r1l17" custom="readingOrder {index:15;}">
                <Coords points="147,973 1565,976 1538,925 147,931"/>
                <Baseline points="156,962 226,962 296,962 366,960 436,960 506,960 576,959 646,959 716,959 786,959 856,959 926,957 996,957 1066,959 1136,959 1206,959 1276,959 1346,960 1416,960 1486,962 1556,963"/>
                <TextEquiv>
                    <Unicode>tes vocum significatiuarum rerum primo vel secundo modo. Secundum primum modum est similitudo in- </Unicode>
                </TextEquiv>
            </TextLine>
            <TextLine id="r1l18" custom="readingOrder {index:16;}">
                <Coords points="128,1008 1564,1015 1544,973 1306,964 128,984"/>
                <Baseline points="137,1007 211,1007 286,1005 361,1005 435,1005 510,1004 585,1004 659,1004 734,1002 809,1002 883,1002 958,1002 1033,1002 1107,1002 1182,1002 1257,1002 1331,1004 1406,1004 1481,1005 1556,1007"/>
                <TextEquiv>
                    <Unicode>ter sensibilia diuersorum sensuum: de quibus Augustinus loquitur cum dicit supra. Sed quia sunt res</Unicode>
                </TextEquiv>
            </TextLine>
            <TextLine id="r1l19" custom="readingOrder {index:17;}">
                <Coords points="141,1070 1524,1068 1572,1064 1572,1013 141,1015"/>
                <Baseline points="150,1053 220,1052 291,1051 361,1050 432,1049 503,1049 573,1049 644,1047 715,1047 785,1047 856,1046 927,1046 997,1046 1068,1046 1139,1046 1209,1047 1280,1047 1351,1049 1421,1049 1492,1050 1563,1052"/>
                <TextEquiv>
                    <Unicode>quae non sonant &amp;c. Si enim secundum Stoicos res leniter sensum tactus tangit: vox ei imposita est quae </Unicode>
                </TextEquiv>
            </TextLine>
            <TextLine id="r1l20" custom="readingOrder {index:18;}">
                <Coords points="137,1116 1491,1110 1575,1101 1575,1064 137,1067"/>
                <Baseline points="146,1098 217,1097 288,1097 359,1095 430,1095 501,1094 572,1094 643,1092 714,1092 785,1092 856,1091 927,1091 998,1091 1069,1091 1140,1091 1211,1092 1282,1092 1353,1092 1424,1094 1495,1094 1566,1095"/>
                <TextEquiv>
                    <Unicode>proportionali lenitate tangit auditum: vt rei quae leniter mouet tactum, puta pili in vellere</Unicode>
                </TextEquiv>
            </TextLine>
            <TextLine id="r1l21" custom="readingOrder {index:19;}">
                <Coords points="140,1151 1538,1153 1567,1103 140,1116"/>
                <Baseline points="149,1142 219,1140 290,1140 360,1139 431,1139 501,1137 572,1137 642,1136 713,1136 783,1136 854,1136 924,1136 995,1136 1065,1136 1136,1136 1206,1136 1277,1136 1347,1136 1418,1137 1488,1137 1559,1139"/>
                <TextEquiv>
                    <Unicode>ouis, vox lenis imponitur, cuiusmodi est lana. Penes secundum modum est similitudo inter audibile</Unicode>
                </TextEquiv>
            </TextLine>
            <TextLine id="r1l22" custom="readingOrder {index:20;}">
                <Coords points="141,1193 1541,1202 1579,1145 140,1151"/>
                <Baseline points="149,1185 220,1185 291,1184 362,1184 433,1182 504,1182 575,1182 646,1181 717,1181 788,1181 859,1179 930,1179 1001,1179 1072,1179 1143,1179 1214,1179 1285,1179 1356,1181 1427,1181 1498,1182 1569,1184"/>
                <TextEquiv>
                    <Unicode>&amp; intelligibile: quem non tangit Augustinus: de quo posset ipse, si vellet, dicere quo ad intelligi-</Unicode>
                </TextEquiv>
            </TextLine>
            <TextLine id="r1l23" custom="readingOrder {index:21;}">
                <Coords points="144,1240 1573,1233 1573,1196 1384,1182 144,1196"/>
                <Baseline points="153,1230 223,1230 294,1229 364,1229 435,1227 505,1227 576,1226 646,1226 717,1226 787,1224 858,1224 928,1224 999,1224 1069,1224 1140,1224 1210,1224 1281,1224 1351,1224 1422,1224 1492,1226 1563,1226"/>
                <TextEquiv>
                    <Unicode>bilia, &amp; exemplificare de illis sicut exemplificauit &amp; dixit de rebus sensibilibus aliis ab audibi-</Unicode>
                </TextEquiv>
            </TextLine>
            <TextLine id="r1l24" custom="readingOrder {index:22;}">
                <Coords points="152,1291 1561,1281 1580,1234 152,1237"/>
                <Baseline points="162,1275 232,1274 302,1274 373,1272 443,1271 514,1271 584,1271 655,1269 725,1269 796,1269 866,1268 936,1268 1007,1268 1077,1268 1148,1268 1218,1268 1289,1269 1359,1269 1430,1269 1500,1271 1571,1271"/>
                <TextEquiv>
                    <Unicode>libus, sic. Sed quia sunt res quae non sentiuntur, in his similitudinem intellectus valere: vt si leni</Unicode>
                </TextEquiv>
            </TextLine>
            <TextLine id="r1l25" custom="readingOrder {index:23;}">
                <Coords points="149,1326 1588,1332 1588,1277 149,1291"/>
                <Baseline points="159,1320 233,1319 308,1317 383,1317 457,1316 532,1316 607,1314 681,1314 756,1314 831,1313 905,1313 980,1313 1055,1313 1129,1313 1204,1313 1279,1313 1353,1313 1428,1314 1503,1314 1578,1314"/>
                <TextEquiv>
                    <Unicode>ter vel aspere intellectum tangunt: lenitas vel asperitas literarum in verbo ita tamgat auditum. Cum</Unicode>
                </TextEquiv>
            </TextLine>
            <TextLine id="r1l26" custom="readingOrder {index:24;}">
                <Coords points="148,1374 1295,1381 1584,1365 1584,1328 147,1326"/>
                <Baseline points="156,1365 230,1364 305,1362 380,1361 454,1361 529,1359 604,1359 678,1358 753,1358 828,1358 902,1358 977,1358 1052,1358 1126,1358 1201,1358 1276,1358 1350,1358 1425,1358 1500,1358 1575,1359"/>
                <TextEquiv>
                    <Unicode>enim dicimus oculus, leniter sonat: cum dicimus veretrum, asperum est: itaque res illae afficiunt</Unicode>
                </TextEquiv>
            </TextLine>
            <TextLine id="r1l27" custom="readingOrder {index:25;}">
                <Coords points="133,1427 1506,1416 1573,1409 1573,1365 133,1377"/>
                <Baseline points="143,1409 214,1408 285,1407 356,1406 427,1405 498,1404 569,1403 640,1403 711,1402 782,1401 854,1401 925,1401 996,1401 1067,1401 1138,1400 1209,1401 1280,1401 1351,1401 1422,1401 1493,1401 1565,1403"/>
                <TextEquiv>
                    <Unicode>intellectum sicut sentiuntur verba. Hinc dicit Augustinus de Dialectica, ca. viii. Non offendi</Unicode>
                </TextEquiv>
            </TextLine>
            <TextLine id="r1l28" custom="readingOrder {index:26;}">
                <Coords points="141,1465 1581,1457 1562,1407 140,1421"/>
                <Baseline points="149,1454 220,1453 291,1452 362,1451 433,1449 504,1448 575,1448 647,1447 718,1446 789,1446 860,1446 931,1446 1002,1446 1073,1446 1145,1446 1216,1446 1287,1446 1358,1446 1429,1446 1500,1446 1572,1446"/>
                <TextEquiv>
                    <Unicode>tur aurium castitas cum audit, manu, pede. Offenditur autemsi obsccena pars corporis sordido </Unicode>
                </TextEquiv>
            </TextLine>
            <TextLine id="r1l29" custom="readingOrder {index:27;}">
                <Coords points="145,1509 1459,1508 1576,1498 1576,1456 145,1467"/>
                <Baseline points="155,1497 225,1497 296,1496 366,1496 437,1494 507,1494 578,1493 648,1493 719,1493 789,1491 860,1491 931,1491 1001,1491 1072,1490 1142,1490 1213,1490 1283,1490 1354,1490 1424,1490 1495,1491 1566,1491"/>
                <TextEquiv>
                    <Unicode>ac vulgari nomine appellaretur. Et ibi accipitur ly aurium pro aure corporis &amp; mentis simul.</Unicode>
                </TextEquiv>
            </TextLine>
            <TextLine id="r1l30" custom="readingOrder {index:28;}">
                <Coords points="147,1551 1496,1553 1571,1542 1571,1496 147,1509"/>
                <Baseline points="156,1542 226,1541 296,1539 366,1539 437,1538 507,1538 577,1536 648,1536 718,1536 788,1535 859,1535 929,1535 999,1535 1069,1535 1140,1535 1210,1535 1280,1535 1351,1535 1421,1535 1491,1535 1562,1535"/>
                <TextEquiv>
                    <Unicode>Secundum hunc enim modum est origo verbi secundum modum quo intelligi nata est res: quia. scilicet</Unicode>
                </TextEquiv>
            </TextLine>
            <TextLine id="r1l31" custom="readingOrder {index:29;}">
                <Coords points="140,1595 1529,1597 1571,1542 140,1553"/>
                <Baseline points="150,1589 220,1587 291,1586 361,1584 432,1583 503,1581 573,1581 644,1580 715,1580 785,1580 856,1578 927,1578 997,1578 1068,1578 1139,1578 1209,1578 1280,1578 1351,1580 1421,1580 1492,1580 1563,1580"/>
                <TextEquiv>
                    <Unicode>secundum quod ipsa nata est mouere intellectum qui est auris mentis, imponitur vox: quae proportio-</Unicode>
                </TextEquiv>
            </TextLine>
            <TextLine id="r1l32" custom="readingOrder {index:30;}">
                <Coords points="149,1644 1557,1635 1584,1582 149,1601"/>
                <Baseline points="158,1631 228,1629 299,1628 370,1628 441,1626 512,1626 582,1625 653,1625 724,1625 795,1623 866,1623 936,1623 1007,1623 1078,1622 1149,1622 1220,1622 1290,1622 1361,1622 1432,1623 1503,1623 1574,1623"/>
                <TextEquiv>
                    <Unicode>naliter nata est mouere aurem corporis siue auditum. Sed est sciendum quod licet ars Stoicorum</Unicode>
                </TextEquiv>
            </TextLine>
            <TextLine id="r1l33" custom="readingOrder {index:31;}">
                <Coords points="141,1687 1570,1679 1588,1633 140,1646"/>
                <Baseline points="149,1676 220,1674 291,1673 363,1673 434,1671 506,1671 577,1670 649,1670 720,1668 792,1668 863,1668 934,1668 1006,1668 1077,1667 1149,1667 1220,1667 1292,1667 1363,1667 1435,1667 1506,1668 1578,1668"/>
                <TextEquiv>
                    <Unicode>aliquid valeat de similitudine rerum &amp; sonorum vbi res ipsae sunt sensibilia auditus: in aliis tamen</Unicode>
                </TextEquiv>
            </TextLine>
            <TextLine id="r1l34" custom="readingOrder {index:32;}">
                <Coords points="135,1731 1494,1733 1575,1720 1575,1680 135,1690"/>
                <Baseline points="143,1721 214,1719 285,1718 356,1717 427,1716 498,1715 569,1715 641,1713 712,1713 783,1713 854,1712 925,1712 996,1712 1067,1712 1139,1712 1210,1712 1281,1712 1352,1712 1423,1712 1494,1713 1566,1713"/>
                <TextEquiv>
                    <Unicode>rebus quae non sunt audibilia, modicum videtur etiam in creaturis valere: quia sic assignare</Unicode>
                </TextEquiv>
            </TextLine>
            <TextLine id="r1l35" custom="readingOrder {index:33;}">
                <Coords points="140,1771 1423,1776 1583,1761 1583,1717 139,1732"/>
                <Baseline points="149,1763 220,1763 291,1761 362,1760 434,1760 505,1758 576,1758 648,1758 719,1758 790,1757 862,1757 933,1757 1004,1757 1075,1757 1147,1757 1218,1757 1289,1757 1361,1757 1432,1755 1503,1755 1575,1755"/>
                <TextEquiv>
                    <Unicode>rationem originis verbi. secundum Augustinum nimis curiosa res est, &amp; minus necessaria. Quia si omni-</Unicode>
                </TextEquiv>
            </TextLine>
            <TextLine id="r1l36" custom="readingOrder {index:34;}">
                <Coords points="146,1815 1547,1812 1580,1760 146,1778"/>
                <Baseline points="155,1808 225,1806 296,1806 367,1805 438,1805 509,1803 579,1803 650,1802 721,1802 792,1802 863,1802 933,1802 1004,1802 1075,1802 1146,1802 1217,1802 1287,1800 1358,1800 1429,1800 1500,1800 1571,1799"/>
                <TextEquiv>
                    <Unicode>no multum iuuaret explicare originem verbi, ineptum esset aggredi quod prosequi infinitum est.</Unicode>
                </TextEquiv>
            </TextLine>
            <TextLine id="r1l37" custom="readingOrder {index:35;}">
                <Coords points="155,1869 1378,1866 1575,1847 1575,1808 155,1813"/>
                <Baseline points="165,1853 235,1851 305,1850 375,1850 445,1848 515,1848 585,1847 655,1847 725,1846 795,1845 865,1845 935,1845 1005,1844 1075,1844 1145,1844 1215,1844 1285,1844 1355,1844 1425,1844 1495,1844 1566,1844"/>
                <TextEquiv>
                    <Unicode>Quis enim reperire posset quicquid dictum fuerit vnde ita dictum sit: Huic accedit quod vt somnio-</Unicode>
                </TextEquiv>
            </TextLine>
            <TextLine id="r1l38" custom="readingOrder {index:36;}">
                <Coords points="143,1906 1591,1888 1590,1844 143,1864"/>
                <Baseline points="152,1898 223,1896 294,1895 366,1893 437,1893 509,1892 580,1892 652,1890 723,1890 795,1890 866,1890 937,1890 1009,1890 1080,1890 1152,1890 1223,1889 1295,1889 1366,1889 1438,1889 1509,1889 1581,1887"/>
                <TextEquiv>
                    <Unicode>rum interpretatio: ita verborum origo pro cuiusque ingenio praedicatur. Vnde originem verbo</Unicode>
                </TextEquiv>
            </TextLine>
            <TextLine id="r1l39" custom="readingOrder {index:37;}">
                <Coords points="147,1957 1481,1949 1578,1934 1578,1899 147,1904"/>
                <Baseline points="156,1943 226,1941 297,1940 367,1938 438,1937 509,1937 579,1935 650,1935 720,1935 791,1935 862,1935 932,1934 1003,1934 1073,1934 1144,1934 1215,1934 1285,1934 1356,1933 1426,1932 1497,1932 1568,1931"/>
                <TextEquiv>
                    <Unicode>rum voluntariam posuerunt Peripatetici: qui omnia verba ad placitum rebus imponi posue-</Unicode>
                </TextEquiv>
            </TextLine>
            <TextLine id="r1l40" custom="readingOrder {index:38;}">
                <Coords points="142,1999 1502,1995 1580,1987 1580,1934 142,1954"/>
                <Baseline points="152,1983 226,1983 301,1983 376,1982 450,1982 525,1980 600,1980 674,1980 749,1979 824,1979 898,1977 973,1977 1048,1977 1122,1976 1197,1976 1272,1976 1346,1976 1421,1976 1496,1976 1571,1976"/>
                <TextEquiv>
                    <Unicode>runt: easque ad placitum significare. Quos imitatus est Cicero, Stoicos irridens, vt dictum est. Et</Unicode>
                </TextEquiv>
            </TextLine>
            <TextLine id="r1l41" custom="readingOrder {index:39;}">
                <Coords points="141,2043 1486,2039 1572,2033 1572,1993 141,1999"/>
                <Baseline points="150,2031 220,2030 291,2028 361,2027 432,2025 503,2024 573,2024 644,2022 714,2022 785,2022 856,2022 926,2021 997,2021 1067,2021 1138,2021 1209,2021 1279,2021 1350,2020 1420,2019 1491,2019 1562,2019"/>
                <TextEquiv>
                    <Unicode>similiter Augustinus in eo quod dicit ibidem ca. v. Res nimis curiosa &amp; minus necessaria, &amp; cae-</Unicode>
                </TextEquiv>
            </TextLine>
            <TextLine id="r1l42" custom="readingOrder {index:40;}">
                <Coords points="147,2080 1512,2083 1579,2026 146,2045"/>
                <Baseline points="155,2075 225,2073 296,2072 367,2071 438,2070 509,2069 579,2069 650,2069 721,2067 792,2067 863,2067 933,2067 1004,2066 1075,2066 1146,2066 1217,2066 1287,2064 1358,2064 1429,2064 1500,2063 1571,2063"/>
                <TextEquiv>
                    <Unicode>tera vt supra. Neque hic mihi placet dicere, quod sic Ciceroni quoque idem videtur: quamuis nec quis</Unicode>
                </TextEquiv>
            </TextLine>
            <TextLine id="r1l43" custom="readingOrder {index:41;}">
                <Coords points="150,2131 1581,2109 1580,2067 149,2080"/>
                <Baseline points="158,2117 228,2117 299,2117 370,2115 440,2115 511,2114 582,2114 652,2112 723,2112 794,2111 865,2111 935,2109 1006,2109 1077,2109 1147,2108 1218,2108 1289,2108 1359,2108 1430,2108 1501,2108 1572,2109"/>
                <TextEquiv>
                    <Unicode>egeat auctoritate in re tam perspicua. Et cap. vi. Innumerabilia sunt enim verba quorum ra-</Unicode>
                </TextEquiv>
            </TextLine>
            <TextLine id="r1l44" custom="readingOrder {index:42;}">
                <Coords points="152,2175 1428,2171 1579,2158 1579,2109 152,2131"/>
                <Baseline points="162,2163 232,2162 302,2160 373,2159 443,2159 514,2157 584,2157 655,2157 725,2156 796,2156 866,2156 936,2154 1007,2154 1077,2154 1148,2154 1218,2153 1289,2153 1359,2153 1430,2151 1500,2151 1571,2150"/>
                <TextEquiv>
                    <Unicode>tio aut non est vt ego arbitror, aut latet vt Stoici contendunt. Omnibus tamen dictis modis</Unicode>
                </TextEquiv>
            </TextLine>
            <TextLine id="r1l45" custom="readingOrder {index:43;}">
                <Coords points="136,2211 1514,2215 1585,2206 1585,2156 136,2175"/>
                <Baseline points="146,2207 217,2207 289,2205 360,2204 432,2204 503,2202 575,2202 646,2201 718,2201 789,2201 861,2199 933,2199 1004,2199 1076,2199 1147,2198 1219,2198 1290,2198 1362,2196 1433,2196 1505,2196 1577,2195"/>
                <TextEquiv>
                    <Unicode>originis verborum Papias, lsidorus, &amp; Hugutio, caeterique omnes tractantes grammaticam imposi</Unicode>
                </TextEquiv>
            </TextLine>
            <TextLine id="r1l46" custom="readingOrder {index:44;}">
                <Coords points="141,2257 1565,2257 1564,2202 141,2215"/>
                <Baseline points="150,2250 220,2250 290,2249 360,2247 431,2247 501,2246 571,2246 642,2246 712,2244 782,2244 853,2244 923,2244 993,2243 1063,2243 1134,2243 1204,2243 1274,2243 1345,2241 1415,2241 1485,2240 1556,2240"/>
                <TextEquiv>
                    <Unicode>tiuam vtuntur in deriuationibus suis, vt patere potest inspicienti eis. ⁋ De tertio supra princi-</Unicode>
                </TextEquiv>
            </TextLine>
            <TextLine id="r1l47" custom="readingOrder {index:45;}">
                <Coords points="156,2301 1571,2294 1570,2253 1508,2247 156,2265"/>
                <Baseline points="165,2295 234,2294 304,2294 374,2292 444,2292 514,2291 584,2291 653,2289 723,2289 793,2289 863,2289 933,2288 1003,2288 1073,2288 1142,2288 1212,2288 1282,2286 1352,2286 1422,2286 1492,2285 1562,2285"/>
                <TextEquiv>
                    <Unicode>paliter proposito, scilicet de vi verbi, est aduertendum quod secundum Augustinum in Dialectica sua</Unicode>
                </TextEquiv>
            </TextLine>
            <TextLine id="r1l48" custom="readingOrder {index:46;}">
                <Coords points="139,2351 1462,2347 1579,2335 1579,2293 139,2314"/>
                <Baseline points="149,2342 220,2340 291,2339 362,2337 433,2336 504,2336 575,2334 646,2334 717,2334 788,2334 860,2333 931,2333 1002,2333 1073,2333 1144,2333 1215,2331 1286,2331 1357,2331 1428,2330 1499,2330 1571,2328"/>
                <TextEquiv>
                    <Unicode>dicta cap. viii. Vis verbi est qua agitur quantum valet. Valet autem tantum quantum audiem</Unicode>
                </TextEquiv>
            </TextLine>
            <TextLine id="r1l49" custom="readingOrder {index:47;}">
                <Coords points="141,2387 1574,2380 1524,2333 141,2349"/>
                <Baseline points="149,2384 219,2383 290,2382 361,2381 432,2379 503,2379 573,2379 644,2379 715,2378 786,2378 857,2378 927,2378 998,2378 1069,2378 1140,2378 1211,2376 1281,2376 1352,2375 1423,2375 1494,2373 1565,2372"/>
                <TextEquiv>
                    <Unicode>tem mouere potest. Porro mouet audientem aut secundum se, aut secundum id quod significat. Cum secundum </Unicode>
                </TextEquiv>
            </TextLine>
            <TextLine id="r1l50" custom="readingOrder {index:48;}">
                <Coords points="149,2433 1381,2441 1575,2427 1575,2385 149,2393"/>
                <Baseline points="158,2429 228,2427 298,2426 369,2426 439,2424 509,2424 580,2424 650,2423 720,2423 791,2423 861,2423 931,2423 1002,2421 1072,2421 1142,2421 1213,2421 1283,2420 1353,2420 1424,2418 1494,2418 1565,2417"/>
                <TextEquiv>
                    <Unicode>se mouet, ad sensum pertinet, in eo quod offenditur si quis nominat Artaxerxem regem. Scien-</Unicode>
                </TextEquiv>
            </TextLine>
            <TextLine id="r1l51" custom="readingOrder {index:49;}">
                <Coords points="148,2479 1578,2467 1559,2423 148,2433"/>
                <Baseline points="158,2472 228,2471 299,2471 369,2469 440,2469 510,2468 581,2468 651,2468 722,2468 792,2468 863,2468 933,2468 1004,2468 1074,2466 1145,2466 1215,2466 1286,2465 1356,2465 1427,2463 1497,2462 1568,2460"/>
                <TextEquiv>
                    <Unicode>tiam vero non secundum se: sed secundum id quod significat, verbum mouet: quando per verbum accepto</Unicode>
                </TextEquiv>
            </TextLine>
            <TextLine id="r1l52" custom="readingOrder {index:50;}">
                <Coords points="140,2525 1580,2510 1579,2468 139,2477"/>
                <Baseline points="149,2516 220,2515 291,2514 362,2513 433,2513 504,2513 575,2511 646,2511 717,2511 788,2511 860,2511 931,2511 1002,2511 1073,2510 1144,2510 1215,2510 1286,2510 1357,2508 1428,2508 1499,2507 1571,2505"/>
                <TextEquiv>
                    <Unicode>signo animus nihil aliud quam rem ipsam intuetur: cuius istud signum est: vt cum Augustino no</Unicode>
                </TextEquiv>
            </TextLine>
            <TextLine id="r1l53" custom="readingOrder {index:51;}">
                <Coords points="144,2572 1626,2576 1626,2506 144,2525"/>
                <Baseline points="153,2559 226,2559 299,2559 372,2558 445,2558 518,2558 591,2558 665,2558 738,2556 811,2556 884,2556 957,2555 1030,2555 1103,2555 1177,2553 1250,2553 1323,2552 1396,2552 1469,2552 1542,2552 1616,2550"/>
                <TextEquiv>
                    <Unicode>minato nihil aliud quam ego ipse cogitor ab eo cui notus sum. De sola autem vi verbi in isto mo- R</Unicode>
                </TextEquiv>
            </TextLine>
            <TextLine id="r1l54" custom="readingOrder {index:52;}">
                <Coords points="147,2611 1580,2601 1561,2553 146,2570"/>
                <Baseline points="155,2606 225,2604 296,2604 367,2603 438,2601 509,2601 579,2601 650,2601 721,2600 792,2600 863,2600 933,2600 1004,2600 1075,2600 1146,2600 1217,2598 1287,2598 1358,2598 1429,2597 1500,2595 1571,2594"/>
                <TextEquiv>
                    <Unicode>do mouendi ad praesens intendimus. de qua Augustinus dicit libro de Magistro. cap. xvii. Au</Unicode>
                </TextEquiv>
            </TextLine>
            <TextLine id="r1l55" custom="readingOrder {index:53;}">
                <Coords points="140,2662 1509,2657 1571,2645 1571,2601 140,2613"/>
                <Baseline points="150,2649 220,2648 291,2648 361,2646 432,2646 503,2646 573,2645 644,2645 714,2645 785,2645 856,2645 926,2645 997,2645 1067,2645 1138,2645 1209,2643 1279,2643 1350,2642 1420,2641 1491,2640 1562,2637"/>
                <TextEquiv>
                    <Unicode>ditis verbis ad ea refertur animus quorum ista sunt signa. sed non animus cuiusque: sed solum</Unicode>
                </TextEquiv>
            </TextLine>
            <TextLine id="r1l56" custom="readingOrder {index:54;}">
                <Coords points="151,2715 1332,2722 1584,2709 1584,2653 151,2656"/>
                <Baseline points="161,2694 231,2694 302,2693 373,2693 443,2693 514,2692 585,2691 655,2691 726,2691 797,2691 868,2691 938,2691 1009,2691 1080,2691 1150,2691 1221,2690 1292,2690 1362,2688 1433,2687 1504,2685 1575,2684"/>
                <TextEquiv>
                    <Unicode>illius qui nouit verbum sub ratione signi: quod nosse sic non potest, nisi cognoscendo rem cuius</Unicode>
                </TextEquiv>
            </TextLine>
            <TextEquiv>
                <Unicode>debitur quod robusto &amp; valido sonus verbi congruit. dicente Augustino ibidem. Scrutetur vinci
re vnde dictum sit: dicemus a vi. Quare sic appellatur require: reddatur ratio quod robusto &amp; quansi
valido ipso sono verbum rei quam significat congruit: vltra quod requirat non habet. Et per hanc
viam vniuersaliter a dicto primo modo originis verbi semper oriuntur alii tres. Si autem origo 
verbi fuerit per similitudinem rerum &amp; sonorum in suis proprietatibus &amp; in comparatione ad diuer
sas virtutes cognitiuas: dico quod iste adhuc habet contingere in creaturis, vel in comparatione
rerum ad diuersas virtutes sensitiuas: vel in comparatione ad diuersas virtutes scilicet sensitiuam vnam
&amp; intellectiuam aliam. Quia vt dicit Augustinus ibidem, Res est quicquid intelligitur vel sen-
titur vel latet: quod dicitur, intelligibile est vel sensibile. &amp; hoc siue fuerit res naturae tantum, vt est
quodlibet ens in genere extra naturam: siue fuerit res partim naturae, partim rationis: vt est quoda
libet ens sub ratione vniuersalis seu communis: quae vocatur res primae intentionis: &amp; siue fuerit
res rationis tantum, pertinens ad artem grammaticae vel logicae: vt sunt omnes intentiones secundae: vel
circa res primo &amp; secundo modo dictas: vt sunt vniuersale, particulare, &amp; huiusmodi: vel circa
voces rerum illarum significatiuas, vt sunt dictio, nomen, verbum, pronomen, &amp; huiusmodi incomplexa.
Nam propositio, syllogismus, enthymema, &amp; huiusmodi, quae vocantur nomina nominum, significant proprieta
tes vocum significatiuarum rerum primo vel secundo modo. Secundum primum modum est similitudo in- 
ter sensibilia diuersorum sensuum: de quibus Augustinus loquitur cum dicit supra. Sed quia sunt res
quae non sonant &amp;c. Si enim secundum Stoicos res leniter sensum tactus tangit: vox ei imposita est quae 
proportionali lenitate tangit auditum: vt rei quae leniter mouet tactum, puta pili in vellere
ouis, vox lenis imponitur, cuiusmodi est lana. Penes secundum modum est similitudo inter audibile
&amp; intelligibile: quem non tangit Augustinus: de quo posset ipse, si vellet, dicere quo ad intelligi-
bilia, &amp; exemplificare de illis sicut exemplificauit &amp; dixit de rebus sensibilibus aliis ab audibi-
libus, sic. Sed quia sunt res quae non sentiuntur, in his similitudinem intellectus valere: vt si leni
ter vel aspere intellectum tangunt: lenitas vel asperitas literarum in verbo ita tamgat auditum. Cum
enim dicimus oculus, leniter sonat: cum dicimus veretrum, asperum est: itaque res illae afficiunt
intellectum sicut sentiuntur verba. Hinc dicit Augustinus de Dialectica, ca. viii. Non offendi
tur aurium castitas cum audit, manu, pede. Offenditur autemsi obsccena pars corporis sordido 
ac vulgari nomine appellaretur. Et ibi accipitur ly aurium pro aure corporis &amp; mentis simul.
Secundum hunc enim modum est origo verbi secundum modum quo intelligi nata est res: quia. scilicet
secundum quod ipsa nata est mouere intellectum qui est auris mentis, imponitur vox: quae proportio-
naliter nata est mouere aurem corporis siue auditum. Sed est sciendum quod licet ars Stoicorum
aliquid valeat de similitudine rerum &amp; sonorum vbi res ipsae sunt sensibilia auditus: in aliis tamen
rebus quae non sunt audibilia, modicum videtur etiam in creaturis valere: quia sic assignare
rationem originis verbi. secundum Augustinum nimis curiosa res est, &amp; minus necessaria. Quia si omni-
no multum iuuaret explicare originem verbi, ineptum esset aggredi quod prosequi infinitum est.
Quis enim reperire posset quicquid dictum fuerit vnde ita dictum sit: Huic accedit quod vt somnio-
rum interpretatio: ita verborum origo pro cuiusque ingenio praedicatur. Vnde originem verbo
rum voluntariam posuerunt Peripatetici: qui omnia verba ad placitum rebus imponi posue-
runt: easque ad placitum significare. Quos imitatus est Cicero, Stoicos irridens, vt dictum est. Et
similiter Augustinus in eo quod dicit ibidem ca. v. Res nimis curiosa &amp; minus necessaria, &amp; cae-
tera vt supra. Neque hic mihi placet dicere, quod sic Ciceroni quoque idem videtur: quamuis nec quis
egeat auctoritate in re tam perspicua. Et cap. vi. Innumerabilia sunt enim verba quorum ra-
tio aut non est vt ego arbitror, aut latet vt Stoici contendunt. Omnibus tamen dictis modis
originis verborum Papias, lsidorus, &amp; Hugutio, caeterique omnes tractantes grammaticam imposi
tiuam vtuntur in deriuationibus suis, vt patere potest inspicienti eis. ⁋ De tertio supra princi-
paliter proposito, scilicet de vi verbi, est aduertendum quod secundum Augustinum in Dialectica sua
dicta cap. viii. Vis verbi est qua agitur quantum valet. Valet autem tantum quantum audiem
tem mouere potest. Porro mouet audientem aut secundum se, aut secundum id quod significat. Cum secundum 
se mouet, ad sensum pertinet, in eo quod offenditur si quis nominat Artaxerxem regem. Scien-
tiam vero non secundum se: sed secundum id quod significat, verbum mouet: quando per verbum accepto
signo animus nihil aliud quam rem ipsam intuetur: cuius istud signum est: vt cum Augustino no
minato nihil aliud quam ego ipse cogitor ab eo cui notus sum. De sola autem vi verbi in isto mo- R
do mouendi ad praesens intendimus. de qua Augustinus dicit libro de Magistro. cap. xvii. Au
ditis verbis ad ea refertur animus quorum ista sunt signa. sed non animus cuiusque: sed solum
illius qui nouit verbum sub ratione signi: quod nosse sic non potest, nisi cognoscendo rem cuius</Unicode>
            </TextEquiv>
        </TextRegion>
    </Page>
</PcGts>
