2017 3197
425 223 1864 294 militudinem rerum & sonorum in seipsis: qualis est inter sonum aeris & tinnitum. Secunde
429 291 1819 338 est in suis proprietatibus secundum se consideratis: qualis est inter validum & vim. Tertius es
438 326 1760 383 rum in suis proprietatibus comparatis ad diuersas vires cognitiuas sensitiuas: qual
440 379 1777 430 ter pilos ouis respectu tactus, & vocem quae est lana respectu auditus. Quartus est s
443 414 1728 467 eorum in suis proprietatibus comparatis ad vim intellectiuam quo ad proprietater
435 460 1836 519 vim sensitiuam auditus quo ad proprietatem vocis: qualis est inter rem quae aspere tangit
436 511 1877 566 tellectum, vt est virga virilis, & vocem eius quae aspere tangit sensum auditus, cuiusmodi es
441 552 1865 610 veretrum. Et quod primo quaeritur, an nec deo nec alicui quod est in eo vox aliqua verbi imponi pe
446 596 1878 650 test: quia non est in eo aliquid sensibile sensu auditus: nec eadem ratione tertio modo: qui
438 646 1819 701 non est in eo sensibile aliquo sensu omnino. Secundo autem modo vox deo imponi non potel
444 682 1638 740 sub ratione alicuius generalis attributi: quia proprietati quae est in creatura, non
435 739 1865 791 in deo secundum similitudinem siue congruentiam nisi secundum rationem attributi. Et hoc non secundum aequi
432 778 1884 834 litatem: sed solummodo secundum rationem cuiusdam imitationis. Et sic isto modo imponi verbum vocis
431 823 1867 881 deo per aequalitatis similitudinem, non est omnino impossibile tam ab intellectu creato quam ab intellect
438 870 1875 925 increato. Possibile tamen est etiam ab intellectu creato viatoris per similitudinem imitationis, vt de
437 911 1879 969 quia validissimus est, vox verbi validissima in sono imponatur ad ipsum significandum. Et simili-
436 957 1887 1017 ter per similitudinem quarto modo impossibile est deo imponi verbi vocem per similitudinem aequalitatis.
430 1002 1885 1060 Possibile est tamen per similitudinem imitationis: & hoc veritati diuinae essentiae sub propria ratione quam
429 1045 1876 1105 habet in se absque comparatione ad creaturas: sed hoc non ab intellectu creato viatoris: quia non
440 1094 1884 1153 sic ipsam attingit per cognitionem: sicut nec caecus natus attingit intelligentiam quae significatur nomine
441 1141 1886 1195 coloris. Per similitudinem autem aequalitatis est omnino impossibile: quia impossibile est quod tanta lenitate
438 1183 1679 1237 seu suauitate tagat vox aliqua sensum auditus: quanta lenitate seu suauitate tans
437 1224 1896 1279 uinae essentiae nude cognita intellectum beatum. Et tantum secundum istum quartum modum originis verbi
434 1278 1885 1333 naturalis fuit impositio verbi (si tamen fuit naturalis) qua Adam nomina impofuit rebus Ge. ii. Post
435 1317 1902 1378 quam enim dixit domins Gen. i. Non est bonum esse hominem solum: faciamus ei adiutorium simile sibi: conti-
440 1362 1884 1414 nue sequitur. Eormatis igitur dominus deus de humo cunctis animantibus, adduxit ea ad Adam
434 1411 1884 1468 vt videret quid vocaret ea. Quod re vera (vt aestimo) fecit dominus vt per nomina eis imposita iuxta
435 1454 1898 1512 congruentiam rerum declararetur Adae quod non esset in illis similis ei: secundum quod huic facto adium
445 1498 1900 1559 git dicens: Adae vero non inueniebatur adiutor similis ei: Et vlterius ex hoc dominus osten-
435 1542 1889 1605 deret ei necessitatem faciendi mulierem. Talis ergo impositio quia est secundum proprietatem essentiae
439 1590 1896 1650 & naturae rei congruentem proprietati in comparatione ad vires cognitiuas sensus & intellectus
445 1636 1892 1694 verbi: tali modo verbum aut nomen imponere rei non est nisi sapientis & perfecte cognoscen
438 1682 1890 1741 tis naturam & proprietatem cuiusque rei: quam Adam in statu innocentiae diuina sapientia praeditus
440 1725 1893 1782 perfecte cognoscere potuit tamquam rem naturali intellectui suo subiectam. Vnde quod quiditas & es-
437 1769 1889 1820 sentia per se respondeat speciei: & secundum diuersitatem specierum specialissimarum diuersificentur
450 1815 1887 1873 quiditates & essentiae rerum quae in genere plerumque conveniunt: & sub qualibet specie eaedem sunt in sin-
443 1857 1895 1915 gulis indiuiduis: ideo tali impositione non imponitur nomen nisi speciebus specialissimis: non autem
440 1906 1893 1953 singularibus. dicente Philosophou. vii. Metaphysicae. Nomina imposita sunt communia omnibus rebus. Particu-
444 1950 1886 2004 laria enim non habent nomen proprium. Si ergo genera & indiuidua habent nomina, illa non sunt nisi pure
431 1991 1888 2045 ad placitum. Nisi forte imponatur correspondens proprietati & mori alicuius indiuidui: puta hoc no
444 2039 1889 2096 men Artoxerxes: quod aspere sonat apud sensum: quia ille erat asperrimus: & memoriam eius asper
446 2086 1886 2136 rime recipit singulorum intellectus. Vnde etiam quia post statum innocentiae nullus hominum perfecte
441 2133 1890 2184 nosse potuit quiditatem cuiusque rei etiam sensibilis substantiae vel accidentis: ex tali origine ab homine
446 2175 1890 2235 nomen nulli speciei potest imponi. Propter quod omne nomen ab homine ad placitum est impositum: licet quam
436 2224 1897 2277 tum est ex natura rei & vocis posset esse impositio ex origine naturali. De tali nominis impositione dico quod
436 2268 1893 2324 dictis duobus deus est fabilis verbo naturaliter originato per similitudinem imitationis: sed verbo ori
452 2312 1896 2374 ginato per similitudinem aequalitatis omnino ineffabilis est omni creaturae. Et hoc non tantum verbo exteriori
440 2359 1889 2419 sed interiori: quia sicut per similitudinem aequalitatis nullum verbum creaturae exterius ei congruit: sic
440 2400 1889 2464 nec vllum interius. Quia vt dicit Hil. verborum significantiam rei natura consumit. Et hoc quia quicquod est
434 2446 1890 2493 in vocibus verborum & in ipsis verbis creatis, diminutum est quia finitum, respectu perfectionis quae est infini
450 2491 1886 2547 tas diuina. Hinc dicit. xxi. propositio de causis. Causa prima est super omne nomen quo nominatur: quoniam non
440 2537 1897 2590 pertinet ei diminutio. Et de isto modo ineffabilitatis loquitur. vi. propositio de causis, sic dicens. Causa
447 2585 1889 2640 prima supior est omni narratione: etiam non deficiunt linguae a narratione eius, nisi propter narrationem esse
435 2629 1893 2687 ipsius. Comm. Quod est quia narratio non fit nisi per loquelam, & loquela per intelligentiam. Et causa pri
434 2675 1887 2742 ma est super res intelligibiles, quapropter non cadit super eam intelligentia. Vnde si verbo mentis
