2017 3192
420 235 1465 302 creaturis ad diuina: causa seductionis & erroris ipsorum est in ipsis sol
422 302 1574 349 Quod tamen non est ita vt putant, dicente Commneator super illud Boethii de Trini. ca.
414 344 1679 394 in illo vere substantia: sed vltra substantiam. ldem qualitas &c. Conm. Quasi vere quae de
417 390 1584 450 non sunt quod nominantur. Nam quia non est tanta dictionum copia vt quaecumque suisi
413 439 1685 488 gnari, humanae locutionis vsus maxime a naturalibus ex aliqua rationis proportion
426 480 1590 528 fert: vt sicut dicimus corpus album magnum, corpus substantia, album qualitate, n
419 527 1877 576 ita dicimus Deus iustus maximus: quasi dictum sit deus substantia: iustus qualitate: maximus
421 573 1624 624 quantitate: cum tamen nihil horum rerum aut generis proprietate: sed tantum proportionali i
409 619 1482 663 camus. Et Hil. Ii. iiii. de Trini. in principio. Non ignoramus ad res diu
413 661 1625 708 minum elocutionem neque naturae humanae compositionem posse sufficere: quod enim inenarr
420 704 1496 750 ficantiae alicuius finem & modum non habet. Cum tamen de naturis caelestibus seri
411 748 1676 799 mentium continentur, vsui communi & naturae & sermonis sunt eloquenda: non vtique o
418 802 1632 855 congrua: sed ingenii nostri imbecillitati necessaria: rebus scilicet & verbis nostris ea quae &
424 842 1873 891 telligimus locuturi. Vnde ad praecauenda praedicta quae contingunt haereticis, dicit Augustinus de Trini. ix. ca. i.
418 881 1626 937 Non aliquid de trinitate dicamus quod non creatori sed creaturae potius conveniat aut
409 934 1680 989 ne figatur. Et li. vii. ca. iiii. Quisques deum cogitat, & nondum potest omnino inuenire quid si
429 976 1680 1036 caueat quantum potest de illo sentire quid non sit. Si enim verba a creaturis translata ad e
422 1018 1875 1070 aliam significationem rei. scilicet eminentioris intelligantur in illis quam in creaturis, non sunt causa sedu-
423 1067 1637 1112 ctionis, sed potius elucidationis veritatis: secundum quod supra articulo. xx. quaestione. i
428 1106 1881 1160 locutionis sacrae scripturae expositum est. secundum quod etiam docet Hil. dicens. ii. de Trini. cap. ii. Quia
422 1155 1613 1206 malignitas instinctu diabolicae fraudulentiae excaecata veritatem rerum per natu
422 1199 1875 1257 dit: nos naturas nominibus proferamus: non frustrentur naturae proprietatibus nominum: sed iuxta na
425 1240 1627 1295 turae significationem nomina coarctentur. Dons baptizans gentes in nomine patris & filii &
432 1290 1879 1338 posuit naturae nomina. Vnde talis translatio seu deriuatio nominum a creaturis ad diuina est quasi
422 1340 1875 1390 quaedam nominum ad significandum impositio. ⁋ Ad secundum, quod in diuinis oportet non deduci ad ima-
421 1384 1866 1444 gines: Dico quod ad imagines contingit deduci dupliciter. Vno modo sentiendo esse in diuinis quod
417 1428 1871 1478 percipitur esse in imaginibus. sic deduci imagines & nominibus impositis creaturis significare
423 1469 1716 1519 deum, est causa erroris & seductionis, vt dictum est. Alio modo sentiendo per similitudii
417 1517 1884 1563 nitatem esse eminenter tale quod in diuinis quale percipitur esse in creaturis siue in imaginibus, sic de
417 1562 1875 1609 duci ad imagines, & nominibus impositis creaturis significare deum, vt similiter dictum est: nequaquam est
427 1608 1881 1658 causa seductionis & erroris: sed potius directionis in cognitione veritatis circa diuina. ⁋ Et secundum
421 1647 1868 1702 hoc concedenda sunt duo argumenta in contrarium: praeter hoc quod secundum nititur probare quod solis
411 1692 1869 1747 nominibus impositis creaturis deus significari possit: quod non est verum. Licet enim significare aliquid
421 1737 1872 1795 de deo non possumus in speciali quod pertineat ad perfectionem naturae eius: cuiusmodi est sapientia-
411 1780 1875 1839 bonitas, potestas, & huiusmodi: nisi nominibus sumptis ex creaturis: & hoc (sicut iam dictum
416 1831 1885 1886 est) per vicinitatem perfectionum consimilium in creaturis: ita quod non possimus significare nomine ali
404 1878 1862 1918 cuius in creaturis veritatem perfectionis diuinae essentiae: quia non respondet ei per completam vici-
407 1917 1878 1975 nitatem aliquid in creatura: nec possumus illi nomen imponere ex notitia qua cognoscitur de re
417 1964 1868 2012 quid sit: quia (vt dictum est) perfectionem virtutis diuinae essentiae solus deus comprehensione po-
416 2012 1879 2057 test cognoscere: possumus tamen illi nomen imponere ex notitia qua per creaturas possumus cogno-
414 2050 1866 2108 scere an sit & quid sit saltem in generali attributo, vt dictum est supra. Et sic nominamus ipsum hoc
416 2102 1870 2151 nomine deus, non ex aliqua naturali congruentia huius vocis deus, quae est quatuor literarum:
423 2147 1869 2204 quia nulla potest esse secundum praedicta: sed solummodo ad placitum. Aut si vox aliqua naturaliter in se
428 2190 1870 2245 vel in aliqua proprietate sua convenire posset diuinae essentiae aut alicui proprietati eius: aut solus
422 2231 1874 2282 deus nomen illud vocis congruens perfectioni suae essentiae imponere posset: vt dicitur supra de at
422 2282 1876 2326 tributis articulo. xxxii, quaestione. iiii. aut intellectus beatus quicumque: & si tale nomen deo naturali
425 2327 1869 2376 origine per similitudinem vocis ad rem significatam iam sit impositum: puto quod sit illud quod dicit Rabi
423 2365 1878 2430 Moyses fore nomen Tetragrammaton deo appropriatum. de quo dictum est satis secundum Rabi Moyxsen
422 2407 1563 2464 in dicta quaestione: & amplius declarabitur in sequenti articulo quaestione. ix.
704 2459 1873 2522 Irca Tertium arguitur quod nomina significantia deum & creaturas non signi-
704 2505 1880 2552 ficant illa vniuoce, Primo sic. In omni genere & ordine rerum vnum est ante
702 2552 1878 2602 multa. iuxta illud Dio. ca. iiii. de diuinis no. Dyas non principium. Monas autem
695 2592 1860 2643 totius dyadis principium. In ordine autem producentium & productorum productio
704 2640 1869 2687 equoce ponit omnimodam pluralitatem inter producentem & productum propter dissi-
638 2687 1871 2760 militudinem producentis ad productum. Sol enim non calore generat calorem. Produ-
