2017 3218
134 286 1605 344 idipecitm actus, vel quo ad modum agendi. Primo modo eadem est ratio cuiuscumque actus, cuius est vna
134 338 1605 398 & tadem formalis ratio obiecti: & alia est ratio actus vbi est alia ratio formalis agendi. Verbi gratia:
134 384 1600 441 Eadem est ratio actus in omni actu videndi corporaliter, quia vna est & eadem formalis ratio, visibilis scilicet lux
133 428 1599 485 alia vero est ratio actus videndi & audiendi: quia alia & alia est ratio formalis sensibilis in luce & so
140 471 1600 528 no. Loquendo autem de tali ratione actus, actus volendi dei quicumque, & similiter cuiuscumque volentis est eiusdem
143 526 1599 576 rationis: quia eadem est ratio volit. scilicet bonum sub ratione boni per quam differt actus volendi ab actu intelligendi quid est ve-
136 568 1611 618 ri sub ratione veri. & hoc secundum duplicem habitudinem quam habet res ad naturam intellectualem, vt infra dice
138 609 1600 666 tur. Secundo modo diuersa est ratio actus volendi in deo secundum quod diuersimode est circa bonum volitum, sub
140 658 1611 709 eadem tamen ratione volendi secundum formam & speciem. Bonum enim simpliciter inquantum bonum, siue fuerit per
138 696 1610 750 essentiam, siue per participationem, est obiectum voluntatis: licet bonum per participationem non nisi sub ratione
134 744 1614 791 boni imparticipati: quemadmodum lux est obiectum visus siue per essentiam suam, siue participata in spe
134 782 1611 844 cie coloris: sed non in specie coloris nisi sub ratione lucis. Hoc ergo modo diuersa est ratio actus volendi
127 833 1602 886 dei in volendo bonum finis quod ipse est scilicet voluntate complacentiae siue complaciti: & in volendo bonum quod est
131 880 1602 935 ad finem: cuiusmodi est obiectum creaturae, quod est quaedam participatio boni in creaturis. & hoc aut volunta-
138 921 1604 977 te complacentiae siue beneplaciti qua vult id quid in creatura bonum est, aut voluntate concupiscentiae
130 968 1604 1020 quae optat creaturae bonum, aut beneficentiae quae facit in creatura bonum, deducendo bonum optatum in effectum. Et se-
142 1009 1614 1070 cundum hoc actus quid est eligere in deo, actus volendi quidam est similiter: & actus qui est intendere, & si
127 1063 1610 1121 qui alii huiusmodi sunt: quemadmodum debet determinari loquendo de voluntate dei in comparatione &
140 1103 477 1164 respectu ad creaturas.
127 1123 1596 1218 ⁋ Ad primum in oppositum: quod voluntatis diuinae diuersa sunt obiecta: dicendum quod
137 1204 1619 1254 verum est materialia non autem formalia, quemadmodum diuersa obiecta visus sunt lignum & lapis: quae tamen vi-
141 1251 1619 1303 dentur sub vna ratione formali obiecti: cuiusmodi est ratio lucis aut coloris. Et secundum hunc modum quaecunque l
140 1295 1601 1350 vult deus quantuncumque diuersa sunt, vt obiecta materialia voluntatis, omnia tamen sunt obiecta eius sub
141 1343 1602 1396 ratione vna formal scilicet boni, vt dictum est. Et ideo est eadem ratio formalis in omni actu volendi dei: & est
144 1391 1606 1444 eiusdem rationis: quia formalem rationem actus non variat nisi formalis ratio obiecti variata, vt iam amplius videbitur.
139 1434 1596 1487 ⁋ Ad secundum patet per iam dicta, nisi quo ad voluntatem in actu spirandi, & in voluntate signi. Ex parte autem actus
147 1477 1619 1535 spirandi sciendum quod quemadmodum secundum praedicta non est idem dicere aliquid esse actum intelligendi & actum intellectus.
138 1524 1605 1574 quoniam dicere, est actus intellectus, non tamen est actus intelligendi: quia actus intelligendi non est nisi essentialis: dicere autem per
144 1574 1602 1623 ionale, vt habitum est supra. Sic non est idem dicere aliquid esse actum volendi & esse actum voluntatis: quoniam spirare est
132 1613 1608 1661 actus voluntatis: non tamen est actus volendi: quia actus volendi non est nisi essentialis: sicut neque actus intel-
135 1656 1605 1713 ligendi, vt dictum est supra. Spirare autem non est nisi personale, vt infra dicetur. Et ita licet non sint eiusdem rationis
140 1704 1602 1758 omnes actus voluntatis: omnes tamen actus volendi sunt eiusdem rationis, secundum quod iam determinatum
141 1750 1602 1800 est. Et sicut est de actibus volendi: ita est de actibus intelligendi: quia aequaliter locum habet quaestio ista
138 1795 1609 1852 de actibus scilicet intellectus, sicut & de actibus voluntatis: & vno eodem modo soluenda est. Ex parte autem
138 1843 1618 1897 voluntatis signi sciendum est: quod voluntas signi non ponit, proprium actum volendi: sed effectum aliquem in crea
138 1885 1605 1933 turis vel a deo vel ab ipsis creaturis: qui est quasi signum quod deus illum velit: quemadmodum effectus vin
135 1930 1602 1976 dictae quam exercet circa creaturas, est signum quasi in ipso sit ira erga creaturas. Et sic quemadmodum
140 1975 1609 2026 secundum metaphoram dicitur irasci propter effectum irae qui sit in creaturis: sic dicitur aliquid velle volunta
134 2021 1618 2074 te signi: quia quod sit in creaturis, quasi signum est quod illud velit deus. Et secundum hoc prohibitio, praeceptum, consi
131 2063 1610 2116 lium, prmissio, opeatio, dicuntur esse in deo voluntates signi: licet in deo nullum actum volendi ponant praeter illum
134 2109 1444 2161 quid est boni vt bonum est. secundum quod habet declarari loquendo de voluntate dei circa creaturas.
425 2135 1599 2210 rca tertium arguitur: quod deus non sit volens seipsum, Primo sic. voluntas est appetitus qui
410 2198 1604 2250 dam. de ratione autem appetitus est quod sit respectu non habiti, possibilis tamen haberi. deo ergo
424 2242 1609 2303 cum a seipso non potest esse non habitus, non convenit appetere seipsum, quare neque velle.
425 2292 1619 2338 ⁋ Secundo sic. voluntas nihil vult nisi finem voluntatis, aut illud quod est ad finem: quia pluri
423 2339 1602 2388 bus modis non habet aliquid rationem boni, & non est voluntas nisi boni. deus autem non vult se si
420 2380 1614 2430 cut finem, quia nihil est finis sibiipsi: neque sicut quod est ad finem, quia vltra ipsum nullus est
405 2427 1605 2475 finis. ergo &c. ⁋ In contrarium est, quoniam voluntas bona vult quod simpliciter & secundum omnem
137 2473 1615 2526 respectum est bonum. aliter enim non esset bona: quia ex hoc voluntas est bona, quod velit bonum. vnde & si
141 2516 1614 2566 aliquod bonum non vult, hoc est quia secundum aliquem respectum & ordinem habet rationem non boni, vt infra pate-
131 2559 1530 2614 bit loquendo de voluntate dei respectu creaturarum. dei voluntas semper est bona. ergo &c.
147 2603 1619 2673 ⁋ Dicendum ad hoc quod id quod est principium inclinans aliquod ad actum mouendi se in aliud cum i
143 2658 1612 2710 clistat ab eo, cum est ei cmoniunctum est principium tenens illud in actu figendi & quietandi se in illo
141 2700 1605 2763 sicut patet in grauibus & leuibus. per id enim in locis propriis quiescunt, per quod inclinantur per motum ad
152 2744 1608 2811 illa. Quare cum (vt patet ex praedeterminatis) amor est principium inclinans voluntatem per actum volendi
