<?xml version="1.0" encoding="UTF-8" standalone="yes"?>
<PcGts xmlns="http://schema.primaresearch.org/PAGE/gts/pagecontent/2013-07-15" xmlns:xsi="http://www.w3.org/2001/XMLSchema-instance" xsi:schemaLocation="http://schema.primaresearch.org/PAGE/gts/pagecontent/2013-07-15 http://schema.primaresearch.org/PAGE/gts/pagecontent/2013-07-15/pagecontent.xsd">
    <Metadata>
        <Creator>prov=University of Rostock/Institute of Mathematics/CITlab|PLANET AI GmbH/Gundram Leifert/gundram.leifert@planet-ai.de:name=Badius1520-m2(htr_id=24043)::::v=2.6.6
prov=University of Rostock/Institute of Mathematics/CITlab|PLANET AI GmbH/Tobias Gruening/tobias.gruening@planet-ai.de:name=de.uros.citlab.module.baseline2polygon.B2PSeamMultiOriented:v=2.6.6
prov=University of Rostock/Institute of Mathematics/CITlab|PLANET AI GmbH/Tobias Gruening/tobias.gruening@planet-ai.de:name=/net_tf/LA73_249_0mod360.pb:de.uros.citlab.segmentation.CITlab_LA_ML:v=2.6.6
Transkribus</Creator>
        <Created>2020-04-15T01:43:46.001+02:00</Created>
        <LastChange>2020-05-23T00:33:46.556+02:00</LastChange>
        <TranskribusMetadata docId="369791" pageId="14432842" pageNr="555" tsid="29524570" status="IN_PROGRESS" userId="25065" imgUrl="https://files.transkribus.eu/Get?id=ICYLMJVAGEYFRJVGMSWYZPQV&amp;fileType=view" xmlUrl="https://files.transkribus.eu/Get?id=YAPVXKCWCHTCCILWVSWGITWW" imageId="10395992"/>
    </Metadata>
    <Page imageFilename="554.jpg" imageWidth="2017" imageHeight="3122">
        <ReadingOrder>
            <OrderedGroup id="ro_1590235599187" caption="Regions reading order">
                <RegionRefIndexed index="0" regionRef="TextRegion_1589807362800_460"/>
            </OrderedGroup>
        </ReadingOrder>
        <TextRegion orientation="0.0" id="TextRegion_1589807362800_460" custom="readingOrder {index:0;}">
            <Coords points="131,194 1588,194 1588,2682 131,2682"/>
            <TextLine id="r1l2" custom="readingOrder {index:0;}">
                <Coords points="147,303 1475,310 1569,303 1569,243 147,252"/>
                <Baseline points="156,293 226,293 296,291 366,291 436,291 507,291 577,290 647,290 717,290 787,290 858,290 928,290 998,291 1068,291 1138,291 1209,293 1279,293 1349,294 1419,294 1489,296 1560,296"/>
                <TextEquiv>
                    <Unicode>creatura nequaquam. sed diuersa indiuidua eiusdem speciei pure aequiuoce significantur eodem nomine: vt</Unicode>
                </TextEquiv>
            </TextLine>
            <TextLine id="line_1589807362873_465" custom="readingOrder {index:1;}">
                <Coords points="140,344 1598,352 1598,302 140,304"/>
                <Baseline points="149,341 221,338 293,337 365,336 437,335 509,335 581,335 653,335 725,335 797,335 869,335 941,335 1013,336 1085,336 1157,337 1229,338 1301,338 1373,339 1445,339 1517,339 1588,340"/>
                <TextEquiv>
                    <Unicode>duo Alexandri secundum Boethium super praedicamenta Aristelonus ergo &amp;c. ⁋ Secundo sic. Nomen signi- a</Unicode>
                </TextEquiv>
            </TextLine>
            <TextLine id="r1l4" custom="readingOrder {index:2;}">
                <Coords points="148,400 1558,391 1529,346 148,344"/>
                <Baseline points="158,383 227,381 297,380 366,379 436,378 505,378 575,377 644,377 714,377 783,377 853,378 922,378 992,378 1061,378 1131,380 1200,380 1270,381 1339,382 1409,383 1478,384 1548,384"/>
                <TextEquiv>
                    <Unicode>ficans plura absque omni illorum vniuocatione necessario significat illa pure aequiuoce: quia aequiuo</Unicode>
                </TextEquiv>
            </TextLine>
            <TextLine id="r1l6" custom="readingOrder {index:3;}">
                <Coords points="146,436 1567,449 1567,391 147,400"/>
                <Baseline points="155,426 225,425 295,424 365,423 435,422 505,422 575,422 645,420 715,420 785,422 856,422 926,422 996,422 1066,423 1136,423 1206,424 1276,425 1346,426 1416,426 1486,428 1557,428"/>
                <TextEquiv>
                    <Unicode>ca &amp; vniuoca ex opposito distinguuntur sub vnitate vocis. sed nomen significans deum &amp; creaturam</Unicode>
                </TextEquiv>
            </TextLine>
            <TextLine id="r1l7" custom="readingOrder {index:4;}">
                <Coords points="143,488 1547,484 1569,432 143,438"/>
                <Baseline points="152,471 222,470 292,468 363,467 433,465 504,465 574,464 644,464 715,464 785,464 856,464 926,465 996,465 1067,466 1137,467 1208,467 1278,468 1348,470 1419,470 1489,471 1560,471"/>
                <TextEquiv>
                    <Unicode>significat illos absque omni vniuocatione: quia dei &amp; creaturae nulla omnino est ratio substantiae</Unicode>
                </TextEquiv>
            </TextLine>
            <TextLine id="line_1589807362874_467" custom="readingOrder {index:5;}">
                <Coords points="150,531 1523,532 1597,527 1597,478 150,490"/>
                <Baseline points="159,515 237,513 316,512 395,510 474,509 553,509 632,507 711,507 790,507 869,507 948,507 1026,509 1105,509 1184,510 1263,512 1342,513 1421,515 1500,516 1579,519 1588,519"/>
                <TextEquiv>
                    <Unicode>eadem: quod requirunt vniuoca secundum illorum definitionem: ergo &amp;c. ⁋ In contrarium est quod illa quae conmu </Unicode>
                </TextEquiv>
            </TextLine>
            <TextLine id="r1l10" custom="readingOrder {index:6;}">
                <Coords points="137,566 1557,573 1572,523 137,530"/>
                <Baseline points="146,558 216,557 287,555 358,555 429,554 500,554 570,552 641,552 712,552 783,552 854,552 924,554 995,554 1066,554 1137,555 1208,555 1278,557 1349,558 1420,559 1491,560 1562,561"/>
                <TextEquiv>
                    <Unicode>nicant idem nomen non absque ordine quo nomen non convenit vni per prius &amp; alteri per posterius,</Unicode>
                </TextEquiv>
            </TextLine>
            <TextLine id="r1l11" custom="readingOrder {index:7;}">
                <Coords points="135,616 1566,610 1566,574 1429,563 135,566"/>
                <Baseline points="143,602 213,601 284,600 354,599 425,597 496,597 566,597 637,597 708,597 778,597 849,597 920,597 990,597 1061,599 1132,599 1202,600 1273,602 1344,602 1414,603 1485,605 1556,606"/>
                <TextEquiv>
                    <Unicode>illo nomine non significantur pure aequiuoce: quia non aequaliter sunt sub voce significata. deus &amp; crea-</Unicode>
                </TextEquiv>
            </TextLine>
            <TextLine id="r1l12" custom="readingOrder {index:8;}">
                <Coords points="143,662 1058,656 1043,604 143,619"/>
                <Baseline points="152,645 196,645 241,645 286,645 331,644 376,644 421,644 465,644 510,642 555,642 600,642 645,642 690,642 735,641 779,641 824,641 869,641 914,642 959,642 1004,642 1049,644"/>
                <TextEquiv>
                    <Unicode>tura sunt huiusmodi: quia in nullo aequari possunt: ergo &amp;c.</Unicode>
                </TextEquiv>
            </TextLine>
            <TextLine id="r1l16" custom="readingOrder {index:9;}">
                <Coords points="145,751 1572,744 1540,690 366,701 145,661"/>
                <Baseline points="153,732 223,731 294,729 364,728 435,728 505,726 576,726 646,725 717,725 787,725 858,725 928,725 999,725 1069,726 1140,726 1210,728 1281,728 1351,729 1422,731 1492,732 1563,735"/>
                <TextEquiv>
                    <Unicode>⁋ Dico quod licet omne nomen aequiuocum significet plura non sub vna ratione rei: quia</Unicode>
                </TextEquiv>
            </TextLine>
            <TextLine id="r1l18" custom="readingOrder {index:10;}">
                <Coords points="140,785 1555,792 1570,744 140,747"/>
                <Baseline points="149,777 219,776 290,774 360,774 431,773 501,773 572,771 642,771 713,771 783,771 854,771 925,771 995,771 1066,772 1136,773 1207,773 1277,774 1348,776 1418,777 1489,780 1560,782"/>
                <TextEquiv>
                    <Unicode>nihil significat commune reale, siue singulare, siue vniuersale ad illa: quale est omne nomen vniuocum</Unicode>
                </TextEquiv>
            </TextLine>
            <TextLine id="r1l19" custom="readingOrder {index:11;}">
                <Coords points="144,830 1568,827 1568,791 1484,784 144,783"/>
                <Baseline points="153,821 223,820 293,819 363,819 434,818 504,818 574,816 645,816 715,816 785,816 856,816 926,816 996,816 1066,816 1137,816 1207,818 1277,819 1348,820 1418,821 1488,824 1559,825"/>
                <TextEquiv>
                    <Unicode>illa tamen plura non semper vniformiter se habent ad rationem secundum quam nomen rei imponitur. In impo-</Unicode>
                </TextEquiv>
            </TextLine>
            <TextLine id="r1l20" custom="readingOrder {index:12;}">
                <Coords points="136,873 1456,886 1575,870 1575,830 136,832"/>
                <Baseline points="146,864 217,864 288,863 359,861 430,861 501,860 572,860 643,860 714,858 785,858 856,858 927,858 998,860 1069,860 1140,861 1211,861 1282,863 1353,864 1424,866 1495,867 1566,869"/>
                <TextEquiv>
                    <Unicode>sitione enim nominis rei cui imponitur consideranda est ratio rei secundum quam nomen illi imponitur: quia res</Unicode>
                </TextEquiv>
            </TextLine>
            <TextLine id="r1l21" custom="readingOrder {index:13;}">
                <Coords points="137,920 1571,923 1572,871 137,873"/>
                <Baseline points="146,909 216,908 287,907 358,906 429,905 500,905 570,904 641,903 712,903 783,903 854,903 924,903 995,903 1066,903 1137,905 1208,905 1278,906 1349,908 1420,909 1491,911 1562,914"/>
                <TextEquiv>
                    <Unicode>eadem aliquando habet plures rationes: &amp; licet ipsa sit vna &amp; eadem, tamen voce bene imponitur secundum rationem</Unicode>
                </TextEquiv>
            </TextLine>
            <TextLine id="r1l22" custom="readingOrder {index:14;}">
                <Coords points="134,965 1558,966 1578,921 134,922"/>
                <Baseline points="144,953 215,953 286,951 357,951 429,950 500,950 571,948 642,948 714,948 785,948 856,947 927,947 999,948 1070,948 1141,948 1212,950 1284,950 1355,951 1426,953 1497,954 1569,957"/>
                <TextEquiv>
                    <Unicode>vnam &amp; secundum aliam: puta eadem res significatur nomine substantiae aut accidentis, aut nomine entis: sed secundum </Unicode>
                </TextEquiv>
            </TextLine>
            <TextLine id="r1l23" custom="readingOrder {index:15;}">
                <Coords points="134,1008 1575,1005 1545,961 134,965"/>
                <Baseline points="143,998 214,996 285,995 356,993 427,993 498,992 569,992 641,992 712,991 783,990 854,990 925,990 996,992 1067,992 1139,992 1210,993 1281,995 1352,995 1423,996 1494,998 1566,999"/>
                <TextEquiv>
                    <Unicode>aliam &amp; aliam rationem: quia sub nomine entis secundum rationem actualitatis simpliciter: sub nomine substantiae secundum </Unicode>
                </TextEquiv>
            </TextLine>
            <TextLine id="r1l24" custom="readingOrder {index:16;}">
                <Coords points="141,1055 1565,1051 1565,1011 1508,1006 141,1006"/>
                <Baseline points="150,1040 220,1040 290,1038 360,1038 431,1037 501,1037 571,1037 642,1035 712,1035 782,1035 853,1035 923,1035 993,1035 1063,1035 1134,1035 1204,1037 1274,1037 1345,1038 1415,1040 1485,1041 1556,1044"/>
                <TextEquiv>
                    <Unicode>rationem actualis existentis in seipso, non autem in alio: sub nomine accidentis secundum rationem actualis existentis non</Unicode>
                </TextEquiv>
            </TextLine>
            <TextLine id="r1l25" custom="readingOrder {index:17;}">
                <Coords points="138,1096 1573,1097 1562,1050 138,1053"/>
                <Baseline points="147,1085 217,1083 288,1083 359,1082 430,1082 501,1082 571,1080 642,1080 713,1080 784,1079 855,1079 925,1079 996,1079 1067,1079 1138,1080 1209,1080 1279,1082 1350,1082 1421,1084 1492,1085 1563,1088"/>
                <TextEquiv>
                    <Unicode>nisi in alio. Quae quidem ratio est alia &amp; alia: secundum modum quo conceptus ab imponente circa rem est alius &amp;</Unicode>
                </TextEquiv>
            </TextLine>
            <TextLine id="r1l26" custom="readingOrder {index:18;}">
                <Coords points="128,1141 1571,1145 1571,1096 128,1102"/>
                <Baseline points="137,1128 208,1128 279,1127 350,1126 422,1125 493,1124 564,1124 636,1122 707,1122 778,1122 850,1122 921,1122 992,1122 1063,1122 1135,1122 1206,1124 1277,1124 1349,1125 1420,1127 1491,1129 1563,1131"/>
                <TextEquiv>
                    <Unicode>alius. Distinguendum igitur est de rebus aequiuoce significatis sub eodem nomine. Aut enim aliquam habitudi </Unicode>
                </TextEquiv>
            </TextLine>
            <TextLine id="r1l27" custom="readingOrder {index:19;}">
                <Coords points="133,1186 1572,1186 1572,1145 1413,1132 134,1145"/>
                <Baseline points="143,1170 217,1170 292,1170 367,1170 441,1169 516,1169 591,1167 665,1167 740,1167 815,1166 889,1166 964,1166 1039,1166 1113,1167 1188,1167 1263,1169 1337,1170 1412,1172 1487,1173 1562,1176"/>
                <TextEquiv>
                    <Unicode>nem habent propter quam vox illis coniter imponitur, aut nullam. Si nullam, tunc est pura aequiuocatio: &amp;</Unicode>
                </TextEquiv>
            </TextLine>
            <TextLine id="r1l28" custom="readingOrder {index:20;}">
                <Coords points="141,1226 1575,1230 1575,1183 141,1185"/>
                <Baseline points="150,1215 220,1215 291,1214 362,1214 433,1213 504,1212 574,1212 645,1212 716,1211 787,1211 858,1211 928,1211 999,1212 1070,1212 1141,1212 1212,1212 1282,1214 1353,1215 1424,1216 1495,1217 1566,1218"/>
                <TextEquiv>
                    <Unicode>est illorum quae vocantur aequiuoca casu, quibus idem nomen aeque primo &amp; principaliter imponitur: vt</Unicode>
                </TextEquiv>
            </TextLine>
            <TextLine id="r1l29" custom="readingOrder {index:21;}">
                <Coords points="136,1269 1575,1271 1575,1230 1436,1221 136,1226"/>
                <Baseline points="146,1260 217,1259 288,1259 359,1257 430,1257 501,1256 572,1256 643,1256 714,1254 785,1254 856,1254 927,1254 998,1254 1069,1254 1140,1256 1211,1256 1282,1257 1353,1257 1424,1259 1495,1260 1566,1262"/>
                <TextEquiv>
                    <Unicode>duo viri sub hoc nomine Alexander. Si vero aliquam habent habitudinem propter quam vox illis coniter</Unicode>
                </TextEquiv>
            </TextLine>
            <TextLine id="r1l30" custom="readingOrder {index:22;}">
                <Coords points="130,1314 1572,1317 1527,1268 130,1273"/>
                <Baseline points="140,1305 211,1304 282,1304 353,1302 424,1302 495,1301 566,1301 638,1299 709,1299 780,1299 851,1298 922,1298 993,1298 1064,1299 1136,1299 1207,1299 1278,1301 1349,1302 1420,1302 1491,1304 1563,1307"/>
                <TextEquiv>
                    <Unicode>imponitur, tunc non est pura aequiuocatio, &amp; est illorum quae vocantur aequiuoca habitudine, &amp; hoc vel ha</Unicode>
                </TextEquiv>
            </TextLine>
            <TextLine id="r1l31" custom="readingOrder {index:23;}">
                <Coords points="138,1362 1562,1363 1562,1315 1493,1311 138,1312"/>
                <Baseline points="146,1349 216,1347 286,1347 357,1346 427,1346 497,1346 568,1344 638,1344 708,1344 779,1344 849,1343 919,1343 990,1343 1060,1343 1130,1344 1201,1344 1271,1344 1341,1346 1412,1346 1482,1347 1553,1349"/>
                <TextEquiv>
                    <Unicode>bitudine illorum quam habent inter se ex rationibus inaequalibus: propter quam vnum illorum mutuat nomen</Unicode>
                </TextEquiv>
            </TextLine>
            <TextLine id="r1l32" custom="readingOrder {index:24;}">
                <Coords points="146,1402 1566,1404 1566,1363 1458,1352 146,1359"/>
                <Baseline points="155,1392 225,1391 295,1391 365,1389 435,1389 505,1389 575,1388 645,1388 715,1388 785,1388 856,1386 926,1386 996,1386 1066,1388 1136,1388 1206,1388 1276,1389 1346,1389 1416,1391 1486,1392 1557,1394"/>
                <TextEquiv>
                    <Unicode>ab altero, vel amborum ad tertium inaequaliter: propter quam ambo ab illo nomen mutuant inaequa-</Unicode>
                </TextEquiv>
            </TextLine>
            <TextLine id="line_1589807362878_471" custom="readingOrder {index:25;}">
                <Coords points="141,1444 1597,1450 1597,1396 141,1400"/>
                <Baseline points="149,1437 222,1436 295,1434 368,1434 441,1433 514,1433 587,1431 660,1431 733,1431 806,1431 879,1431 952,1431 1025,1431 1098,1431 1171,1431 1244,1433 1317,1433 1390,1434 1463,1434 1536,1436 1588,1436"/>
                <TextEquiv>
                    <Unicode>liter. Et continet ista aequiuocatio quae est habitudine, quatuor modos, &amp; praecedens vnum. Boethius enim </Unicode>
                </TextEquiv>
            </TextLine>
            <TextLine id="r1l34" custom="readingOrder {index:26;}">
                <Coords points="134,1489 1568,1492 1503,1441 134,1445"/>
                <Baseline points="143,1481 213,1479 284,1479 355,1478 426,1478 497,1476 568,1476 638,1476 709,1476 780,1475 851,1475 922,1475 993,1475 1064,1475 1134,1476 1205,1476 1276,1476 1347,1478 1418,1478 1489,1480 1560,1481"/>
                <TextEquiv>
                    <Unicode>in commento libri praedicamentorum Aristoteles super capitulum de aequiuocis distinguit quinque modos aequi-</Unicode>
                </TextEquiv>
            </TextLine>
            <TextLine id="r1l35" custom="readingOrder {index:27;}">
                <Coords points="127,1535 1544,1540 1565,1491 127,1496"/>
                <Baseline points="137,1526 211,1524 286,1523 361,1523 435,1521 510,1520 585,1520 659,1518 734,1518 809,1518 883,1518 958,1518 1033,1518 1107,1518 1182,1518 1257,1520 1331,1521 1406,1523 1481,1524 1556,1526"/>
                <TextEquiv>
                    <Unicode>uocationis de rebus quae significantur aequiuoce sub eadem voce. Sunt enim vt dicit aequiuoca casu: vt duo </Unicode>
                </TextEquiv>
            </TextLine>
            <TextLine id="r1l36" custom="readingOrder {index:28;}">
                <Coords points="135,1577 1571,1584 1571,1535 1496,1530 135,1533"/>
                <Baseline points="144,1568 218,1568 293,1568 368,1566 442,1566 517,1565 592,1565 666,1563 741,1563 816,1562 890,1562 965,1562 1040,1562 1114,1562 1189,1563 1264,1563 1338,1565 1413,1566 1488,1568 1563,1571"/>
                <TextEquiv>
                    <Unicode>Alexandri. Proportione, vt principium dicuntur vnitas &amp; punctus. Relatione, vt salutaris dicitur vectio &amp;</Unicode>
                </TextEquiv>
            </TextLine>
            <TextLine id="r1l37" custom="readingOrder {index:29;}">
                <Coords points="137,1624 1568,1629 1568,1578 137,1586"/>
                <Baseline points="147,1613 217,1611 288,1611 358,1611 429,1610 500,1610 570,1608 641,1608 712,1608 782,1607 853,1607 924,1607 994,1607 1065,1607 1136,1607 1206,1608 1277,1608 1348,1610 1418,1611 1489,1613 1560,1614"/>
                <TextEquiv>
                    <Unicode>esca. Similitudine: vt homo verus &amp; pictus. Descensu: vt animal dicitur sanum &amp; vrina. Casu sub hoc nomine</Unicode>
                </TextEquiv>
            </TextLine>
            <TextLine id="r1l38" custom="readingOrder {index:30;}">
                <Coords points="132,1667 1568,1665 1539,1620 132,1623"/>
                <Baseline points="141,1656 215,1655 290,1655 365,1655 439,1653 514,1653 589,1652 663,1652 738,1650 813,1650 887,1650 962,1650 1037,1650 1111,1650 1186,1650 1261,1652 1335,1652 1410,1653 1485,1655 1560,1658"/>
                <TextEquiv>
                    <Unicode>Alexander duo viri nuncupantur: quia absque causa &amp; ratione ad hoc inducente ex natura rerum signi-</Unicode>
                </TextEquiv>
            </TextLine>
            <TextLine id="r1l39" custom="readingOrder {index:31;}">
                <Coords points="133,1708 1559,1707 1524,1663 133,1663"/>
                <Baseline points="143,1700 213,1700 283,1698 354,1698 424,1698 494,1697 565,1697 635,1695 705,1695 776,1695 846,1694 916,1694 987,1694 1057,1694 1127,1694 1198,1695 1268,1695 1338,1697 1409,1698 1479,1700 1550,1701"/>
                <TextEquiv>
                    <Unicode>ficatarum, eo quod nullam habitudinem habent neque inter se neque ad tertium propter quam vnum nomen ha- </Unicode>
                </TextEquiv>
            </TextLine>
            <TextLine id="r1l40" custom="readingOrder {index:32;}">
                <Coords points="139,1760 1527,1764 1572,1706 139,1708"/>
                <Baseline points="147,1745 217,1743 288,1743 359,1742 430,1740 501,1740 571,1740 642,1739 713,1739 784,1737 855,1737 925,1737 996,1737 1067,1737 1138,1737 1209,1739 1279,1739 1350,1740 1421,1742 1492,1743 1563,1745"/>
                <TextEquiv>
                    <Unicode>beant. Proportione autem aequiuocantur sub hoc nomine principium vnitas &amp; punctus: quia licet vnitas &amp;</Unicode>
                </TextEquiv>
            </TextLine>
            <TextLine id="r1l41" custom="readingOrder {index:33;}">
                <Coords points="141,1805 1554,1795 1554,1760 1327,1748 141,1760"/>
                <Baseline points="149,1790 218,1788 288,1787 358,1785 428,1785 497,1784 567,1784 637,1782 707,1782 776,1782 846,1781 916,1781 986,1781 1055,1781 1125,1782 1195,1782 1265,1782 1334,1784 1404,1785 1474,1785 1544,1787"/>
                <TextEquiv>
                    <Unicode>punctus inter se habeant habitudinem in hoc convenientiae &amp; modo similitudinis: quia vnitas est a qua </Unicode>
                </TextEquiv>
            </TextLine>
            <TextLine id="r1l42" custom="readingOrder {index:34;}">
                <Coords points="130,1841 1384,1849 1563,1836 1563,1797 130,1809"/>
                <Baseline points="138,1833 208,1832 279,1830 350,1830 421,1829 492,1829 562,1827 633,1827 704,1827 775,1827 846,1826 916,1826 987,1826 1058,1826 1129,1827 1200,1827 1270,1827 1341,1827 1412,1829 1483,1829 1554,1830"/>
                <TextEquiv>
                    <Unicode>numerus procedit: &amp; punctus a quo linea: &amp; secundum hanc habitudinem communem fit eis impositio huius</Unicode>
                </TextEquiv>
            </TextLine>
            <TextLine id="r1l43" custom="readingOrder {index:35;}">
                <Coords points="125,1884 1549,1890 1563,1838 125,1852"/>
                <Baseline points="134,1877 205,1877 276,1875 347,1874 418,1872 489,1872 560,1871 631,1871 702,1871 773,1869 844,1869 915,1869 986,1869 1057,1869 1128,1869 1199,1870 1270,1871 1341,1872 1412,1872 1483,1874 1554,1875"/>
                <TextEquiv>
                    <Unicode>nominis principium: tamen ista proportione se habet vnitas ad numerum in principiando ipsum, &amp; punctus ad li</Unicode>
                </TextEquiv>
            </TextLine>
            <TextLine id="r1l44" custom="readingOrder {index:36;}">
                <Coords points="125,1931 1572,1926 1536,1883 125,1884"/>
                <Baseline points="134,1920 205,1920 276,1919 348,1917 419,1917 491,1916 562,1916 634,1914 705,1914 777,1914 848,1913 919,1913 991,1913 1062,1913 1134,1914 1205,1914 1277,1914 1348,1916 1420,1916 1491,1917 1563,1919"/>
                <TextEquiv>
                    <Unicode>neam: quia vnitas principiat numerum vt pars suum totum: punctus autem non sic lineam: sed solummodo </Unicode>
                </TextEquiv>
            </TextLine>
            <TextLine id="r1l45" custom="readingOrder {index:37;}">
                <Coords points="135,1980 1460,1981 1559,1970 1559,1925 135,1940"/>
                <Baseline points="144,1965 214,1964 284,1962 354,1962 425,1961 495,1961 565,1959 636,1959 706,1959 776,1958 847,1958 917,1958 987,1958 1057,1958 1128,1958 1198,1958 1268,1958 1339,1959 1409,1959 1479,1961 1550,1961"/>
                <TextEquiv>
                    <Unicode>vt terminus terminatum: &amp; sic perfectius rem principiando convenit vnitati quam puncto. propter quod etiam</Unicode>
                </TextEquiv>
            </TextLine>
            <TextLine id="r1l46" custom="readingOrder {index:38;}">
                <Coords points="138,2019 1560,2018 1572,1973 138,1980"/>
                <Baseline points="147,2009 217,2007 288,2007 359,2006 430,2004 501,2004 571,2003 642,2003 713,2001 784,2001 855,2000 925,2000 996,2000 1067,2000 1138,2000 1209,2001 1279,2001 1350,2003 1421,2003 1492,2004 1563,2007"/>
                <TextEquiv>
                    <Unicode>convenit primo nomen principii vnitati: secundo autem puncto per transumptionem ab vnitate. Relatione</Unicode>
                </TextEquiv>
            </TextLine>
            <TextLine id="r1l47" custom="readingOrder {index:39;}">
                <Coords points="122,2064 1533,2062 1563,2017 121,2017"/>
                <Baseline points="131,2054 202,2052 273,2051 344,2049 415,2048 486,2048 557,2046 629,2046 700,2045 771,2045 842,2045 913,2045 984,2045 1055,2045 1127,2045 1198,2045 1269,2046 1340,2046 1411,2047 1482,2048 1554,2049"/>
                <TextEquiv>
                    <Unicode>autem ad idem scilicet ad sanitatem animalis cuius sunt causatiua aut conseruatiua, dicitur salutaris id est sanatiua ve-</Unicode>
                </TextEquiv>
            </TextLine>
            <TextLine id="r1l48" custom="readingOrder {index:40;}">
                <Coords points="128,2109 1568,2106 1568,2061 128,2070"/>
                <Baseline points="137,2096 208,2095 279,2094 350,2094 421,2093 492,2091 563,2091 634,2091 705,2090 776,2090 848,2090 919,2088 990,2088 1061,2088 1132,2088 1203,2088 1274,2090 1345,2090 1416,2091 1487,2091 1559,2093"/>
                <TextEquiv>
                    <Unicode>ctio, &amp; similiter esca: sed esca primo &amp; principaliter, &amp; vectio secundo, &amp; hoc quia vectio non est sanati</Unicode>
                </TextEquiv>
            </TextLine>
            <TextLine id="r1l49" custom="readingOrder {index:41;}">
                <Coords points="134,2151 1470,2154 1565,2143 1565,2104 134,2111"/>
                <Baseline points="143,2139 213,2139 284,2139 354,2138 425,2138 496,2136 566,2136 637,2135 708,2135 778,2133 849,2133 920,2132 990,2132 1061,2132 1132,2132 1202,2132 1273,2133 1344,2133 1414,2135 1485,2136 1556,2138"/>
                <TextEquiv>
                    <Unicode>ua nisi quia confert ad digestionem escae quae est per se sanatiua. &amp; sic perfectius ratio sanandi convenit escae</Unicode>
                </TextEquiv>
            </TextLine>
            <TextLine id="r1l50" custom="readingOrder {index:42;}">
                <Coords points="134,2203 1536,2196 1568,2145 134,2149"/>
                <Baseline points="143,2186 213,2184 284,2183 355,2181 426,2181 497,2180 568,2178 638,2178 709,2177 780,2177 851,2177 922,2177 993,2177 1064,2177 1134,2177 1205,2177 1276,2177 1347,2178 1418,2178 1489,2180 1560,2181"/>
                <TextEquiv>
                    <Unicode>quam vectioni. Propter quod etiam prius convenit escae nomen sanitatis: secundario autem convenit vectioni. Similie</Unicode>
                </TextEquiv>
            </TextLine>
            <TextLine id="r1l51" custom="readingOrder {index:43;}">
                <Coords points="128,2250 1548,2236 1560,2196 128,2201"/>
                <Baseline points="137,2228 207,2228 278,2226 349,2225 419,2225 490,2223 561,2223 631,2222 702,2222 773,2222 844,2222 914,2222 985,2222 1056,2222 1126,2222 1197,2222 1268,2222 1338,2222 1409,2222 1480,2223 1551,2223"/>
                <TextEquiv>
                    <Unicode>tudine autem ad verum hominem dicitur pictura vel imago hominis homo, &amp; sic perfectius est ratio hominis in ho</Unicode>
                </TextEquiv>
            </TextLine>
            <TextLine id="r1l52" custom="readingOrder {index:44;}">
                <Coords points="128,2285 1491,2285 1568,2281 1568,2242 128,2249"/>
                <Baseline points="137,2273 208,2273 279,2271 350,2270 421,2268 492,2268 563,2267 635,2267 706,2265 777,2265 848,2265 919,2265 990,2264 1061,2264 1133,2265 1204,2265 1275,2265 1346,2265 1417,2267 1488,2267 1560,2268"/>
                <TextEquiv>
                    <Unicode>mine vero quam in eius pictura. Propter quod nomen convenit primo homini, &amp; secundario picturae. Descen-</Unicode>
                </TextEquiv>
            </TextLine>
            <TextLine id="r1l53" custom="readingOrder {index:45;}">
                <Coords points="134,2333 1551,2328 1563,2278 134,2284"/>
                <Baseline points="143,2315 213,2315 284,2313 354,2313 425,2312 495,2312 566,2310 636,2310 707,2310 777,2310 848,2309 919,2309 989,2309 1060,2309 1130,2310 1201,2310 1271,2310 1342,2310 1412,2312 1483,2312 1554,2313"/>
                <TextEquiv>
                    <Unicode>su vero quo effectus &amp; quod est in eo descendit in sua causa: quia. scilicet impressiones quae sunt signa sani</Unicode>
                </TextEquiv>
            </TextLine>
            <TextLine id="r1l54" custom="readingOrder {index:46;}">
                <Coords points="134,2376 1506,2376 1565,2329 134,2332"/>
                <Baseline points="143,2360 213,2360 284,2358 354,2357 425,2357 496,2355 566,2355 637,2355 708,2355 778,2354 849,2354 920,2354 990,2354 1061,2354 1132,2354 1202,2355 1273,2355 1344,2355 1414,2355 1485,2355 1556,2355"/>
                <TextEquiv>
                    <Unicode>tatis quae est in animali, vrina recipit a sanitate animalis. &amp; sic perfectius est ratio sanitatis in animali quam in </Unicode>
                </TextEquiv>
            </TextLine>
            <TextLine id="r1l55" custom="readingOrder {index:47;}">
                <Coords points="140,2417 1540,2418 1569,2367 140,2377"/>
                <Baseline points="149,2405 219,2403 290,2403 360,2402 431,2402 501,2402 572,2400 642,2400 713,2400 783,2400 854,2400 924,2400 995,2399 1065,2399 1136,2399 1206,2399 1277,2399 1347,2399 1418,2399 1488,2399 1559,2399"/>
                <TextEquiv>
                    <Unicode>vrina. Propter quod animali primo &amp; per se convenit nomen sanitatis, &amp; vrinae secundo, &amp; hoc per quam</Unicode>
                </TextEquiv>
            </TextLine>
            <TextLine id="r1l56" custom="readingOrder {index:48;}">
                <Coords points="131,2466 1570,2455 1569,2414 1431,2407 131,2423"/>
                <Baseline points="141,2448 215,2447 290,2447 365,2446 439,2445 514,2445 589,2445 663,2444 738,2444 813,2444 887,2444 962,2444 1037,2444 1111,2444 1186,2444 1261,2444 1335,2444 1410,2444 1485,2444 1560,2444"/>
                <TextEquiv>
                    <Unicode>dam transumptionem nominis a causa ad causatum. Et vocatur talis aequiuocatio quae est in istis qua- </Unicode>
                </TextEquiv>
            </TextLine>
            <TextLine id="r1l57" custom="readingOrder {index:49;}">
                <Coords points="136,2509 1489,2506 1556,2495 1556,2455 136,2467"/>
                <Baseline points="144,2493 214,2492 284,2492 354,2492 424,2490 494,2490 564,2490 635,2489 705,2489 775,2489 845,2489 915,2489 985,2487 1055,2487 1126,2487 1196,2487 1266,2487 1336,2487 1406,2487 1476,2486 1547,2486"/>
                <TextEquiv>
                    <Unicode>tuor modis, proprie anologia: quia nomen per prius &amp; posterius dicitur de pluribus, &amp; per prius</Unicode>
                </TextEquiv>
            </TextLine>
            <TextLine id="r1l58" custom="readingOrder {index:50;}">
                <Coords points="132,2548 1431,2552 1555,2546 1555,2502 131,2505"/>
                <Baseline points="140,2537 210,2537 280,2535 351,2535 421,2535 491,2534 562,2534 632,2534 702,2532 773,2532 843,2532 913,2532 984,2532 1054,2531 1124,2531 1195,2531 1265,2531 1335,2531 1406,2531 1476,2531 1547,2531"/>
                <TextEquiv>
                    <Unicode>&amp; posterius significat illa. Et per talem habitudinem quodammodo ista aequiuocatio declinat a</Unicode>
                </TextEquiv>
            </TextLine>
            <TextLine id="r1l59" custom="readingOrder {index:51;}">
                <Coords points="137,2600 1442,2596 1566,2579 1566,2543 136,2550"/>
                <Baseline points="146,2583 216,2582 287,2580 357,2580 428,2579 498,2577 569,2577 639,2577 710,2577 780,2576 851,2576 921,2576 992,2576 1062,2576 1133,2576 1203,2576 1274,2576 1344,2576 1415,2574 1485,2574 1556,2574"/>
                <TextEquiv>
                    <Unicode>pura aequiuocatione ad vniuocationem, secundum quam aequiuocationem secundum aliquem dictorum quatuor </Unicode>
                </TextEquiv>
            </TextLine>
            <TextLine id="r1l60" custom="readingOrder {index:52;}">
                <Coords points="131,2640 1375,2641 1564,2629 1564,2584 131,2602"/>
                <Baseline points="140,2624 210,2624 281,2624 352,2624 422,2624 493,2624 564,2622 634,2622 705,2622 776,2621 847,2621 917,2621 988,2619 1059,2619 1129,2619 1200,2619 1271,2619 1341,2618 1412,2618 1483,2618 1554,2619"/>
                <TextEquiv>
                    <Unicode>modorum aequiuoce dicuntur de deo &amp; creatura nomina quae significant vtrumque: &amp; tali aequiuocatio</Unicode>
                </TextEquiv>
            </TextLine>
            <TextLine id="r1l61" custom="readingOrder {index:53;}">
                <Coords points="131,2691 1521,2696 1580,2690 1580,2635 131,2640"/>
                <Baseline points="140,2672 211,2670 283,2670 354,2670 426,2670 497,2669 569,2669 640,2669 712,2667 783,2667 855,2667 927,2667 998,2667 1070,2667 1141,2667 1213,2667 1284,2667 1356,2667 1427,2667 1499,2667 1571,2669"/>
                <TextEquiv>
                    <Unicode>ne aequiuoce significant illa. Semper enim nomen tale prius conuenit vni illorum quam alii, &amp; nunquam </Unicode>
                </TextEquiv>
            </TextLine>
            <TextEquiv>
                <Unicode>creatura nequaquam. sed diuersa indiuidua eiusdem speciei pure aequiuoce significantur eodem nomine: vt
duo Alexandri secundum Boethium super praedicamenta Aristelonus ergo &amp;c. ⁋ Secundo sic. Nomen signi- a
ficans plura absque omni illorum vniuocatione necessario significat illa pure aequiuoce: quia aequiuo
ca &amp; vniuoca ex opposito distinguuntur sub vnitate vocis. sed nomen significans deum &amp; creaturam
significat illos absque omni vniuocatione: quia dei &amp; creaturae nulla omnino est ratio substantiae
eadem: quod requirunt vniuoca secundum illorum definitionem: ergo &amp;c. ⁋ In contrarium est quod illa quae conmu 
nicant idem nomen non absque ordine quo nomen non convenit vni per prius &amp; alteri per posterius,
illo nomine non significantur pure aequiuoce: quia non aequaliter sunt sub voce significata. deus &amp; crea-
tura sunt huiusmodi: quia in nullo aequari possunt: ergo &amp;c.
⁋ Dico quod licet omne nomen aequiuocum significet plura non sub vna ratione rei: quia
nihil significat commune reale, siue singulare, siue vniuersale ad illa: quale est omne nomen vniuocum
illa tamen plura non semper vniformiter se habent ad rationem secundum quam nomen rei imponitur. In impo-
sitione enim nominis rei cui imponitur consideranda est ratio rei secundum quam nomen illi imponitur: quia res
eadem aliquando habet plures rationes: &amp; licet ipsa sit vna &amp; eadem, tamen voce bene imponitur secundum rationem
vnam &amp; secundum aliam: puta eadem res significatur nomine substantiae aut accidentis, aut nomine entis: sed secundum 
aliam &amp; aliam rationem: quia sub nomine entis secundum rationem actualitatis simpliciter: sub nomine substantiae secundum 
rationem actualis existentis in seipso, non autem in alio: sub nomine accidentis secundum rationem actualis existentis non
nisi in alio. Quae quidem ratio est alia &amp; alia: secundum modum quo conceptus ab imponente circa rem est alius &amp;
alius. Distinguendum igitur est de rebus aequiuoce significatis sub eodem nomine. Aut enim aliquam habitudi 
nem habent propter quam vox illis coniter imponitur, aut nullam. Si nullam, tunc est pura aequiuocatio: &amp;
est illorum quae vocantur aequiuoca casu, quibus idem nomen aeque primo &amp; principaliter imponitur: vt
duo viri sub hoc nomine Alexander. Si vero aliquam habent habitudinem propter quam vox illis coniter
imponitur, tunc non est pura aequiuocatio, &amp; est illorum quae vocantur aequiuoca habitudine, &amp; hoc vel ha
bitudine illorum quam habent inter se ex rationibus inaequalibus: propter quam vnum illorum mutuat nomen
ab altero, vel amborum ad tertium inaequaliter: propter quam ambo ab illo nomen mutuant inaequa-
liter. Et continet ista aequiuocatio quae est habitudine, quatuor modos, &amp; praecedens vnum. Boethius enim 
in commento libri praedicamentorum Aristoteles super capitulum de aequiuocis distinguit quinque modos aequi-
uocationis de rebus quae significantur aequiuoce sub eadem voce. Sunt enim vt dicit aequiuoca casu: vt duo 
Alexandri. Proportione, vt principium dicuntur vnitas &amp; punctus. Relatione, vt salutaris dicitur vectio &amp;
esca. Similitudine: vt homo verus &amp; pictus. Descensu: vt animal dicitur sanum &amp; vrina. Casu sub hoc nomine
Alexander duo viri nuncupantur: quia absque causa &amp; ratione ad hoc inducente ex natura rerum signi-
ficatarum, eo quod nullam habitudinem habent neque inter se neque ad tertium propter quam vnum nomen ha- 
beant. Proportione autem aequiuocantur sub hoc nomine principium vnitas &amp; punctus: quia licet vnitas &amp;
punctus inter se habeant habitudinem in hoc convenientiae &amp; modo similitudinis: quia vnitas est a qua 
numerus procedit: &amp; punctus a quo linea: &amp; secundum hanc habitudinem communem fit eis impositio huius
nominis principium: tamen ista proportione se habet vnitas ad numerum in principiando ipsum, &amp; punctus ad li
neam: quia vnitas principiat numerum vt pars suum totum: punctus autem non sic lineam: sed solummodo 
vt terminus terminatum: &amp; sic perfectius rem principiando convenit vnitati quam puncto. propter quod etiam
convenit primo nomen principii vnitati: secundo autem puncto per transumptionem ab vnitate. Relatione
autem ad idem scilicet ad sanitatem animalis cuius sunt causatiua aut conseruatiua, dicitur salutaris id est sanatiua ve-
ctio, &amp; similiter esca: sed esca primo &amp; principaliter, &amp; vectio secundo, &amp; hoc quia vectio non est sanati
ua nisi quia confert ad digestionem escae quae est per se sanatiua. &amp; sic perfectius ratio sanandi convenit escae
quam vectioni. Propter quod etiam prius convenit escae nomen sanitatis: secundario autem convenit vectioni. Similie
tudine autem ad verum hominem dicitur pictura vel imago hominis homo, &amp; sic perfectius est ratio hominis in ho
mine vero quam in eius pictura. Propter quod nomen convenit primo homini, &amp; secundario picturae. Descen-
su vero quo effectus &amp; quod est in eo descendit in sua causa: quia. scilicet impressiones quae sunt signa sani
tatis quae est in animali, vrina recipit a sanitate animalis. &amp; sic perfectius est ratio sanitatis in animali quam in 
vrina. Propter quod animali primo &amp; per se convenit nomen sanitatis, &amp; vrinae secundo, &amp; hoc per quam
dam transumptionem nominis a causa ad causatum. Et vocatur talis aequiuocatio quae est in istis qua- 
tuor modis, proprie anologia: quia nomen per prius &amp; posterius dicitur de pluribus, &amp; per prius
&amp; posterius significat illa. Et per talem habitudinem quodammodo ista aequiuocatio declinat a
pura aequiuocatione ad vniuocationem, secundum quam aequiuocationem secundum aliquem dictorum quatuor 
modorum aequiuoce dicuntur de deo &amp; creatura nomina quae significant vtrumque: &amp; tali aequiuocatio
ne aequiuoce significant illa. Semper enim nomen tale prius conuenit vni illorum quam alii, &amp; nunquam </Unicode>
            </TextEquiv>
        </TextRegion>
    </Page>
</PcGts>
