2017 3277
422 254 1890 325 dicitur ens sed entis. Et propterea isto modo contrarie nomen conuenit secundum prius & posterius
416 326 1884 380 deo & creaturis in nominibus translatis a creaturis ad deum per similitudinem & per proprieta-
376 354 1880 418 C tem. Quae enim transferuntur ad deum a creaturis per similitudinem rerum quae sunt deus & creatu-
416 413 1889 459 ra in aliqua proprietate existente in vtroque secundum modum illorum: puta cum deus dicitur leo per similitudi-
418 458 1883 513 nem in fortitudine, dignitate per prius dicuntur de creaturis a quibus transferuntur, quam de deo ad quem
427 499 1884 560 transferuntur, & hoc quia ratio similitudinis secundum quam transferuntur, & secundum quam nomen vnum com-
427 542 1884 603 muniter vtrumque significat, dignius & verius habet esse in creaturis quam in deo: quia creatura per
428 588 1890 649 talem proprietatem potius dicitur similis deo in fortitudine quam econverso. Licet enim fortitudo dignius con-
428 626 1883 690 uenit deo quam creaturae: similitudo tamen considerata in illa inter deum & creaturam, dignius convenit creatu
429 696 1895 741 rae quam deo. Creatura enim simpliciter & per se est similis deo, Deus autem non est similis creaturae nisi per accidens.
437 720 1890 790 quia creatura est similis illi. Quae tamen dignitas creaturae in similitudine, nullam ponit in deo indignitate,
424 770 1880 831 eo quod talis similitudo pertinet ad relationem mensurae, & est solum in re mensurata. secundum quam dicitur creatu
427 818 1889 874 ra similis deo & non econverso: vt patet ex supra determinatis de similitudine in diuinis personis. Vnde &
437 851 1890 920 aequiuocatio nominum translatorum a creaturis ad deum per similitudinem, pertinet ad secundum genus aequiuo-
428 905 1886 964 corum, quid est proportione, quae dignius est in vno significatorum quam in alio, secundum quod dignior est proportio inter
439 962 1886 1017 vnitatem & punctum vt convenit vnitati in principiando nunerum, quam vt convenit puncto in principiando linea:
439 1008 1901 1062 vt iam dictum est Quae vero tranfferuntur a creaturis ad deum per vicinitatem & per necessitatem secundum praedicta.
441 1040 1890 1108 econtra per prius dicuntur dignitate de deo ad quem transferuntur quam de creaturis a quibus transseruntur. & hoc
433 1088 1899 1147 quia ratio habitudinis quae deus & creatura vicinantur, & secundum quam nominia ab vno illorum ad alterum tral-
434 1132 1898 1196 feruntur, & secundum quam nomen vnum quod coniter vtrumque significat, dignius convenit deo quam creaturis
433 1196 1899 1241 quia habitudo qua vicinantur deus & creatura, & per quam nomen creaturae vt est sapientia, bonitas.
429 1236 1893 1289 substantia & essentia, & caetera huiusmodi quae aliquid dignitatis important simpliciter, a creaturis tranl-
429 1279 1897 1330 fertur ad diuina: est habitudo inter effectum & causam: & transfertur nomen effectus ad causam. Sa-
439 1310 1896 1380 pientia enim creaturae est quaedam emanatio a diuina sapientia: & similiter de bonitate & caeteris huiusmodi. Et
434 1371 1901 1425 aequiuoce significantur sapientia creata & increata sub vno nomine sapientiae penes quartum & quintum
439 1406 1905 1469 modum aequiuocationis praetactos: quia quo ad quartum qui est similitudine. secundum genus formae: quo ad
439 1461 1901 1519 quintum qui est descensu. secundum genus causae efficientis. Quod patet de primo sic. Licet enim quaelibet crea
440 1499 1897 1554 tura aliquo modo sit ad similitudinem dei, eo quod omnes rationes perfectionales omnium creaturarum vsque ad in-
432 1541 1898 1601 simas & vsque ad minima quae sunt in illis, sunt in deo: vt habitum est supra: & amplius debet exponi
436 1593 1900 1655 loquendo de deo in comparatione ad creaturas, non tamen id quod perfectionis est in creatura quacumque ra
446 1639 1908 1690 tione qua absolute est essentia & natura aliqua, plus vicinatur secundum naturam ad id quod sibi vt ratio
449 1679 1907 1748 efectionalis respondet in deo, quam accedat homo pictus ad veritatem hominis viui. Est enim quicquid perfe-
441 1730 1901 1783 ctionis est in creatura quo aliquo modo deo assimilatur respectu perfectionis sibi respondentis in deo,
440 1782 1897 1831 sicut pictura respectu eius cui assimilatur in homine viuo: vt respectu esse dei esse creaturae verius
439 1815 1905 1887 sit non esse, siue defectus ab illius esse quam verum esse, quasi solus deus possit quodammodo dici esse. Et si-
434 1868 1904 1919 militer de sapientia creaturae respectu sapientiae dei, & bonitate respectu bonitatis, & sic de caeteris.
449 1921 1906 1975 Vt propter hoc Christus intelligatur dixisse. Luc. xviii. Nemo bonus nisi solus deus. Glol. Qualibet
442 1954 1899 2023 sanctum hominem comparatione dei dicit non esse bonum. Idcirco ergo quicquid a creatura perfectiori
443 2000 1890 2064 deo attribuitur, aequiuoce dicitur de eo & de creatura: sicut homo de viuo homine, & de eius
439 2057 1908 2116 pictura. Refert tamen quo ad hoc: quod id quod perfectionis in creatura est, non solum est vt pictura
440 2098 1902 2155 eius quod est in deo respiciendo ipsum in genere causae formalis, secundum quam est quo ad suam essen
449 2136 1905 2198 tiam, quin etiam ipsum respiciat sicut effectus suam causam efficientem a qua est: & hoc non lolum
452 2189 1888 2243 procedendo ab eo vt pictura secundum siguram artis: sed vt genitura secundum similitudinem verita-
442 2239 1896 2293 tis naturae: saltem per imitationem: quia non potest creatura esse productum adaequatum vir
448 2285 1890 2334 tuti agentis & perfectioni eius: sed necesse est eam ab illa deficere, & recipere perfectionem in gra-
445 2323 1896 2382 du naturae inferiori. Et quo ad hoc non solum illa quae communiter dicuntur de deo & de creatura
446 2374 1893 2432 aequiuocantur sub eisdem per similitudinem secundum quartum modum aequiuocationis: sed etiam
434 2414 1896 2470 secundum quintum, qui est per descensum. Quia ergo huiusmodi nomina transferuntur a creatura
441 2463 1899 2517 ad deum per vicinitatem & habitudinem effectus ad causam: & quicquid est per corresponden
439 2498 1905 2558 tiam se habens in causa maxime aequiuoce agente & in suo effectu: semper perfectius & dignius
435 2549 1904 2611 habet esse in causa quam in effectu: Idcirco dico quod loquendo de attributione nominis significatis
440 2603 1902 2658 suis secundum prius & posterius: omnia huiusmodi nomina per prius significant deum & quod in ip-
442 2647 1906 2700 so est: & dicuntur de ipso: quam creaturam aut quoid in ipsa est: aut dicantur de illa. Hinc dicit Boethius
434 2682 1902 2749 de deo. c. ii. de triniatate. Sed vere forma est non imago quae esse ipsum est & qua esse est. vbi dicit Commen. Mul-
434 2736 1896 2807 ta sunt quae vocantur formae vt corporum sigurae. Alia quae in subsistentibus creatione aut concreatione sunt.
