2017 3140
161 232 1601 308 quo & id quod est & id quo est significatur ea vi qua concreta reri debet, diligenter attendat
162 301 1596 353 quid proprie sibi vel quod est vel quo est concretionis consortio exigat. Quod intelligo sic &
154 336 1592 395 quo ad nominationem: sicut & ad speculationem. de qua ipse intendit subdens. Et quid caeterarum
169 397 1596 448 peculationum locis communicet. In diuinis (dicit Commentator) quae non in disciplina etiam re ips
160 431 1599 482 sa abstracta sunt intellectualiter oportet versari. i. ex propriis theologorum rationibus illa concipe-
156 475 1596 530 re: & non ex naturaliter concretorum proprietatibus iudicare. Et ego dico iuxta hoc ad propositum
153 520 1589 567 nostrum, intellectualiter oportet conuersari. i. propriis theologorum rationibus illa nominare: non
162 568 1592 617 nominibus concretorum, scilicet abstractis non concretis. vnde sequitur. Neque oportet deduci. Con-
153 606 1602 661 men. Quae vere existentium sunt. Ad imagines, idest ad aliqua concreta: sed potius inspicere ex suis
153 654 1591 703 rationibus formam. Et ego iuxta hoc dico, ex propriis & suis nominibus. Sequitur. Quae vere forma
155 697 1595 747 non imago est quae esse ipsum est, ex qua esse est. vbi dicit Commentator. Multa sunt quae formae vo
161 739 1604 792 cantur, vt supra in quaestione penultima praecedente. Sic ergo quia modus significandi diuina pro
151 784 1593 839 ut habent esse in seipsis est secundum praedicta principalior modus significandi illa: & sic significam
158 829 1586 877 tur modo abstracto congruentius: Dico igitur quod simpliciter congruentius & magis proprie nomi
158 872 1598 933 na diuina significant illa in abstractione quam in concretione: prout procedit vltimum argumentum: quod
154 918 658 976 secundum hoc concedendum est.
155 990 1577 1059 ⁋ Ad primum in oppositum, quod res diuinae in se sunt concretae: quia aut sunt subsi.
161 1054 1581 1110 stens aut in subsistente: & talia inquantum huiusmodi sunt concreta: Dico quod falsum est nisi ipsa
162 1099 1597 1147 sint composita: & ea quae sunt in illis habeant esse in eis per aliquam compositionem. Diuina autem
152 1142 1596 1194 omnia siue sint supposita siue existentia in supposito propter summam simplicitatem eorum abstra-
158 1188 1584 1240 cta sunt. Vnde non est verum in diuinis quod subsistens aut existens in subsistente inquantum huius-
155 1235 1584 1283 modi, concretum sit: quia in diuinis habens est id quod habetur: & vnum eorum vt habetur in subsisten-
148 1275 1590 1326 te secundum rem est aliud: puta substantia est relatio & econuerso, vt deitas & paternitas: & econ-
146 1324 1600 1373 uerso. Propter quod licet in talibus sit aliquid habens modum subsistentis, & aliquid modum infor-
149 1366 1596 1417 mantis: nihil tamen in illis habet modum inhaerentis: neque substantialiter: neque accidentaliter: qualem
158 1411 1592 1464 modum habent circa creaturas illa quae subsistentibus insunt. Propter quod in illis solum est vera con
156 1456 1594 1506 cretio. ⁋ Ad secundum, quod res diuina quia habet modum essendi perfectiorem, debet verbo suo si-
155 1493 1599 1558 gnificari modo significandi perfectiori: Dico quod verum est. Et cum assumitur quod ille est significari
143 1550 1592 1592 concreto: Dico quod falsum est secundum praedicta. Et quod arguitur quod immo: quia modus essendi con
146 1592 1599 1643 crete cui respondet modus significandi concrete, est perfectior: Dico quod verum est, quod scilicet modus
151 1632 1593 1680 significandi concrete, respondet per congruentiam & proprie magis modo essendi concrete, quam mo-
154 1677 1592 1730 dus significandi abstracte. Sed quod dicitur, quod scilicet modus essendi concrete sit persectior: Dico quod hoc fal-
150 1714 1605 1773 sum est. Et quod ad hoc arguitur quod immo: quia est rei vt est in se subsistens: non sic modus essendi abs
154 1771 1598 1822 tracte: quia ille est rei vt existens est in alio: & nobilior est modus essendi rem vt est in se quam vt est in
145 1809 1602 1857 alio: Dico quod non solus modus essendi concrete est modus essendi rei vt est in se subsistens: sed etiam
143 1854 1595 1908 modus essendi abstracte: nec modus essendi concrete est solius rei vt est subsistens: sed etiam est rei
152 1900 1599 1952 vt est per inhaerentiam subsistenti insistens. ⁋ Ad cuius intellectum est aduertendum, quod differunt
152 1942 1590 1991 modus essendi & modus significandi: quia modus significandi est ex parte nominis significantis:
153 1985 1591 2034 & habet solummodo vnam diuisionem: quia omnis modus significandi nominis aut est abstracte per talia nomina homo, albus:
152 2029 1589 2083 aut concrete per talia nomina humanitas, albedo. Modus autem essendi est ex parte rei significatae: & habet duas di
148 2075 1593 2133 uisiones: quia aut est abstracte & concrete: aut est subsistenter & insistenter: & hoc siue ipsum insistenter
150 2119 1581 2178 sumatur per inhaerentiam siue absque inhaerentia. Et est modus essendi abstracte duplex: vel abstractio
152 2165 1587 2219 ne rei, quae est solum in diuinis omnino simplicibus: siue ipsa existant subsistenter & in se vt perso-
145 2214 1580 2265 nae: siue insistenter existant & absque inhaerentia, vt quae sunt in personis: vel abstractione rationis, quae
155 2250 1590 2309 est solum in rebus creatis naturalibus & mathematicis. de quo nihil ad praesens. Modus autem es
146 2297 1586 2353 sendi concrete est solummodo in creaturis compositis siue existant subsistenter & per compositionem
155 2339 1595 2390 ex aliis, siue existant insistenter & per inhaerentiam & compositionem cum aliis. Dico ergo ad assum
152 2389 1592 2444 ptum, quod si solus modus essendi concrete esset solius rei subsistentis & existentis in se siue vt talis est:
155 2436 1589 2487 & non esset res insistens per inhaerentiam: nec modus essendi abstracte esset alicuius rei subsistentis
151 2478 1583 2532 & existentis in se siue vt est talis: sed esset solius rei insistentis per inhaerentiam: tune bene ve-
143 2518 1588 2572 rum esset quod modus essendi concrete esset perfectior quam modus essendi abstracte. Sed non est ita,
150 2562 1590 2615 vt dictum est. Et quod arguitur quod immo, quia modus essendi abstracte non est rei nisi vt est in in-
146 2608 1592 2662 tellectu: aut vt in subsistente vt denominans ipsum, puta humanitas aut albedo, hominem:
