2017 3128
169 226 1628 299 proprie est in homine. sed hoc nomen deus significat rem quae est in solodeo. dicente Augustinus i de do
171 288 1616 342 ctrina Christiana. Omnes linguae latinae scios cum aures eorum sonus iste tetigerit, mouet ad co-
170 333 1623 393 gitandum excellentissimam quandam immortalemque naturam vt aliquid quo nihil sit melius: atque
175 377 1626 424 sublimius illa cogitatio conatur attingere. & constat quod tale quid in solo deo est. ergo &c. ⁋ Tertio a
175 410 1617 476 sic iuxta idem medium. illo nomine quod significat rem quae est in solo deo, non solum proprie sed etiam
170 463 1608 518 propriissime nominatur deus. sed hoc nomen esse vel essentia quod dicitur ab ipso esse, propriissi-
168 512 1616 566 me significat rem quae est in deo: quia deus propriissime est, secundum superius determinata. ergo
179 554 1630 614 &c. ⁋ In contrarium est quod dicit Augustinus libro contra Adimantium ca. vii. In illa maiestate quicquid
173 599 1612 651 dictum fuerit incongrue dicitur: quoniam omnes appellationes linguarum omnium ineffabiliter subli-
169 645 1613 699 mitate praecedit. & cap. xi. loquens de his verbis ira & zcelo in deo, dicit sic. Licet verba horrescunt qui
163 688 1610 735 nondum viderunt ineffabili maiestati nulla verba congruere. Spiritus autem infinuans intelligen-
167 729 1602 783 tibus quam ineffabilia sunt diuina, his vti voluit quae apud homines in vitio solent poni, vt inde admo
178 776 1611 821 nerentur & illa quae cum aliqua dignitate dei se putant dicere, indigna esse maiestati. & cap. xii.
180 819 1610 867 Quia nihil dignum de deo dici potest, propterea ad ista verba peruentum, quae cum homines indi
177 864 1610 917 gna esse putauerint, cogitarent etiam verba illa quae conuenienter de ineffabili diuina essentia se di
169 909 1607 969 cere aestimant, indigna esse maiestati. Si autem nihil de deo congrue digne aut conuenienter dici po
164 951 1468 1004 test: quia quicquid congruenter digne aut conuenienter dicitur, proprie dicitur. ergo &c
173 1000 1608 1064 ⁋ Dico secundum superius exposita de appropriatis, quod proprie dicitur tripliciter
174 1050 1599 1097 aliquid de aliquo. Primo quia solitarie. sic commune proprium proprie dicitur de eo cuius est pro
167 1092 1605 1144 prium: sicut omne commune dicitur communiter de eo cui est commune. Secundo modo quia appropria
169 1144 1609 1195 te. sic commune in diuinis proprie dicitur de illo cuius proprio assimilatur. Tertio modo quia prae
163 1182 1601 1231 rogatiue. sic commune proprie dicitur de illo cui conuenit excellenter. Loquendo de proprie primo
162 1229 1603 1276 modo, dico quod loquendo de origine impositionis verbi siue nominis ad placitum, hoc nomen deus
171 1272 1610 1326 conuenit deo proprie: vt procedit secunda obiectio. Loquendo autem de origine impositionis verbi
160 1316 1602 1367 naturali & principal scilicet per similitudinem rei significatae & vocis vel in seipsis vel in suis proprieta
170 1359 1602 1404 tibus secundum modum expositum supra in quaestione prima huius articuli: dico quod deus nomi-
161 1403 1617 1455 ne nullo proprie nominari potest. Loquendo etiam de origine verbi naturali non principali, scilicet
175 1447 1608 1494 per similitudinem rerum significatarum, aut per vicinitatem, aut per contrarietatem: dico quod talis
171 1495 1620 1545 impositio nominis & origo aut intelligitur fieri per deriuationem nominis a nomine secundum aliam
168 1535 1610 1582 vocis terminationem, vt a capite capillus: a luce lucus: a cruce crus: aut per translationem eiusdem
177 1581 1611 1630 nominis a creaturis quibus primo esset impositum, ad deum: quemadmodum inferens terrorem dici
165 1622 1612 1680 tur terror. Primo modo dico quod deus nullo nomine proprie nominari potest: quia nomen illud deri
164 1669 1613 1723 uaretur a nomine primo imposito vel per contrarium: sicut nemus dicitur lucus per contrarium
164 1709 1613 1760 a luce: quia vmbrosum est, & minime lucet. Nunc autem nullum nomen deriuari potest deo a crea
171 1758 1613 1804 turis per contrarium propter infinitam distantiam ab illis: & contraria debent esse conuenientia in
165 1803 1621 1857 genere. Vel per vicinitatem effectus scilicet ad causam, secundum quod capillus dicitur a capite. Vel per
164 1843 1624 1894 similitudinem rerum, sicut crus a crucae, quod similiter non potest fieri naturaliter propter eandem in
164 1889 1620 1939 finitam distantiam. Secundo autem modo dico quod deus nominatur omnibus nominibus sumptis a
173 1929 1611 1980 creaturis & omnibus nominibus creaturarum: secundum modum quo omnes res omnium praedica
162 1978 1605 2035 mentorum deo possunt attribui. prout determinatum est supra articulo. xxxii. praecipue quaestio-
161 2019 1617 2074 ne. ii. sed hoc transumptiue: & ideo nullo modo proprie, sed omnino improprie: & hoc improprienta
168 2068 1608 2117 te translationis: qua exigente nomen translatum ad deum a creaturis non significat ipsum deum mo
161 2111 1608 2166 do quo est in seipso: sed modo quo per similitudinem & vicinitatem ad rem a qua est translatum, conci-
161 2150 1606 2212 pit ipsum intellectus ex notitia qua de illa re est informatus. & adhuc minus perfecte significat quam
167 2196 1607 2251 concipit, vt declarabitur in x. quaestione sequente. Vnde si aliquo nomine proprie nominaretur, opor-
166 2249 1607 2299 teret quod illud nomen significaret eum sicut est in seipso: quod est impossibile de alio nomine quam de illo
165 2284 1614 2336 quod est verbum diuinum personale increatum: quia nullum aliud nomen quod deus est in se siue nomen illud
170 2333 1612 2384 sit verbum vocis siue mentis, comprehendere potest vt significatiuum illius: sed tantummodo aliquod eius. Pro-
170 2382 1606 2426 pter quod nihil proprie & vere perfecte de deo significatur cum significatum per talia nomina de deo praedicatur. dicente
165 2419 1603 2468 de diuina natura Diony. ca. ii. cael. Hierar. Non esse secundum quod eorum quae eum vere deum &c. vt infra in fi-
158 2461 1619 2516 ne quaestionis secundae articuli sequentis. Et sic talia nomina improprie significant deum improprietate translatio
168 2506 1620 2558 nis. Quod dico propter alios tres modos dicendi aliquod improprie. Prio scilicet quia incongruenter illi de quo dicitur:
163 2553 1612 2605 quemadmodum diceremus improprie in diuinis loqui illum qui diceret quod ptir est cam filii: quia cam non dicitur proprie ni
164 2596 1611 2648 si in creaturis: sed proprie diceretur loqui qui diceret, Pater est principium filii: & tamen principium in di-
164 2639 1622 2711 uinis non omnino proprie: sed translatiue, & ita improprie dicitur. Secundo quia inusitate: quemadmodum in arte logi
