2017 3264
710 283 1908 360 Irca Quintum arguitur quod deus non vult seipsum de necessitate, Primo sic. quid
728 347 1894 405 d convenit deo, digniori & nobiliori modo ei convenit quo potest cuiquam rei convenire.
720 395 1901 450 velle autem non de necessitate, est nobilius voluntati quam velle de necessitate: quia cum
737 436 1893 486 ult non de necessitate, habet in sua potestate velle quid non haberet. ergo &c. ⁋ Se-
713 485 1889 541 cundo sic. si deus seipsum de necessitate velit, cum necessitatem illam nullus alius
718 529 1901 590 seu nihil aliud a se sibi possit imponere: ex seipso ergo illam habet. Quare cum
703 573 1895 626 non sit principium agens per se nisi aut natura aut voluntas, secundum Philosophum. vii. meta
431 633 1901 687 physi. & Augustinum. v. de ciui. dei, aut ergo illam necessitatem habet ratione voluntatis, aut ratione na-
443 665 1904 722 turae. Non ratione voluntatis: quia hoc derogaret libertati eius, dicente Augustinus secundum senten-
446 712 1898 772 tiam Stoicorum. v. de ciui. dei. Capite. xi. Stoici laborauerunt ita causas distinguere, vt quasdam subtra
438 753 1908 810 herent necessitati, quasdam subderent: atque in iis quas esse sub necessitate voluerunt: poluerunt etiam no
444 797 1907 858 stras voluntates, ne videlicet non essent liberae si subderentur necessitati. & si de voluntate nostra, mul-
435 843 1898 902 to fortius ergo de voluntate dei: quia illa magis libera est quam nostra, vt iam dictum est supra. si ergo deus
444 897 1907 949 seipsum velit de necessitate, hoc est ratione suae naturae. idem ergo re est deum velle seipsum absolute ex necessi-
432 937 1899 997 tate, quod est velle ex necessitate naturae simpliciter. consequens falsum est: quia sunt diuersae rationes & pri
440 978 1905 1044 cipia volendi: quae simul in eodem secundum actum eundem non concurrunt. ergo &c. ⁋ In contrarium est, quoniam si deus non
446 1035 1898 1085 vellet se de necessitate, cum quod non est necesse esse, possibile est non esse, secundum Philosophum in li. Peri her. possibile er-
434 1071 1901 1142 go esset deum non velle seipsum, non volendo autem seipsum auerteretur a seipso vt a summo bono: a quo non
427 1126 1897 1184 auertitur voluntas nisi peccare posset: ergo voluntas dei peccare posset, consequens falsum est. ergo &c.
443 1159 1899 1244 ⁋ Quin ponendum sit quod deus de necessitate sic velit seipsum quod non est possibile
446 1220 1904 1285 ipsum non velle seipsum: quemadmodum possibile est ipsum non velle alia a seipso: de hoc non est ma
439 1266 1904 1327 gna dubitatio: quoniam secundum Philosophum & in physic. & in Ethicis, finis in operandis se habet ad vo-
444 1313 1911 1365 luntatem sicut principium in speculandis ad intellectum: & ea quae sunt ad finem, sicut conclusiones. Sed in spe
444 1349 1916 1413 culatiuis intellectus de necessitate assentit principiis, licet non conclusionibus: ergo & fini de necessi
435 1397 1904 1457 tate acquiescit voluntas, licet non eis quae sunt ad finem. Cum igitur deus est finis voluntatis cuiusque: quia est omnis bo
441 1456 1918 1508 ni bonum: voluntas quaelibet necessario vult bonum quod est deus, dum tamen sit ei cognitum. sibiipsi autem in
450 1489 1915 1555 cognitum esse non potest, vt patet ex supra determinatis. Necesse est ergo ponere quod deus seipsum ve-
448 1542 1913 1598 lit de necessitate: ita quod seipsum non velle non potest. & hoc eo maxime quia voluntas non potest velle nisi bonum: ita
449 1582 1910 1646 quod in volendo non potest auerti a bono aspiciendo ad non bonum, vt supra dictum est secundum Diony-
449 1627 1912 1687 sium. In ipso autem deo est perfecta ratio omnis boni, a qua deficit omne bonum quod est extra ipsum. ⁋ Sed
447 1673 1905 1740 tota dubitatio in quaestione est, cum voluntas dei sit omnino libera etiam in volendo seipsum, quomodo
450 1720 1911 1784 cum voluntatis libertate stat necessitas volendi: maxime cum ista necessitas non sit ex suppositione si
449 1769 1916 1827 cut si dicatur velle seipsum de necessitate quando vult: quemadmodum cadit necessitas circa illa quae secundum se sim
443 1820 1908 1880 pliciter & absolute sunt contingentia: sed est necessitas simpliciter & absoluta. Et praeterea cum in dicta pro
433 1859 1922 1924 positione, Deus vult seipsum de necessitate, illa determinatio potest determinare actum volendi vel vt
438 1908 1914 1958 terminatur in obiectum volitum, vel vt egreditur ab ipso volente: dubium adhuc non est quin deus
440 1948 1922 2006 habeat necessitatem volendi seipsum prout actus terminatur in obiectum. Licet enim nulla necessitate vellet
449 1995 1920 2053 seipsum secundum quod determinat actum vt egreditur a volente: de necessitate tamen videtur velle se-
437 2033 1916 2100 ipsum secundum quod determinat actum vt transit in obiectum: quamuis hoc modo non velit de neces-
435 2084 1923 2141 sitate alia, eo quod non sunt per se & proprie obiecta volendi. Verbi gratia in simili ex parte actus videndi. si
433 2127 1917 2184 enim esset quis in lumine dum tamen voluntarie aperiret oculos, de necessitate videret lumen: non autem
443 2171 1923 2239 alia quae possent sibi praesentari in lumine. Actus etiam videndi ab ipso nullo modo necessario: sed mera volun
444 2221 1920 2283 tate egrederetur. Tota ergo difficultas est, an deus de necessitate velit seipsum ex illa comparatione quae actus
440 2265 1918 2329 volendi egreditur ab ipsa voluntate. Cum enim ab ipsa egreditur libere dum tamen libera sit dei voluntas etiam in
441 2322 1919 2374 volendo se, vt concessum est: supra) videtur aliquibus impossibile si simulponatur quod egrediatur ab ipsa necessario:
449 2361 1927 2423 & quasi oppositio in adiecto scilicet quod egrediatur ab ipsa libere & non libere: quia quod est necessarium, non est libe-
451 2398 1917 2467 re, & econtrario. secundum quod dictum est opponendo ab Augustino secundum sententiam Stoicorum.
444 2449 1915 2511 ⁋ Et est dicendum quod deus seipsum vult de necessitate determinatione etiam determinante actum volendi
447 2498 1927 2558 vt egreditur a voluntate siue a volente. Distinguendo tamen necessitatem secundum quod distinguit Philosophus in. v.
447 2546 1913 2598 metaphysicae, & Augustinus. v. de ciui. dei, quod est quaedam necessitas violentiae siue coactionis ab alio,
443 2592 1917 2650 & est quaedam necessitas immutabilitatis, quae est ex seipsa absque causa alia. Primo modo secundum Au
434 2641 1919 2694 gustinum necessitas est quae non est in nostra potestate vt possimus impedire quod sit secundum ip-
434 2691 1914 2744 lam: sed etiam si nolimus efficit quod potest, sicut est necessitas mortis. Sed sub tali necessitate non
435 2725 1923 2786 cadit actus volendi voluntatis nostrae in volendo recte vel perperam: quare multo fortius neque in
446 2770 1924 2848 volendo absolute. talis enim necessitas non facit reuerti voluntatem a sua dispositione in id quod est
