2017 3152
379 231 1867 305 & lgnoramus superessentialem & inuisibilem infinabilitatem. Et sunt dicto modo negatiuae aptio-
437 302 1869 351 res ad explicandum diuina quam affirmatiuae: quemadmodum dissimiles & viles species aptiores
422 337 1866 394 sunt quam similes & dignae. Propter idem Dionysius ex vno concludit alterum dicens. Si igitur nega
431 386 1869 440 tiones in diuinis verae sunt: affirmationes vero incompactae: obscuritati arcanorum magis apta
433 427 1866 482 est per dissimiles formationes manifestatio. Quod exponens loannes Scotus dicit. Si vera est nega
440 471 1878 524 tio in diuinis rebus, non autem vera sed metaphorica affirmatio: Vere enim dicitur deus inuisibilis,
429 522 1872 577 non autem visibilis vere & proprie dicitur: similiter infinitus & incomprehensibilis vere de eo praedi-
424 556 1880 614 catur: finitus vero & comprehensibilis non proprie: quid mirum si naturalibus simplicibusque formis lon
437 610 1868 666 ge dissimiles mixtaeque confusae deformesque plus ad diuina & ineffabilia valeant significanda, dum
422 650 1878 707 in sanctis visionibus sanctorum prophetarum lego humanam effigiem &c. vt supra quaestione praecedenti pro-
435 698 1874 746 xima in fine. & sequitur. Sicut itaque negatio affirmationi praeponitur in significationibus, ita inconve-
434 738 1481 793 nientes & deformes species formosis conuenientibusque praeponuntur.
439 780 1866 843 ⁋ Quod ergo arguitur primo, quod nihil significat proprie non potest de aliquo proprie pre-
441 832 1875 894 dicari: Dico quod verum est comparando rem praedicatam ad nomen ipsam significans: aut ad ipsum subiectum
428 880 1882 929 significando aliquid de ipso affirmatiue. Bene tamen potest proprie praedicari aspiciendo ad modum signifi-
435 926 1869 980 candi nominis, & similiter comparando rem praedicatam ad ipsum subiectum, infinuando aliquid de ipso
437 969 1875 1030 negatiue: sicunt patet ex iam expositis. ⁋ Ad secundum, quod illa sunt indigna deo quae homines cum aliqua
442 1016 1875 1075 dignitate putant dicere: Dico quod verum est significando aliquid de ipso affirmatiue: quia nihil signi
434 1061 1874 1119 ficant nisi diminute. Quod autem ex illo concluditur: ergo nec alia sunt digna deo: & ideo nec proprie di
428 1100 1879 1152 cuntur de ipso: Dico quod verum est quando accipiuntur affirmatiue aliquid significando de deo. quando tamen accipiuntur
425 1148 1870 1206 negatiue aliquid insinuando de ipso: magis sunt digna deo propter affirmatiuam metaphoricam
430 1190 1872 1247 insinuatam per oppositum, in qua id quod est dignum deo insinuatur remoto omni modo quo ex crea-
428 1240 1866 1299 turis cognoscitur, aut etiam potest cognosci a creaturis: vt dictum est. ⁋ Ad tertium, quid est in contra-
441 1279 1877 1323 rium: quid se habet sicut forma ad subiectum proprie praedicatur de illo: Dico quod verum est in primo mo-
437 1325 1748 1398 do accipiendi proprie, & hoc propter praedicari improprie aliis modis: vt patet ex dictis.
688 1380 1869 1463 Irca quartum arguitur quod in diuinis verius & magis proprie praedicantur abstracta quam
683 1450 1880 1504 concreta, Primo sic. Quae vere & magis significant diuina, verius & magis proprie
686 1491 1878 1547 praedicantur in diuinis. Abstracta verius & magis proprie significant diuina quam concre-
701 1540 1878 1594 ta: quia magis congruunt deo, vt supra quaestio. vii. arti. praecedentis. ergo &c. ⁋ Secundo sic.
693 1579 1884 1631 llla verius & magis proprie praedicantur in diuinis, quorum praedicatio est magis propria
696 1627 1880 1679 diuinis, & minus communis cum creaturis: quia magis proprium magis proprie praedicatur de
699 1670 1883 1727 subiecto, sicut magis commune magis coniter praedicatur de illo. sed abstracta prae-
436 1706 1881 1763 dicatio magis propria est diuinis, & minus communis illis cum creaturis: quia in praedicationibus con-
429 1757 1872 1817 cretorum conmunicant dicendo deus est bonus, homo est bonus, non autem in praedicatione abstractorum-
443 1802 1877 1856 Non enim dicitur homo est bonitas, sicut dicitur deus est bonitas: ergo &c. ⁋ In contrarium est quod illa
440 1846 1868 1901 praedicatio est magis propria quae est ratione formae quam quae est ratione materiae. praedicatio concre-
440 1892 1876 1951 torum est ratione formae & modi praedicandi: quia vera est in omni materia, diuina. scilicet & creata. praedi-
440 1938 1878 2000 catio abstractorum non est nisi ratione materiae, eo quod non est nisi in diuinis: vt dictum est: ergo &c.
451 1984 1880 2052 ⁋ Dico quod de secundo modo principali praedicandi proprie aut improprie, qui in duos
440 2033 1869 2084 subdiuiditur (vt visum est in praecedenti quaestione) nihil ad propositam quaestionem quo ad secundum mo-
438 2079 1877 2125 dum subdiuisionis illis scilicet de proprie aut improprie praedicari ex parte rei significatae in comparatione ad
437 2119 1875 2170 subiectum: quia aeque perfecte explicant rem significatam de subiecto concretum & abstractum. Sed si in hoc
424 2167 1875 2216 inter concretum & abstractum aliqua contingat differentia, hoc non est nisi penes differentiam affirmationis
429 2211 1869 2273 & negationis, & hoc non tantum in significando sed etiam in insinuando. Tunc enim quod praedicatur in negatiua, magis
432 2257 1879 2310 proprie praedicatur quam quod praedicatur in affirmatiua, siue fuerit abstractiua praedicatio in affirmatiua, & concre-
435 2300 1867 2351 tiua in negatiua, siue econverso. Sed ad istam quaestionem solum pertinet de modo primo principali, & de primo
438 2345 1877 2401 modo subdiuisionis secundi membri principalis. Quia comparando rem significatam ad vocem significantem
438 2388 1874 2438 eam simpliciter, non magis proprie significatur per abstractum quam per concretum: sed aeque improprie. Con-
422 2432 1878 2492 parando autem rem significatam ad vocem significantem illam in materia diuina: sic solummodo magis proprie
424 2485 1871 2538 significatur & praedicatur in abstracto quam in concreto: quia abstracta magis proprie significant diuina
433 2521 1869 2584 & congruunt illis quam concreta, vt procedit prima ratio. Quia tamen modus concretionis magis
429 2566 1869 2616 congruit cum ratione praedicati quam modus abstractionis, eo quod praedicatum habet rationem qua
426 2610 1878 2661 si informantis subiectum: vt dictum est in primo modo principali dicto in quaestione praecedenti,
422 2651 1869 2727 quo ad hoc magis proprie praedicatur concretum quam abstractum in omni materia. Et quia modus
