2017 3101
230 235 1630 309 iste principalis est praedicationis: & omnem materiam circuit: & sic ratione formae convenit praedicato
223 296 1613 347 & non ratione materiae: & talis modus est absolute principalis: idcirco dico quod remota omni di-
213 340 1625 394 stinctione verius & magis proprie praedicantur in diuinis concreta quam abstracta. Si tamen abstracta aliquo
216 382 1615 434 modo possunt dici proprie praedicari. Et secundum hoc processit Tertium argumentum in oppositum.
470 428 1618 479 Irca Quintum arguitur quod in diuinis non possit esse praedicatio priuatiua, Prim o
477 468 1611 523 sic. Secundum Philosophum in iiii. Metaph. haec est differentia inter priuationem & negatio-
480 513 1611 567 nem, quod priuatio determinat sibi subiectum in quo natus est esse habitus. vnde pri-
483 554 1623 609 uatio est negatio non nisi in subiecto determinato scilicet in quo natus est esse habi
444 598 1627 655 uatus qui priuatur. Negatio autem non determinat sibi subiectum. Propter quod de quo
461 637 1625 696 libet affirmatio vel negatio: non autem de quolibet habitus vel priuatio. & ad
461 686 1617 745 priuationem sequitur negatio: vt est iniustus, ergo non est iustus, & non econverso
219 739 1617 790 non est iustus: ergo est iniustus. Sed in deo non potest cadere priuatio alicuius habitus existentis in eo
219 781 1642 831 aut nati existere. ergo &c. ⁋ Secundo sic. sicut se habet affirmatio ad affirmatum: sic se habet priua a
220 823 1616 871 tio ad priuari. Sed non est in diuinis praedicatio affirmatiua aliqua nisi affirmatiua in esse sit in
222 867 1617 918 diuinis: quare cum priuatum in praedicationibus priuatiuis: puta cum dicitur deus infinitus aut immorta
218 903 1643 966 lis: finitas aut mortalitas quae priuatur non est in deo: sed in creaturis. ergo &c. ⁋ In contrarium est quod l
225 955 1619 1005 praedicatio quae non est nisi ad aliquid excludendum a subiecto, priuatiua est. talis est praedicatio de
228 999 1622 1046 diuinis vnitatis & terminorum numeralium, vt tactum est supra, quaestione vltima articuli praecedentis
212 1026 1642 1093 in argumento secundo. ergo &c. ⁋ lterum, non plus repugnat diuinis praedicatio priuatiua quam nomi a
217 1089 1623 1138 natio priuatiua: quia nomen rei praedicabile est. sed deo non repugnat nominatio priuatiua: quia in
219 1120 1598 1184 diuinis sunt nominia priuatiua, vt habitum est supra, quaestione vltima articuli praecedentis. ergo &c.
221 1174 1619 1254 ⁋ Dico iuxta id quod tangitur in secundo argumento, quod sicut non dicitur proprie
224 1234 1626 1290 praedicatio affirmatiua siue affirmatio aliqua esse in diuinis nisi illa quae est indicatiua de deo eius
219 1289 1615 1340 quod est intra: Sic nec priuatiua praedicatio siue priuatio est, proprie in deo nisi sit eius quod est in-
226 1334 1627 1378 tra ipsum. Quia igitur in deo nulla potest cadere priuatio alicuius quod est in eo: dico quod in deo
219 1364 1626 1415 nulla omnino potest esse praedicatio priuatiua, vt videlicet praedicatum ab aliqua priuatione eius
225 1409 1630 1473 quod est in deo, imponatur: & per hoc praedicatione priuatiua de deo praedicetur. Sed siquod praedicatum pri
216 1449 1627 1500 uatiuum de deo praedicatur: oportet quod illa priuatio sit eius quod est extra: & necesse est quod illud quod pri-
217 1490 1625 1551 uatur sit indignitatis circa creaturas: & hoc vel simpliciter & absolute, vt sunt finitum, corru
224 1538 1622 1596 ptibile, mortale, & huiusmodi: aut respectu alicuius, vt visibile, comprehensibile: a visu scilicet & noti
224 1582 1615 1640 tia creaturae: quae cum appositione priuatiuae particulae ad diuina tranfferuntur: & hoc non vt stetur
231 1629 1625 1682 in remotione eius quod imperfectionis est in creaturis: sed vt per talem priuationem & remotionem in-
226 1665 1619 1726 sinuetur verissimum positiuum, quod praedicatione talis priuationis insinuatur praedicari de subiecto, per
221 1709 1623 1768 illam scilicet praedicationem de priuato praedicato insinuando affirmatiuam de praedicato verissime positiuo
213 1753 1625 1815 Et hoc quemadmodum per negatiuas insinuantur affirmatiuae metaphorice, vt dictum est in secunda quae-
225 1794 1627 1853 stione praecedente: licet multum diuersimode, vt patebit in quaestione sequente. Et hoc quia sic per priua
230 1852 1619 1899 tiuas sicut & per negatiuas non quod deus est: sed solummodo quid non est significatur. Dicente loanne
223 1889 1625 1941 Scoto super cap. ii. Caelest. Hierar. Dum inuisibilis & infinita & incomprehensibilis cogitatur: non quod ipsa
222 1942 1629 1985 est significat: Non enim inuisibilitas & infinitas & incomprehensibilitas essentia ipsa est: sed quod non
215 1968 1631 2026 est ostendit scilicet significando quid re vera non ignoramus, sed scimus. Et sic diuinam infinitatem
215 2019 1624 2080 inuisibilitatem, incomprehensibilitatem quo ad id quod nomen significat scimus quidem & non ignora-
211 2060 1627 2125 mus: sed quid quod insinuat quo ad positiuum quod est ipsa diuina substantia, penitus ignoramus:
221 2100 1625 2165 quia non est secundum aliquid eorum quae sunt in creaturis: & ideo ex illis non potest plene sciri nec
222 2150 1622 2206 exprimi per affirmationes & positiones: quae non nisi in ratione generalis attributi significant
219 2188 1616 2254 & hoc quo ad aliquid eius: non quo ad totum, vt dictum est supra in quaestione secunda huius arti
222 2237 1615 2291 culi, ab Hugone. Et quia quid sic insinuat priuatio, nobis ignotum est: Vt enim dicit Dionysius,
221 2285 1616 2344 lgnoramus autem superessentialem, & inuisibilem, & ineffabilem infinalitatem: Scimus ergo diuinam
219 2319 1620 2376 infinalitatem, & eandem ignoramus. Scimus scilicet quo ad id quod non est quod significat. Ignoramus au
220 2361 1620 2427 tem quo ad id quod est quod insinuat. Et quia non est proprie praedicatio priuatiua in aliqua natu
221 2406 1621 2469 ra nisi praedicando priuetur quod inest vel natum sit inesse subiecto: concedendum igitur quod in diuinis
219 2450 1624 2515 non est proprie praedicatio priuatiua: vt ostendunt duo prima obiecta. Est tamen in illis quoquo modo
226 2501 845 2568 vt ostendunt duo obiecta in contrarium.
218 2541 1643 2606 ⁋ Quod ergo primo arguitur, quod in deo non potest esse priuatio: quia nec negatio
220 2593 1643 2659 alicuius habitus qui est in ipso: Dico quod verum est secundum tacta: quod non est ista priuatio eius quod est p
