2017 3146
162 237 1602 308 tacendum esset quam exprimendum multa quae dicimus & praedicamus de deo: nisi necessitatis coge
159 292 1596 356 ret: vt supra, quaestione prima articuli praecedentis in fine quaestionis. Secundum quem etiam modum multa ex
157 340 1604 395 primunt in praedicationibus circa deum non ad significandum aliquid: sed solummodo ad vsum exclu-
162 384 1602 437 dendi aliquid quod haeretici inconvenienter aestimabant de deo. Sic enim ad excludendum deorum plu
159 428 1584 482 ralitatem dictum est, vnus deus: & ad excludendum diuinae personae solitudinem: dictum est, personae plu-
157 472 1587 528 res: vt secundum hoc sit vsus horum terminorum priuatiuus siue exclusiuus: non autem significatio eorum.
170 517 1589 575 Quod multi non discernentes, vsum credentes fuisse significationem: dixerunt & male vnitatem & ter-
153 562 1593 614 minos numerales in diuinis nihil significare positiue: sed tantum priuatiue. Secundum quod idem dixerunt
153 606 1602 661 de aequalitate in diuinis: cuius vsus est ad excludendum a diuinis personis maius siue magis &
157 649 1598 698 minus: licet hoc non sit significatio illius, vt supra declarauimus, loquendo de relationibus con-
158 684 1642 751 munibus. Et ideo dico quod dicta Ambrosii assumpta in argumento explicant vsum vnitatis &
158 740 1596 788 numeralium terminorum: non autem significationem. Vnde Magister Sententiarum litrcid est dist. xxiiii. postquam quae-
153 788 1591 838 siuit in cap.o i. cum in trinitate non sit diuersitas vel singularitas: nec multiplicitas, nec solitudo,
151 831 1587 884 quid significetur istis nominibus: vnus vna: duo vel duae: consequenter respondet in cap. ii. dicens. Si
153 874 1593 928 diligenter praemissis auctoritatum verbis intendamus: vt dictorum intelligentiam capiamus. quibus scilicet
147 915 1593 963 ostenditur quod sancti necessitate coacti multa dixerunt de diuinis: alias celanda. vt. xxiii. dist. ca.
171 961 1587 1018 Qua necessitate. & cap lam sufficienter. magis videtur horum verborum vsus introductus ratione re
146 1011 1593 1059 mouendi atque excludendi a simplicitate deitatis quae ibi non sunt, quam ponendi aliqua. Et verum di-
159 1051 1593 1101 xit: Tamen multi male eum intelligentes imponunt ei ibi vnum errorem, quod videlicet intendat po-
149 1094 1589 1149 nere quod dicta nomina nihil in diuinis positiue significent: cum tamen hoc non dicat: sed solummodo quod
159 1138 1597 1187 vsus illorum a sanctis contra haereticos est remouendi & excludendi gratia: non autem ponendi ali-
172 1183 1593 1232 uid. Et hunc vsum probat per dicta Ambrosii in argumento dicto & aliorum in sequentibus capitulis
165 1227 1597 1275 Vnde male secuti sunt talem regulam Magistri non attendentes verbis auctoritatum sanctorum & di-
146 1265 1589 1324 cti sui, vt ex eis caperent dictorum intelligentiam. ⁋ Ad vltimum quod deo non repugnat nominatio priuati-
143 1312 1587 1364 ua: quare nec praedicatio: Dico quod verum est vtrobique loquendo de priuatione secundum quid: quae aut
154 1359 1586 1417 est priuatio priuationis, qualis priuatio significatur hoc nomine vnus secundum praedicta: aut est priuatio
150 1403 1588 1456 eius quod est positiuum alicuius in alio habens rationem diminuti & defectiui & per hoc priuatiui,
156 1446 1595 1494 ratione cuius priuatio eius recipitur in deo: qualis significatur his nominibus, immortalis, inuisibilis,
152 1493 1597 1544 infinitus. secundum praedicta. Et sic priuatio in deo siue nominationis, siue praedicationis per haec nominia
148 1535 1592 1588 non est nisi priuatio priuationis: per quam intenditur & circumloquitur verissima positio excedens con-
157 1589 1592 1636 ceptus intellectus creati. Loquendo autem vtrobique de priuatione vera & simpliciter, quae circa subie
158 1626 1587 1686 ctum non priuat nisi id quod est vere positiuum in ipso, non est verum. Immo omnis talis priuatio siue in
153 1668 1590 1727 nomine siue in praedicatione repugnat deo, vt dictum est iam in hac quaestione de praedicatione priuatoria: &
162 1711 1586 1774 dictum est supra quaestione vltima articuli praecedentis de nominatione priuatoria, quae est causa praedicatio
154 1760 1137 1817 nis priuatoriae: vt vna & eadem difficultas sit in vtraque quaestione.
416 1783 1587 1858 Irca Sextum arguitur quod praedicatio positiua magis congruit diuinis expli
422 1856 1579 1904 candis quam priuatiua, Primo sic. verius explicantur diuina per illa quae sunt
422 1893 1576 1950 in diuinis quam per illa quae sunt in creaturis: quia vnumquodque magis natum est
428 1938 1584 1993 cognosci ex propriis quam ex alienis. Ex propriis enim cognoscitur quoquo mo
423 1981 1574 2032 do quid sit: ex alienis autem non nisi quid non sit. & maior est notitia de re
426 2024 1578 2082 quid est quam quid non est. Sed positiua praedicatione explicantur per propria
404 2074 1582 2127 quae sunt in deo: cuiusmodi sunt sapientia, bonitas, potentia, & huiusmodi.
153 2112 1578 2168 Priuatiua autem praedicatione explicantur per aliena: quia non nisi ex alieno priuantur in prae-
149 2159 1587 2210 dicando: dicendo, Deus est infinitus, incognoscibilis, & huiusmodi. Illa autem quibus verius
157 2197 1614 2259 explicantur: magis congruunt ipsis explicandis. ergo &c. ⁋ Secundo sic. negatiua praedicatio non
155 2246 1577 2301 magis congruit diuinis explicandis quam affirmatiua: nisi quod remouet a deo quod absurdum est
155 2288 1576 2340 ei non inesse, dicendo non est iustus: non est bonus, vt supra habitum est in tertia quaestione
154 2333 1581 2395 huius articuli. Sed non ob aliud priuatiuae praedicationes praeferuntur affirmatiuis nisi quia con
153 2386 1580 2434 ueniunt cum negatiuis. Vnde loannes Scotus super capitulum secundum Caele. Hierar. reducit priua-
161 2422 1577 2483 tiuas ad negatiuas dicens. Dum summam deitatem inuisibilem, & infinitam, & incomprehensibilem di
157 2469 1583 2523 uina vocat scriptura: non quid ipsa est significat: non enim inuisibilitas & infinitas & incompre
155 2518 1583 2567 hensibilitas essentia ipsius est: sed quid non est ostendit: non enim est visibilis neque finita neque
156 2562 1579 2614 comprehensibilis. & dicit ibidem loannes Saracenus. Maiorem vim habet negatio quae dicit, deus
153 2590 1583 2657 non moritur vel deus est immortalis, quam affirmatio quae dicit, deus est vita. Sed priuatio non pri
159 2653 1587 2719 uat quod absurdum est deo non inesse: sed potius quod absurdum est deo inesse: puta visibilitatem, finis
