2017 3167
389 211 1859 302 an tatem, & comprehensibilitatem, quare cum deficiente causa deficit effectus. ergo &c. ⁋ Tertio sic. si
419 285 1859 349 praedicationes negatiuae magis congruunt diuinis quia absurdum est deo non inesse quod negant, di-
409 329 1866 387 cendo Deus non est bonus: deus non est sapiens: sicut econtra dissimiles formae magis congruunt
418 370 1859 432 diuinis quia quod absurdum est asserunt de ipso, vt habitum est supra quaestione. ii. &. iii. huius articuli,
418 429 1868 473 vt ideo priuationes magis congruant diuinis cum dicitur: Deus est infinitus, inuisibilis, incomprehen-
417 460 1872 515 sibilis: quam affirmationes cum dicitur, est bonus, sapiens, iustus, quia conueniunt in hoc cum negationibus.
426 505 1878 570 quare cum istae priuationes, iniustus, iniquus, infelix, magis conueniant cum illis absurdis negationi
415 551 1860 604 bus de deo: dicendo, Deus non est felix: non est iustus: non est aequus: quam illae, inuisibilis, infinitus,
416 600 1865 653 incomprehensibilis: quia si illae priuatiuae praedicationes: Deus est inuisibilis, incomprehensibilis, infini
409 650 1631 702 tus, sunt magis expressiuae diuinorum quam illae affirmationes: Deus est bonus, sapiens, d
414 685 1870 744 magis istae priuatiuae praedicationes: Deus est infelix, iniustus, iniquus: magis sunt expressiuae diui
422 740 1668 789 norum quam illae affirmatiuae. consequens falsum est, quia istae non recipiuntur omnino. ergo
425 778 1866 832 to sic. si illae priuatiuae: Deus est inuisibilis, aut incomprehensibilis, magis congruunt diuinis quam dictae
406 820 1869 876 affirmatiuae: & hoc non est nisi ratione defectus quam priuant: videlicet ratione visibilitatis a cre
414 872 1633 925 aturis: aut comprehensibilitatis: quia hoc solum indignitatis importatur illis nominibus
419 911 1869 965 hensibile, vt dictum est supra: quare cum iustum, sapiens, & caetera huiusmodi quae ex se sunt dignita-
422 955 1626 1012 tis simpliciter, etiam rationem indignitatis & defectus important, vt sunt in creatu
424 1010 1870 1060 cta & limitata sunt, quem quidem defectum & imperfectionem aut indignitatem possunt aequaliter priua-
427 1046 1624 1103 re illa nomina insipiens, iniustum, & caetera huiusmodi: sicut illa infinitus, incomprehensibil
415 1092 1863 1140 iusmodi: quare vt prius istae priuatiuae praedicationes: Deus est iniustus, non bonus, iniquus, & cae-
422 1138 1640 1182 terae huiusmodi, magis congruunt deo quam istae positiones, Deus est bonus, iustus, & aequu
430 1178 1868 1234 sum est. ergo &c. ⁋ In contrarium videlicet quod priuatiuae praedicationes magis congruunt diuinis quam posi
422 1226 1717 1280 tiuae seu affirmatiuae: est Dionysius & sui Commentatores praedicti: qui omnes in hoc concordam
419 1269 1868 1327 dissimiles species & viles magis diuinis congruunt quam similes & nobiles: sic & negatiuae ac priuati
427 1314 1853 1365 uae praedicationes: quamuis in hoc nequaquam discrepent priuatiuae a negatiuis. Vnde priuatiuas praedicatio.-
421 1360 1874 1416 nes comparans vilibus speciebus Dionysius loquens de diuina natura dicit sic. Aliquando dissimili
422 1404 1875 1462 bus manifestationibus ab ipsis eloquiis supermundane laudatur eam inuisibilem, & infinitam, & incompre-
416 1449 1873 1499 hesam vocantibus. Ex quibus non quod est, sed quid non est significant. Hoc enim (vt aestimo) potentius est in
416 1496 1879 1550 ipsa, quod exponunt loannes Scotus, & lonenes Sarracenus, vt iam supra in secunda quaestione. Comparans
422 1545 1882 1601 autem Dionysius vilibus speciebus praedicationes negatiuas: dicit sic. Si igitur negationes in diuinis
425 1587 1074 1634 &c. quaestione tertia huius articuli in fine.
434 1621 1871 1701 ⁋ Dico quod re vera tam negatiuae quam priuatiuae praedicationes communiter praeferendae
433 1679 1866 1739 sunt affirmatiuis in expressione diuinorum: sicut & viles species formosis & verius & magis pro
430 1730 1876 1788 prie atque perfectius sunt expressiuae illorum: & partim ex eadem causa seu consimili: partim vero ex
421 1775 1881 1826 causa diuersa & dissimili. Communis quidem & eadem causa est in illis quod non significando sed insinuam
434 1816 1860 1875 do illud faciunt & negatiuae & priuatiuae praedicationes atque viles species, secundum modum expositum de
422 1866 1861 1917 negatiuis in tertia quaestione praecedente. Nullum enim eorum significat de deo quid est: sed solummodo quid non est.
441 1902 1874 1960 Est autem diuersa causa in negatiuis praedicationibus & vilibus speciebus respectu priuatiuarum praedi
434 1949 1871 2003 cationum. In hoc scilicet quod negatiuae praedicationes & viles species illud faciunt per nimiam distantiam & repu-
428 1992 1875 2055 gnantiam siue quasi contrarietatem ad diuina. Praedicationes vero priuatiuae per priuationem imperfectio-
441 2045 1874 2098 nis & defectus quos importabant simplicia positiua in creaturis. Propter nimiam enim distantiam & con
432 2089 1864 2140 trarietatem dictarum negationum & vilium specierum ad deum: mens rationalis illas horrescit de deo: &
443 2135 1865 2181 propterea refugit assentire dictis negationibus: & per hoc convertit se ad sentiendum & asserendum de
436 2174 1876 2231 deo eminentius quiddam quam sit illud negatiuum de deo. Et hoc tam in significatione illa qua illud con
434 2218 1866 2272 uenit creaturis, puta sapientia, bonitas, & huiusmodi, quam in illa significatione qua translato nomine & trans-
437 2260 1867 2310 lata significatione convenit soli deo. lta quod cum dicitur: Deus essentia non est, bonitas non est: plus in-
438 2305 1879 2362 telligo de deo quam cum dicitur, essentia est, bonitas est. Licet etiam in talibus praedicationibus talia sunt praedi-
444 2351 1866 2402 cata qualia permiserunt subiecta: & praedicantur de subiectis mutata significatione illa quam habebant in
446 2395 1864 2444 creaturis cum praedicarentur de illis. secundum Boethium. Et contingit illud: quoniam deus supersubstantialis &
433 2439 1865 2500 plusquam bonus est: & intelligitur in metaphora per negatiuam de deo quod plus est essentia & plus est bo
447 2487 1878 2540 ni tas cum dicitur de deo quod non est essentia, non est bonitas, quam intelligebatur per affirmatiuam dicendo,
438 2529 1865 2578 Deus est essentia, deus est bonitas: quia illa negatiua insinuat quod sit supressentia, & superbonitas.
440 2573 1867 2624 Et est illa affirmatiua intellecta metaphorice compacta respectu affirmatiuae purae quae est incompa-
434 2622 1877 2677 cta: & plus veritatis de deo enunciat illa quam ista. Similiter & de vilibus speciebus attributis deo respectu
445 2661 1875 2726 nobilium. Quia tamen mens rationalis illas horrescit, vt supra, quaestione. vii. in principio. Et propterea
