2017 3055
239 210 1639 278 refugit illas sentire inesse deo: propter hoc diuertit se ad sentiendum illi inesse supereminentius
246 259 1631 312 quid quam sit quodcumque per translationem nobilium specierum quod ei possit attribui. Et hoc prout viles spe
245 310 1644 364 cies ei intelliguntur attribui atque tranfferri ad ipsum ratione suae vilitatis: & quasi per contrarium ducunt
243 345 1635 399 in diuinorum nobilium cognitionem. Nobiles vero species prout intelliguntur deo attribui, atque ad ipsum
255 394 1641 451 ransferri ratione similitudinis in aliqua proprietate: puta species leonis ratione fortitudinis: &
253 430 1632 490 species aquilae ratione acuminis visus: tranfferuntur ad deum non ratione vilitatis: sed ratione nobi
247 479 1635 530 litatis: & non ratione contrarietatis, sed ratione similitudinis. Et hoc modo scilicet ratione similitudinis,
249 521 1631 564 & in significando species nobiles quae per proprietatem deo attribuuntur, magis conveniunt expressioni diui-
242 559 1638 621 norum quam viles quae attribuuntur deo ratione contrarietatis & in insinuando. prout superius tactum est,
236 603 1630 654 declarando quod viles species per maiorem improprietatem transfferuntur ad diuina quam nobiles. ⁋ Propter
239 651 1634 704 priuationem autem defectuum & imperfectionum eorum quae praedicantur de deo praedicatione priuatiua, mens refu
243 694 1644 747 git ad contrarium eminens positiuum quod dictis priuationibus significari intelligitur: & ad quid signi-
237 735 1643 791 ficandum principaliter imponuntur nomina sub voce priuatiua: & etiam exprimuntur per priuatiuam propo
243 775 1637 836 sitionem indicantem quid non est deus, quia tales priuatiuae habent vim negatiuarum, vt dictum est in op
237 820 1631 874 ponendo: & habent eandem vim negatiuae in quas resoluuntur priuatiuae, quam ipsae priuatiuae. Propter
239 875 1641 924 quod dicit loannes Sarracenus, & habitum est supra, argumento. ii. Maiorem vim habet negatio quae dicit
236 906 1638 965 Deus non moritur, vel deus est immortalis, quam affirmatio quae dicit, Deus vita est. Et sequitur continue.
249 950 1640 1012 Et validior negatio est qua deus dicit, Non mutor: affirmatione qua testatur, Poenitet me fecisse
248 993 1640 1045 hominem. Quod verum est de poenitere inquantum tranffertur ad diuina per similitudinem: Sed si consideretur vt
235 1037 1636 1088 tranffertur ad diuina sicut viles species dicto modo scilicet per contrarium: aequalem vim habent ista affir-
235 1081 1645 1136 matiua & ista negatiua. Et sic alio & alio modo illa negatiua Deus non est vita: validior est ista
238 1123 1644 1178 affirmatiua: Deus est vita: & alio modoista negatiua Deus non est mortalis: validior est ista affir
248 1172 1642 1226 matiua Deus est vita. Et sic aequaliter validae sunt illae duae negatiuae Deus non est vita: Deus
233 1215 1585 1267 non moritur: licet alio & alio modo, vt dictum est. Secundum dicta ergo concedenda est vltima ratio.
255 1277 1640 1357 ⁋ Ad primum in contrarium, quod diuina verius explicantur per illa quae sunt in eis quam
254 1340 1631 1390 per illa quae sunt in creaturis: Dico quod verum est significando & stando in illis quae sunt in creaturis.
236 1385 1639 1438 Diuertendo tamen mentem ab illis ad alia perfectiora: bene possunt verius diuina per ea quae sunt in creaturis
239 1428 1638 1472 significata nominibus & praedicationibus priuatiuis aut negatiuis explicari, quam per ea quae sunt in diuinis
237 1470 1634 1522 significata nominibus & praedicationibus positiuis & affirmatiuis. & hoc non significando: quia non signifi-
239 1512 1640 1558 cant de deo nisi quid non est: sed infinuando: quia metaphoricae positiones aut affirmationes quaes insi-
249 1556 1647 1619 nuant significant de deo verius quod est quam dictae positiuae & affirmatiuae locutiones verae, vt patet ex
249 1598 1634 1656 dictis. ⁋ Ad secundum, quod non ob aliud conveniunt priuatiuae praedicationes plus diuinis: nisi quia magis
248 1643 1644 1691 conveniunt cum negatiuis: Dico quod verum est quo ad hoc quod ambo non significant nisi quid non est deus.
246 1686 1632 1746 Et ideo non significando sed insinuando secundum expositum modum magis congruunt diuinorum expressioni
248 1728 1637 1782 quam positiuae aut affirmatiuae. Specialiter tamen diuersis modis insinuandi differunt inter se: vt similiter ex-
248 1773 1640 1833 positum est. Et ideo licet priuatiua praedicatio non valet plus quam positiua in explicandis diuinis, insi-
243 1819 1637 1863 nuando scilicet per absurditatem asserendi de deo illud quod in ipsa priuatur: sicut plus valet negatiua quam affir-
249 1859 1636 1923 matiua. scilicet per absurditatem eius quod in negatiua ab illo remouetur: valet tamen plus alio modo insi-
237 1900 1639 1953 nuandi, vt dictum est. ⁋ Ad tertium, quod si priuatiuae praedicationes plus explicant diuina quia plus con-
248 1944 1644 2005 ueniunt cum negatiuis & speciebus absurdis: tunc istae praedicationes, Deus est iniustus: deus est ini-
255 1989 1642 2047 quus: deus est infelix: plus explicarent diuina quam illae, Deus est immortalis, infinitus, impassibilis
240 2038 1650 2089 quia magis absurdum est priuare de deo esse iustum, aequum, felicem: sicut absurdum est negare hoc de
249 2078 1630 2133 ipso: quam priuare de ipso esse finitum, visibilem, & caetera huiusmodi: in istis enim priuatiuis nulla est absur-
245 2121 1630 2171 ditas omnino: Dico quod vera sunt haec conclusa si eodem modo omnino dictae negatiuae & istae priuati
249 2162 1638 2210 uae ac negatiuae quae ex illis priuatiuis sequuntur explicarent magis diuina quam dictae affirmatiuae &
255 2207 1645 2261 positiuae. sed non est ita vt visum est. Vnde illa negatiua Deus non est iustus: non plus explicat di
244 2260 1642 2313 uinam veritatem, quam illa affirmatiua: Deus est iustus, inquantum sequitur ex illa priuatiua Deus est
235 2291 1638 2344 iniustus: sequitur enim, si aliquid est iniustum: ergo non est iustum: sed solummodo vt est negatiua absolu-
233 2334 1633 2383 ta. Et habet duas causas veritatis. Aliquod enim non est iustum aut quia est neque iustum neque iniustum vt
237 2379 1636 2425 lapis: quia neutrum natus est esse: aut quia est iniustum vt homo vel angelus: quia natus est esse
239 2425 1634 2480 iustus. Vnde quia illa negatiua, Deus non est iustus absurda est pro vtroque sensu: Absurdum enim est
249 2465 1629 2508 dicere, Deus est & neque iustus neque iniustus: sic vt non sit aptus esse iustus aut iniustus: Absura
247 2506 1641 2560 dum est etiam dicere: Deus est iniustus: Idcirco dico quod ista priuatiua Deus est iniustus, aut iniquus,
249 2551 1638 2615 aut infelix, plus est expressiua diuinorum, quam ista positiua Deus est iustus: deus est aequus: deus est felix.
