<?xml version="1.0" encoding="UTF-8" standalone="yes"?>
<PcGts xmlns="http://schema.primaresearch.org/PAGE/gts/pagecontent/2013-07-15" xmlns:xsi="http://www.w3.org/2001/XMLSchema-instance" xsi:schemaLocation="http://schema.primaresearch.org/PAGE/gts/pagecontent/2013-07-15 http://schema.primaresearch.org/PAGE/gts/pagecontent/2013-07-15/pagecontent.xsd">
    <Metadata>
        <Creator>prov=University of Rostock/Institute of Mathematics/CITlab|PLANET AI GmbH/Gundram Leifert/gundram.leifert@planet-ai.de:name=Badius1520-m2(htr_id=24043)::::v=2.6.6
prov=University of Rostock/Institute of Mathematics/CITlab|PLANET AI GmbH/Tobias Gruening/tobias.gruening@planet-ai.de:name=de.uros.citlab.module.baseline2polygon.B2PSeamMultiOriented:v=2.6.6
prov=University of Rostock/Institute of Mathematics/CITlab|PLANET AI GmbH/Tobias Gruening/tobias.gruening@planet-ai.de:name=/net_tf/LA73_249_0mod360.pb:de.uros.citlab.segmentation.CITlab_LA_ML:v=2.6.6
Transkribus</Creator>
        <Created>2020-04-15T01:43:56.421+02:00</Created>
        <LastChange>2020-05-23T00:55:37.285+02:00</LastChange>
        <TranskribusMetadata docId="369791" pageId="14432880" pageNr="593" tsid="29524875" status="IN_PROGRESS" userId="25065" imgUrl="https://files.transkribus.eu/Get?id=AJXBGUVQATKCVBJOKHBUEHIO&amp;fileType=view" xmlUrl="https://files.transkribus.eu/Get?id=HPDZYOMEMHSBVAHUQWZUELZC" imageId="10396030"/>
    </Metadata>
    <Page imageFilename="592.jpg" imageWidth="2017" imageHeight="3067">
        <ReadingOrder>
            <OrderedGroup id="ro_1590235603673" caption="Regions reading order">
                <RegionRefIndexed index="0" regionRef="r1"/>
            </OrderedGroup>
        </ReadingOrder>
        <TextRegion orientation="0.0" id="r1" custom="readingOrder {index:0;}">
            <Coords points="174,177 174,2673 1586,2673 1586,177"/>
            <TextLine id="r1l2" custom="readingOrder {index:0;}">
                <Coords points="167,291 1562,275 1561,227 166,237"/>
                <Baseline points="176,281 244,278 313,275 382,273 451,272 520,270 589,269 657,267 726,267 795,266 864,266 933,266 1002,266 1071,266 1139,264 1208,264 1277,264 1346,264 1415,264 1484,264 1553,263"/>
                <TextEquiv>
                    <Unicode>se est aequiuocus, in ordine ad alteram multiplex est &amp; distinguenda: &amp; vice versa propositio altera si-</Unicode>
                </TextEquiv>
            </TextLine>
            <TextLine id="r1l3" custom="readingOrder {index:1;}">
                <Coords points="173,331 1332,330 1560,284 172,289"/>
                <Baseline points="182,323 250,321 318,318 387,317 455,315 524,314 592,312 661,312 729,311 798,310 866,309 934,309 1003,309 1071,308 1140,308 1208,308 1277,308 1345,308 1414,308 1482,306 1551,306"/>
                <TextEquiv>
                    <Unicode>militer: vt si absque vlla interrogatione praefacta arguatur sic. Omnis canis est animal: sydus est canis: </Unicode>
                </TextEquiv>
            </TextLine>
            <TextLine id="r1l4" custom="readingOrder {index:2;}">
                <Coords points="168,383 1530,366 1568,314 168,340"/>
                <Baseline points="176,366 245,365 314,363 383,361 452,359 522,358 591,356 660,356 729,354 798,353 868,353 937,351 1006,351 1075,350 1144,350 1214,350 1283,350 1352,350 1421,350 1490,351 1560,351"/>
                <TextEquiv>
                    <Unicode>ergo sydus est animal. Quamquam enim illa maior, omnis canis est animal, ex determinatione subiecti a praedi</Unicode>
                </TextEquiv>
            </TextLine>
            <TextLine id="r1l5" custom="readingOrder {index:3;}">
                <Coords points="177,419 1518,414 1563,370 176,387"/>
                <Baseline points="186,411 254,408 322,405 391,403 459,401 528,399 596,399 664,398 733,396 801,396 870,396 938,396 1006,396 1075,395 1143,395 1212,395 1280,395 1348,395 1417,395 1485,393 1554,393"/>
                <TextEquiv>
                    <Unicode>cato nec ambigua esset, nec multiplex, nec distinguenda: propter tamen aequiuocationem termini me-</Unicode>
                </TextEquiv>
            </TextLine>
            <TextLine id="r1l6" custom="readingOrder {index:4;}">
                <Coords points="168,464 1529,458 1558,405 168,420"/>
                <Baseline points="177,453 245,450 314,449 382,447 451,446 520,444 588,443 657,442 726,441 794,440 863,440 932,440 1000,440 1069,438 1138,438 1206,438 1275,438 1344,438 1412,438 1481,438 1550,437"/>
                <TextEquiv>
                    <Unicode>dii verificantis vnam propositionem pro vno significato, &amp; aliam pro alio: singula illarum in ordine ad</Unicode>
                </TextEquiv>
            </TextLine>
            <TextLine id="r1l7" custom="readingOrder {index:5;}">
                <Coords points="166,504 1561,498 1576,453 165,473"/>
                <Baseline points="174,498 243,495 313,492 383,491 452,488 522,487 592,486 661,485 731,485 801,483 871,483 940,483 1010,483 1080,482 1149,482 1219,482 1289,482 1358,482 1428,480 1498,480 1568,479"/>
                <TextEquiv>
                    <Unicode>alteram distinguenda esset vt multiplex. Sicut autem in propositione seu enunciatione accepta se</Unicode>
                </TextEquiv>
            </TextLine>
            <TextLine id="r1l8" custom="readingOrder {index:6;}">
                <Coords points="174,555 1532,544 1567,499 174,511"/>
                <Baseline points="183,540 251,537 320,536 389,534 458,531 527,531 595,530 664,528 733,528 802,528 871,527 939,527 1008,527 1077,527 1146,527 1215,527 1283,526 1352,525 1421,525 1490,524 1559,524"/>
                <TextEquiv>
                    <Unicode>cundum se praedicatum determinat subiectum ad supponendum pro forma vel pro supposito: vel pro</Unicode>
                </TextEquiv>
            </TextLine>
            <TextLine id="r1l9" custom="readingOrder {index:7;}">
                <Coords points="177,601 1571,576 1560,531 177,554"/>
                <Baseline points="186,582 254,581 323,579 392,577 461,576 530,575 598,573 667,572 736,572 805,570 874,570 942,569 1011,569 1080,569 1149,568 1218,567 1286,567 1355,567 1424,567 1493,567 1562,566"/>
                <TextEquiv>
                    <Unicode>aliquo significato, vel pro suppositis alicuius determinati temporis: sic etiam subiectum determi-</Unicode>
                </TextEquiv>
            </TextLine>
            <TextLine id="r1l10" custom="readingOrder {index:8;}">
                <Coords points="165,638 1566,629 1565,580 1483,574 165,600"/>
                <Baseline points="174,627 243,624 312,623 381,621 450,620 519,618 588,617 657,615 726,614 795,614 865,612 934,612 1003,612 1072,612 1141,611 1210,611 1279,611 1348,611 1417,611 1486,611 1556,611"/>
                <TextEquiv>
                    <Unicode>nat praedicatum ad supponendum pro aliquo significato determinato: licet aliis modis non determinet</Unicode>
                </TextEquiv>
            </TextLine>
            <TextLine id="r1l11" custom="readingOrder {index:9;}">
                <Coords points="171,682 1495,673 1571,662 1571,622 171,633"/>
                <Baseline points="180,669 249,667 318,665 387,665 456,663 525,662 594,660 663,660 732,659 801,659 871,657 940,657 1009,656 1078,656 1147,656 1216,654 1285,654 1354,654 1423,654 1492,654 1562,653"/>
                <TextEquiv>
                    <Unicode>istud: prout de praedicatis dicit Boethius: &amp; tactum est in vltimo argumento: Talia sunt praedicata qua </Unicode>
                </TextEquiv>
            </TextLine>
            <TextLine id="r1l12" custom="readingOrder {index:10;}">
                <Coords points="171,730 1481,716 1571,703 1571,661 170,682"/>
                <Baseline points="180,714 249,712 318,710 387,708 456,707 525,705 594,704 664,702 733,702 802,701 871,701 940,699 1009,699 1078,698 1148,698 1217,698 1286,698 1355,696 1424,696 1493,696 1563,696"/>
                <TextEquiv>
                    <Unicode>lia permiserunt subiecta. Quia igitur in diuinis in omni propositione in qua praedicatur nomen translatum</Unicode>
                </TextEquiv>
            </TextLine>
            <TextLine id="r1l13" custom="readingOrder {index:11;}">
                <Coords points="174,767 1510,756 1574,748 1574,708 174,730"/>
                <Baseline points="183,756 252,755 321,753 390,750 459,750 528,749 597,747 666,746 735,746 804,744 874,744 943,743 1012,743 1081,741 1150,741 1219,741 1288,741 1357,741 1426,740 1495,740 1565,740"/>
                <TextEquiv>
                    <Unicode>a creaturis ad vnum significatum determinatur praedicatum a subiecto: dico quod nulla illarum secundum</Unicode>
                </TextEquiv>
            </TextLine>
            <TextLine id="r1l14" custom="readingOrder {index:12;}">
                <Coords points="174,809 1545,804 1565,748 173,767"/>
                <Baseline points="182,800 250,798 319,797 388,795 456,794 525,792 594,791 662,790 731,789 800,788 869,788 937,786 1006,786 1075,785 1143,785 1212,785 1281,783 1349,783 1418,783 1487,783 1556,782"/>
                <TextEquiv>
                    <Unicode>se accepta vt est enunciatio, multiplex est aut distinguenda: sed determinate aut vera est aut fal-</Unicode>
                </TextEquiv>
            </TextLine>
            <TextLine id="r1l15" custom="readingOrder {index:13;}">
                <Coords points="178,856 1552,845 1581,797 177,809"/>
                <Baseline points="186,843 255,842 324,840 393,839 463,837 532,836 601,834 671,833 740,833 809,831 879,830 948,830 1017,828 1086,828 1156,828 1225,827 1294,827 1364,827 1433,827 1502,827 1572,828"/>
                <TextEquiv>
                    <Unicode>sa. Si tamen accipiatur vt propositio in syllogismo in ordine ad alteram: &amp; nomen illud translatum sit me</Unicode>
                </TextEquiv>
            </TextLine>
            <TextLine id="r1l16" custom="readingOrder {index:14;}">
                <Coords points="173,903 1575,890 1574,840 172,861"/>
                <Baseline points="182,887 251,885 320,884 389,882 458,881 527,879 596,878 666,876 735,876 804,875 873,875 942,873 1011,873 1080,873 1150,872 1219,872 1288,872 1357,871 1426,870 1495,870 1565,869"/>
                <TextEquiv>
                    <Unicode>dium in vtraque ex ordine mutuo inter se: propter acceptionem medii termini in alia significatio-</Unicode>
                </TextEquiv>
            </TextLine>
            <TextLine id="r1l17" custom="readingOrder {index:15;}">
                <Coords points="175,948 1528,936 1568,888 175,906"/>
                <Baseline points="183,930 251,928 320,927 389,926 458,924 527,923 595,921 664,920 733,920 802,918 871,917 939,917 1008,915 1077,915 1146,915 1215,914 1283,914 1352,914 1421,914 1490,914 1559,914"/>
                <TextEquiv>
                    <Unicode>ne in vna illarum &amp; in altera: bene vtraque illarum multiplex est &amp; distinguenda: vt in tali paralo-</Unicode>
                </TextEquiv>
            </TextLine>
            <TextLine id="r1l18" custom="readingOrder {index:16;}">
                <Coords points="185,994 1566,980 1579,919 184,950"/>
                <Baseline points="194,974 262,972 331,970 400,968 469,966 538,966 607,965 675,963 744,962 813,962 882,960 951,960 1020,959 1089,959 1157,959 1226,957 1295,957 1364,957 1433,957 1502,956 1571,956"/>
                <TextEquiv>
                    <Unicode>gismo: omne iustum iustificari potest adhuc: deus est iustus: ergo iustificari potest adhuc. Falsa enim est</Unicode>
                </TextEquiv>
            </TextLine>
            <TextLine id="r1l19" custom="readingOrder {index:17;}">
                <Coords points="179,1030 1571,1017 1570,977 1438,963 179,993"/>
                <Baseline points="188,1016 256,1016 325,1014 394,1013 462,1011 531,1010 600,1010 668,1008 737,1007 806,1005 875,1004 943,1004 1012,1002 1081,1002 1149,1001 1218,1001 1287,999 1355,999 1424,999 1493,1001 1562,1001"/>
                <TextEquiv>
                    <Unicode>conclusio: &amp; vtraque propositionum distinguenda est: &amp; contrariis sensibus maior &amp; minor sunt verae.</Unicode>
                </TextEquiv>
            </TextLine>
            <TextLine id="r1l20" custom="readingOrder {index:18;}">
                <Coords points="176,1077 1517,1063 1569,1016 175,1032"/>
                <Baseline points="185,1059 253,1058 322,1058 391,1056 460,1055 528,1053 597,1052 666,1052 735,1050 803,1049 872,1047 941,1047 1010,1046 1078,1046 1147,1044 1216,1044 1285,1044 1353,1043 1422,1043 1491,1043 1560,1044"/>
                <TextEquiv>
                    <Unicode>Si enim  iustum significat iustum per essentiam quid est superiustum, maior est falsa &amp; minor vera. Si au</Unicode>
                </TextEquiv>
            </TextLine>
            <TextLine id="r1l21" custom="readingOrder {index:19;}">
                <Coords points="174,1117 1543,1105 1574,1058 174,1075"/>
                <Baseline points="183,1104 252,1103 321,1101 390,1100 459,1099 528,1098 597,1097 667,1095 736,1094 805,1093 874,1092 943,1091 1012,1091 1081,1089 1151,1088 1220,1088 1289,1088 1358,1086 1427,1086 1496,1086 1566,1086"/>
                <TextEquiv>
                    <Unicode>tem significat iustum per participationem, maior est vera &amp; minor falsa: quae tamen propter de-</Unicode>
                </TextEquiv>
            </TextLine>
            <TextLine id="r1l22" custom="readingOrder {index:20;}">
                <Coords points="170,1168 1574,1148 1521,1095 170,1123"/>
                <Baseline points="179,1148 248,1146 317,1145 386,1143 456,1142 525,1141 594,1140 664,1139 733,1137 802,1137 872,1136 941,1134 1010,1134 1079,1133 1149,1133 1218,1131 1287,1131 1357,1131 1426,1131 1495,1130 1565,1130"/>
                <TextEquiv>
                    <Unicode>terminationem praedicati a subiecto, secundum se simpliciter vera est nec multiplex nec ambigua</Unicode>
                </TextEquiv>
            </TextLine>
            <TextLine id="r1l23" custom="readingOrder {index:21;}">
                <Coords points="168,1216 1164,1187 1163,1140 1123,1137 168,1169"/>
                <Baseline points="177,1190 225,1190 274,1190 323,1188 372,1188 421,1187 470,1187 519,1185 568,1184 617,1184 666,1182 714,1181 763,1181 812,1179 861,1179 910,1178 959,1178 1008,1178 1057,1178 1106,1178 1155,1178"/>
                <TextEquiv>
                    <Unicode>nec distinguenda. Secundum hoc ergo concedenda est vltima ratio. </Unicode>
                </TextEquiv>
            </TextLine>
            <TextLine id="r1l24" custom="readingOrder {index:22;}">
                <Coords points="177,1262 1458,1245 1559,1230 1558,1167 176,1213"/>
                <Baseline points="185,1245 253,1242 321,1240 389,1238 458,1236 526,1235 594,1233 663,1232 731,1230 799,1230 868,1229 936,1229 1004,1227 1072,1227 1141,1227 1209,1226 1277,1226 1346,1224 1414,1224 1482,1223 1551,1223"/>
                <TextEquiv>
                    <Unicode>⁋ Quod arguitur primo in oppositum, quod immo multiplex est secundum aequiuoca</Unicode>
                </TextEquiv>
            </TextLine>
            <TextLine id="r1l25" custom="readingOrder {index:23;}">
                <Coords points="177,1299 1532,1290 1574,1242 177,1262"/>
                <Baseline points="186,1287 258,1286 331,1284 403,1283 476,1281 548,1280 621,1279 694,1278 766,1277 839,1275 911,1275 984,1274 1056,1274 1129,1273 1202,1272 1274,1271 1347,1271 1419,1270 1492,1269 1565,1268"/>
                <TextEquiv>
                    <Unicode>tionem: quia in ipsa est terminus aequiuocus: Dico quod verum esset propositione accepta secundum se in </Unicode>
                </TextEquiv>
            </TextLine>
            <TextLine id="r1l26" custom="readingOrder {index:24;}">
                <Coords points="184,1349 1572,1327 1571,1280 1500,1277 184,1311"/>
                <Baseline points="192,1332 260,1329 329,1328 397,1326 466,1325 534,1323 603,1322 671,1322 740,1320 808,1319 877,1319 946,1318 1014,1317 1083,1317 1151,1316 1220,1316 1288,1316 1357,1314 1425,1314 1494,1313 1563,1313"/>
                <TextEquiv>
                    <Unicode>orma enunciationis nisi aequiuocatio esset in praedicato determinata per subiectum: non dico restricta: si</Unicode>
                </TextEquiv>
            </TextLine>
            <TextLine id="r1l27" custom="readingOrder {index:25;}">
                <Coords points="171,1394 1539,1376 1573,1327 170,1351"/>
                <Baseline points="179,1376 248,1374 317,1373 387,1371 456,1370 525,1368 595,1367 664,1365 733,1364 803,1363 872,1362 941,1361 1011,1360 1080,1359 1149,1359 1219,1358 1288,1358 1357,1356 1427,1356 1496,1356 1566,1356"/>
                <TextEquiv>
                    <Unicode>cut cum dicitur canis latrabilis, restricta est aequiuocatio illius termini canis. Non autem quia determinata</Unicode>
                </TextEquiv>
            </TextLine>
            <TextLine id="r1l28" custom="readingOrder {index:26;}">
                <Coords points="177,1436 1511,1420 1575,1372 176,1384"/>
                <Baseline points="186,1419 255,1417 324,1415 393,1415 462,1412 531,1412 600,1410 669,1409 738,1409 807,1407 876,1406 945,1406 1014,1404 1083,1404 1152,1403 1221,1403 1290,1401 1359,1401 1428,1400 1497,1400 1566,1398"/>
                <TextEquiv>
                    <Unicode>est per subiectum, propterea amittit multiplicationem: si accipiat scilicet forma propositionis in syllogismo in </Unicode>
                </TextEquiv>
            </TextLine>
            <TextLine id="r1l29" custom="readingOrder {index:27;}">
                <Coords points="175,1483 1523,1462 1574,1407 174,1440"/>
                <Baseline points="183,1463 252,1461 321,1460 390,1458 459,1457 528,1455 597,1454 667,1452 736,1451 805,1451 874,1449 943,1448 1012,1448 1081,1446 1151,1446 1220,1445 1289,1445 1358,1445 1427,1443 1496,1443 1566,1443"/>
                <TextEquiv>
                    <Unicode>ordine ad alteram propositionem, in qua terminus aequiuocus est medium: sicut dictum est. ⁋ Ad secundum</Unicode>
                </TextEquiv>
            </TextLine>
            <TextLine id="r1l30" custom="readingOrder {index:28;}">
                <Coords points="189,1523 1544,1504 1573,1451 189,1480"/>
                <Baseline points="197,1508 265,1506 333,1503 402,1502 470,1500 539,1499 607,1497 675,1496 744,1494 812,1494 881,1493 949,1492 1017,1491 1086,1491 1154,1490 1223,1490 1291,1488 1359,1488 1428,1488 1496,1488 1565,1487"/>
                <TextEquiv>
                    <Unicode>uod in diuinis praedicatio affirmatiua &amp; negatiua de eodem praedicato &amp; subiecto singulari non sunt si</Unicode>
                </TextEquiv>
            </TextLine>
            <TextLine id="r1l31" custom="readingOrder {index:29;}">
                <Coords points="185,1569 1573,1550 1553,1496 1414,1493 185,1523"/>
                <Baseline points="194,1550 262,1548 331,1547 399,1545 468,1544 536,1542 605,1541 673,1540 742,1539 810,1538 879,1536 948,1536 1016,1535 1085,1535 1153,1533 1222,1533 1290,1532 1359,1531 1427,1530 1496,1530 1565,1529"/>
                <TextEquiv>
                    <Unicode>mul verae: ergo est multiplex vtraque: Dico quod secundum iam dicta verum est vnam considerando in</Unicode>
                </TextEquiv>
            </TextLine>
            <TextLine id="r1l32" custom="readingOrder {index:30;}">
                <Coords points="189,1598 1579,1590 1578,1548 1480,1536 188,1567"/>
                <Baseline points="198,1593 266,1592 335,1590 403,1589 472,1587 540,1586 609,1584 677,1583 746,1582 814,1581 883,1580 952,1579 1020,1578 1089,1577 1157,1577 1226,1575 1294,1575 1363,1575 1431,1574 1500,1574 1569,1574"/>
                <TextEquiv>
                    <Unicode>comparatione alterius: quia secundum praedicta affirmatiua supponit aut pro eo quod est dignita-</Unicode>
                </TextEquiv>
            </TextLine>
            <TextLine id="r1l33" custom="readingOrder {index:31;}">
                <Coords points="180,1658 1543,1636 1574,1581 179,1610"/>
                <Baseline points="189,1637 257,1635 326,1634 395,1632 464,1631 533,1629 602,1628 670,1626 739,1626 808,1625 877,1623 946,1622 1015,1622 1084,1620 1152,1620 1221,1619 1290,1619 1359,1617 1428,1617 1497,1617 1566,1617"/>
                <TextEquiv>
                    <Unicode>tis in creaturis: &amp; vt in creaturis est: aut supponit in quadam generalitate attributi pro eo quid di- </Unicode>
                </TextEquiv>
            </TextLine>
            <TextLine id="r1l34" custom="readingOrder {index:32;}">
                <Coords points="183,1703 1562,1678 1573,1624 182,1656"/>
                <Baseline points="191,1682 259,1680 328,1677 397,1675 465,1673 534,1671 603,1671 671,1670 740,1668 809,1667 878,1667 946,1665 1015,1665 1084,1664 1152,1664 1221,1662 1290,1662 1358,1661 1427,1661 1496,1659 1565,1658"/>
                <TextEquiv>
                    <Unicode>gnitatis in diuinis &amp; vt in diuinis est: quod facit affirmatiuam incompactam &amp; mendacem: vt dictum</Unicode>
                </TextEquiv>
            </TextLine>
            <TextLine id="r1l35" custom="readingOrder {index:33;}">
                <Coords points="177,1740 1584,1714 1583,1678 1280,1668 176,1698"/>
                <Baseline points="186,1722 255,1722 324,1720 394,1719 463,1718 533,1716 602,1715 672,1713 741,1712 811,1712 880,1710 949,1709 1019,1709 1088,1707 1158,1706 1227,1706 1297,1706 1366,1704 1436,1704 1505,1704 1575,1704"/>
                <TextEquiv>
                    <Unicode>est supra: &amp; negatiuam quoquo modo veram. Negatiua enim aut negatio illud quod affirmat contra</Unicode>
                </TextEquiv>
            </TextLine>
            <TextLine id="r1l36" custom="readingOrder {index:34;}">
                <Coords points="184,1776 1522,1766 1577,1755 1577,1711 184,1743"/>
                <Baseline points="192,1767 260,1766 329,1764 398,1763 467,1761 536,1760 605,1758 673,1757 742,1756 811,1755 880,1754 949,1754 1018,1752 1087,1751 1155,1751 1224,1749 1293,1749 1362,1748 1431,1747 1500,1746 1569,1746"/>
                <TextEquiv>
                    <Unicode>ria affirmatiua supponit in affirmatiua metaphorica in particulari, id quod simpliciter dignitatis</Unicode>
                </TextEquiv>
            </TextLine>
            <TextLine id="r1l37" custom="readingOrder {index:35;}">
                <Coords points="183,1828 1503,1810 1579,1802 1579,1755 182,1776"/>
                <Baseline points="191,1811 260,1809 329,1808 398,1806 467,1805 536,1803 605,1802 674,1800 743,1800 812,1799 881,1797 950,1797 1019,1796 1088,1794 1157,1794 1226,1793 1295,1793 1364,1791 1433,1791 1502,1790 1571,1790"/>
                <TextEquiv>
                    <Unicode>est in deo: vt patet ex praedeterminatis. Considerando autem vtramque secundum se: neutra illarum mul</Unicode>
                </TextEquiv>
            </TextLine>
            <TextLine id="r1l38" custom="readingOrder {index:36;}">
                <Coords points="186,1876 1548,1861 1589,1806 185,1828"/>
                <Baseline points="194,1856 263,1854 332,1853 402,1850 471,1848 540,1847 610,1845 679,1845 748,1844 818,1842 887,1842 956,1841 1026,1841 1095,1839 1164,1839 1234,1838 1303,1838 1372,1836 1442,1836 1511,1835 1581,1833"/>
                <TextEquiv>
                    <Unicode>tiplex est: &amp; affirmatiua est vera proprie: &amp; praedicatur praedicatum de deo per proprietatem: nega</Unicode>
                </TextEquiv>
            </TextLine>
            <TextLine id="r1l39" custom="readingOrder {index:37;}">
                <Coords points="189,1925 968,1907 967,1862 897,1851 188,1873"/>
                <Baseline points="197,1901 235,1899 273,1899 311,1898 349,1896 387,1895 425,1894 463,1893 501,1892 539,1890 578,1890 616,1889 654,1889 692,1887 730,1887 768,1886 806,1886 844,1886 882,1886 920,1886 959,1886"/>
                <TextEquiv>
                    <Unicode>tiua autem est vera metaphorice: secundum praedicta.</Unicode>
                </TextEquiv>
            </TextLine>
            <TextLine id="r1l40" custom="readingOrder {index:38;}">
                <Coords points="564,1984 1572,1983 1585,1896 563,1919"/>
                <Baseline points="572,1967 622,1965 672,1964 722,1964 773,1962 823,1961 873,1961 923,1960 974,1959 1024,1959 1074,1959 1124,1958 1175,1958 1225,1958 1275,1958 1325,1956 1376,1956 1426,1956 1476,1955 1526,1955 1577,1955"/>
                <TextEquiv>
                    <Unicode>Equitur Articu. LXXV. de diuinis praedicationibus in spe</Unicode>
                </TextEquiv>
            </TextLine>
            <TextLine id="r1l41" custom="readingOrder {index:39;}">
                <Coords points="576,2022 775,2031 865,2011 975,2031 1038,2012 1057,2026 1067,1964 575,1982"/>
                <Baseline points="585,2013 611,2012 637,2011 663,2010 690,2009 716,2009 742,2008 768,2007 795,2007 821,2007 847,2007 874,2006 900,2006 926,2006 952,2006 979,2005 1005,2004 1031,2004 1058,2003"/>
                <TextEquiv>
                    <Unicode>ciali. vbi quaeruntur sex. Quorum</Unicode>
                </TextEquiv>
            </TextLine>
            <TextLine id="r1l42" custom="readingOrder {index:40;}">
                <Coords points="575,2074 1578,2075 1577,1983 1549,1978 575,2022"/>
                <Baseline points="584,2057 633,2055 682,2054 731,2052 781,2052 830,2051 879,2050 928,2049 978,2049 1027,2049 1076,2049 1125,2048 1175,2048 1224,2048 1273,2048 1322,2046 1372,2046 1421,2046 1470,2045 1519,2044 1569,2043"/>
                <TextEquiv>
                    <Unicode>Primum: vtrum singula quae sunt in diuinis de quolibet alio similiter</Unicode>
                </TextEquiv>
            </TextLine>
            <TextLine id="r1l43" custom="readingOrder {index:41;}">
                <Coords points="576,2113 1119,2101 1118,2054 1022,2073 984,2056 853,2077 813,2056 576,2073"/>
                <Baseline points="585,2100 611,2099 637,2099 663,2097 689,2097 716,2096 742,2096 768,2095 794,2094 820,2094 847,2094 873,2093 899,2093 925,2093 951,2093 978,2093 1004,2093 1030,2093 1056,2093 1082,2093 1109,2093"/>
                <TextEquiv>
                    <Unicode>existente in diuinis possint praedicari.</Unicode>
                </TextEquiv>
            </TextLine>
            <TextLine id="r1l44" custom="readingOrder {index:42;}">
                <Coords points="582,2157 1506,2164 1577,2155 1577,2076 1243,2071 1083,2117 581,2106"/>
                <Baseline points="591,2142 639,2141 688,2141 737,2139 786,2139 835,2139 884,2138 932,2138 981,2138 1030,2138 1079,2136 1128,2136 1177,2136 1226,2136 1274,2135 1323,2135 1372,2135 1421,2133 1470,2133 1519,2132 1568,2132"/>
                <TextEquiv>
                    <Unicode>Secundum: vtrum singula illorum possint mutuo praedicari de singu</Unicode>
                </TextEquiv>
            </TextLine>
            <TextLine id="r1l45" custom="readingOrder {index:43;}">
                <Coords points="585,2196 962,2187 978,2199 988,2197 988,2146 897,2161 865,2148 784,2156 731,2145 710,2159 681,2149 636,2164 585,2150"/>
                <Baseline points="594,2186 619,2186 645,2184 671,2184 696,2184 722,2184 748,2184 774,2183 799,2183 825,2183 851,2182 877,2181 902,2181 928,2181 954,2180 980,2180"/>
                <TextEquiv>
                    <Unicode>is praedicatione affirmatiua.</Unicode>
                </TextEquiv>
            </TextLine>
            <TextLine id="r1l46" custom="readingOrder {index:44;}">
                <Coords points="588,2251 1540,2240 1580,2221 1579,2160 587,2196"/>
                <Baseline points="596,2231 644,2229 693,2228 742,2226 791,2226 839,2225 888,2225 937,2224 986,2223 1034,2223 1083,2223 1132,2223 1181,2222 1229,2222 1278,2222 1327,2221 1376,2220 1424,2219 1473,2219 1522,2217 1571,2216"/>
                <TextEquiv>
                    <Unicode>Tertium: vtrum praedicatio vnius illorum de pluribus personis resol-</Unicode>
                </TextEquiv>
            </TextLine>
            <TextLine id="r1l47" custom="readingOrder {index:45;}">
                <Coords points="588,2283 1388,2289 1587,2267 1586,2222 587,2251"/>
                <Baseline points="596,2273 645,2272 694,2271 743,2270 792,2270 841,2268 890,2268 939,2268 988,2268 1037,2267 1086,2267 1135,2267 1184,2267 1233,2266 1282,2265 1331,2265 1380,2264 1429,2262 1478,2261 1527,2259 1577,2258"/>
                <TextEquiv>
                    <Unicode>uenda sit in vnam singularem: an in vnam pluralem: dicendo pater est</Unicode>
                </TextEquiv>
            </TextLine>
            <TextLine id="r1l48" custom="readingOrder {index:46;}">
                <Coords points="576,2328 1549,2334 1589,2328 1589,2266 576,2291"/>
                <Baseline points="584,2318 633,2316 683,2316 733,2315 783,2313 833,2313 882,2312 932,2312 982,2310 1032,2310 1082,2310 1131,2310 1181,2309 1231,2309 1281,2308 1331,2307 1380,2307 1430,2306 1480,2304 1530,2304 1580,2303"/>
                <TextEquiv>
                    <Unicode>aeternus, filius est aeternus, spiritus sanctus est aeternus: &amp; sunt vnus</Unicode>
                </TextEquiv>
            </TextLine>
            <TextLine id="r1l49" custom="readingOrder {index:47;}">
                <Coords points="591,2369 955,2380 1150,2358 1255,2377 1267,2318 590,2330"/>
                <Baseline points="599,2360 632,2360 665,2360 698,2358 731,2358 764,2358 797,2358 830,2357 863,2357 896,2357 929,2356 962,2355 995,2355 1028,2355 1061,2354 1094,2354 1127,2354 1160,2352 1193,2352 1226,2351 1259,2351"/>
                <TextEquiv>
                    <Unicode>eternus: an &amp; sunt tres aeterni. &amp; sic de caeteris.</Unicode>
                </TextEquiv>
            </TextLine>
            <TextLine id="r1l50" custom="readingOrder {index:48;}">
                <Coords points="597,2422 1575,2411 1580,2327 1356,2334 1226,2374 597,2371"/>
                <Baseline points="605,2402 653,2400 701,2400 749,2400 798,2400 846,2400 894,2399 943,2399 991,2399 1039,2399 1088,2399 1136,2399 1184,2397 1232,2397 1281,2396 1329,2396 1377,2395 1426,2394 1474,2393 1522,2391 1571,2390"/>
                <TextEquiv>
                    <Unicode>uartum: vtrum econtra, praedicatio plurium personarum de vna il-</Unicode>
                </TextEquiv>
            </TextLine>
            <TextLine id="r1l51" custom="readingOrder {index:49;}">
                <Coords points="190,2465 1549,2455 1581,2409 190,2421"/>
                <Baseline points="198,2457 266,2456 335,2453 404,2451 472,2450 541,2448 610,2447 678,2446 747,2445 816,2444 885,2444 953,2442 1022,2442 1091,2441 1159,2441 1228,2439 1297,2439 1365,2438 1434,2436 1503,2436 1572,2433"/>
                <TextEquiv>
                    <Unicode>larum siue essentiali siue personali resoluenda sit in vnam singularem an in vnam pluralem: dicen-</Unicode>
                </TextEquiv>
            </TextLine>
            <TextLine id="r1l52" custom="readingOrder {index:50;}">
                <Coords points="190,2509 1561,2512 1584,2437 189,2465"/>
                <Baseline points="198,2501 266,2498 335,2496 404,2495 473,2493 542,2492 611,2492 679,2490 748,2489 817,2489 886,2487 955,2487 1024,2486 1093,2486 1161,2484 1230,2483 1299,2483 1368,2482 1437,2481 1506,2480 1575,2480"/>
                <TextEquiv>
                    <Unicode>do deus vel aeternus est pater, deus vel aeternus est filius, deus vel aeternus est spiritus sanctus &amp; est</Unicode>
                </TextEquiv>
            </TextLine>
            <TextLine id="r1l53" custom="readingOrder {index:51;}">
                <Coords points="191,2554 381,2560 420,2545 556,2554 594,2544 593,2502 543,2514 520,2500 498,2520 390,2519 360,2502 330,2513 191,2510"/>
                <Baseline points="200,2543 225,2543 251,2541 277,2541 302,2540 328,2539 354,2538 379,2538 405,2538 431,2537 456,2537 482,2537 508,2537 533,2537 559,2538 585,2538"/>
                <TextEquiv>
                    <Unicode>vnus aliquis: an tres aliqui. </Unicode>
                </TextEquiv>
            </TextLine>
            <TextLine id="r1l54" custom="readingOrder {index:52;}">
                <Coords points="212,2604 1521,2586 1580,2574 1580,2508 211,2550"/>
                <Baseline points="221,2585 288,2583 356,2582 423,2582 491,2580 558,2579 626,2579 693,2577 761,2577 828,2576 896,2576 964,2574 1031,2574 1099,2573 1166,2573 1234,2571 1301,2570 1369,2569 1436,2568 1504,2567 1572,2565"/>
                <TextEquiv>
                    <Unicode>Quintum: vtrum dictio exclusiua addita vni eorum quae sunt in diuinis ex parte subiecti aut ex par-</Unicode>
                </TextEquiv>
            </TextLine>
            <TextLine id="r1l55" custom="readingOrder {index:53;}">
                <Coords points="195,2655 1579,2642 1594,2573 194,2603"/>
                <Baseline points="203,2630 272,2628 341,2627 410,2627 479,2625 548,2624 617,2623 687,2622 756,2621 825,2621 894,2621 963,2619 1032,2619 1101,2618 1171,2617 1240,2616 1309,2615 1378,2613 1447,2612 1516,2610 1586,2609"/>
                <TextEquiv>
                    <Unicode>te praedicati excludat aliquid aliorum respectu subiecti aut respectu praedicati, dicendo solus aut </Unicode>
                </TextEquiv>
            </TextLine>
            <TextEquiv>
                <Unicode>se est aequiuocus, in ordine ad alteram multiplex est &amp; distinguenda: &amp; vice versa propositio altera si-
militer: vt si absque vlla interrogatione praefacta arguatur sic. Omnis canis est animal: sydus est canis: 
ergo sydus est animal. Quamquam enim illa maior, omnis canis est animal, ex determinatione subiecti a praedi
cato nec ambigua esset, nec multiplex, nec distinguenda: propter tamen aequiuocationem termini me-
dii verificantis vnam propositionem pro vno significato, &amp; aliam pro alio: singula illarum in ordine ad
alteram distinguenda esset vt multiplex. Sicut autem in propositione seu enunciatione accepta se
cundum se praedicatum determinat subiectum ad supponendum pro forma vel pro supposito: vel pro
aliquo significato, vel pro suppositis alicuius determinati temporis: sic etiam subiectum determi-
nat praedicatum ad supponendum pro aliquo significato determinato: licet aliis modis non determinet
istud: prout de praedicatis dicit Boethius: &amp; tactum est in vltimo argumento: Talia sunt praedicata qua 
lia permiserunt subiecta. Quia igitur in diuinis in omni propositione in qua praedicatur nomen translatum
a creaturis ad vnum significatum determinatur praedicatum a subiecto: dico quod nulla illarum secundum
se accepta vt est enunciatio, multiplex est aut distinguenda: sed determinate aut vera est aut fal-
sa. Si tamen accipiatur vt propositio in syllogismo in ordine ad alteram: &amp; nomen illud translatum sit me
dium in vtraque ex ordine mutuo inter se: propter acceptionem medii termini in alia significatio-
ne in vna illarum &amp; in altera: bene vtraque illarum multiplex est &amp; distinguenda: vt in tali paralo-
gismo: omne iustum iustificari potest adhuc: deus est iustus: ergo iustificari potest adhuc. Falsa enim est
conclusio: &amp; vtraque propositionum distinguenda est: &amp; contrariis sensibus maior &amp; minor sunt verae.
Si enim  iustum significat iustum per essentiam quid est superiustum, maior est falsa &amp; minor vera. Si au
tem significat iustum per participationem, maior est vera &amp; minor falsa: quae tamen propter de-
terminationem praedicati a subiecto, secundum se simpliciter vera est nec multiplex nec ambigua
nec distinguenda. Secundum hoc ergo concedenda est vltima ratio. 
⁋ Quod arguitur primo in oppositum, quod immo multiplex est secundum aequiuoca
tionem: quia in ipsa est terminus aequiuocus: Dico quod verum esset propositione accepta secundum se in 
orma enunciationis nisi aequiuocatio esset in praedicato determinata per subiectum: non dico restricta: si
cut cum dicitur canis latrabilis, restricta est aequiuocatio illius termini canis. Non autem quia determinata
est per subiectum, propterea amittit multiplicationem: si accipiat scilicet forma propositionis in syllogismo in 
ordine ad alteram propositionem, in qua terminus aequiuocus est medium: sicut dictum est. ⁋ Ad secundum
uod in diuinis praedicatio affirmatiua &amp; negatiua de eodem praedicato &amp; subiecto singulari non sunt si
mul verae: ergo est multiplex vtraque: Dico quod secundum iam dicta verum est vnam considerando in
comparatione alterius: quia secundum praedicta affirmatiua supponit aut pro eo quod est dignita-
tis in creaturis: &amp; vt in creaturis est: aut supponit in quadam generalitate attributi pro eo quid di- 
gnitatis in diuinis &amp; vt in diuinis est: quod facit affirmatiuam incompactam &amp; mendacem: vt dictum
est supra: &amp; negatiuam quoquo modo veram. Negatiua enim aut negatio illud quod affirmat contra
ria affirmatiua supponit in affirmatiua metaphorica in particulari, id quod simpliciter dignitatis
est in deo: vt patet ex praedeterminatis. Considerando autem vtramque secundum se: neutra illarum mul
tiplex est: &amp; affirmatiua est vera proprie: &amp; praedicatur praedicatum de deo per proprietatem: nega
tiua autem est vera metaphorice: secundum praedicta.
Equitur Articu. LXXV. de diuinis praedicationibus in spe
ciali. vbi quaeruntur sex. Quorum
Primum: vtrum singula quae sunt in diuinis de quolibet alio similiter
existente in diuinis possint praedicari.
Secundum: vtrum singula illorum possint mutuo praedicari de singu
is praedicatione affirmatiua.
Tertium: vtrum praedicatio vnius illorum de pluribus personis resol-
uenda sit in vnam singularem: an in vnam pluralem: dicendo pater est
aeternus, filius est aeternus, spiritus sanctus est aeternus: &amp; sunt vnus
eternus: an &amp; sunt tres aeterni. &amp; sic de caeteris.
uartum: vtrum econtra, praedicatio plurium personarum de vna il-
larum siue essentiali siue personali resoluenda sit in vnam singularem an in vnam pluralem: dicen-
do deus vel aeternus est pater, deus vel aeternus est filius, deus vel aeternus est spiritus sanctus &amp; est
vnus aliquis: an tres aliqui. 
Quintum: vtrum dictio exclusiua addita vni eorum quae sunt in diuinis ex parte subiecti aut ex par-
te praedicati excludat aliquid aliorum respectu subiecti aut respectu praedicati, dicendo solus aut </Unicode>
            </TextEquiv>
        </TextRegion>
    </Page>
</PcGts>
