2017 3257
427 291 1899 365 rium. vniversalisic, necessarium est deum velle seipsum. In hac enim clare potest exprimi libertas cum neces
433 349 1884 405 sitate nullo inconuenienti apparente: dicendo quod necessarium est deum libere velle seipsum: vel, deum
430 400 1884 449 libere velle seipsum est necessarium: ita quod in ipsa libertate consistit ratio necessitatis quae necessario vult se
433 442 1891 504 ipsum, iuxta modum iam expositum. quoniam quod non potest non velle libere seipsum, hoc totum ex firmita
443 487 1884 543 te suae libertatis venit: & solum ex illa: quemadmodum quod ignis non potest combustibile approxima
441 540 1893 593 tum non comburere, hoc prouenit ex sola dispositione suae naturae. Vnde dicit Augustinus v. de ciuita. dei.
441 581 1888 632 Si illa definiatur necessitas secundum quam dicimus necesse est vt ita fiat vel ita fiat: nescio cur eam timea-
439 627 1891 684 mus ne libertatem auferat voluntatis. Et hoc siue illa necessitas ponatur ab alio in casu quo loquitur
433 669 1899 726 Augustinus, siue illa necessitas ponatur in eodem, vt in proposito nostro. Vnde cum dicimus deum neces
443 719 1900 774 sario velle seipsum, non intelligimus in hoc talem necessitatem qualem intelligimus cum dicimus
443 764 1905 815 deum necessario intelligere seipsum: aut necessario viuere. Cum enim dicimus ipsum necessario vi-
445 808 1905 861 uere, necessitas illa oritur ex ratione suae naturae absolutae: quia ipsa non est nisi viuere quoddam &
435 859 1903 912 vita, vt habitum est supra. Cum vero dicimus ipsum necessario intelligere seipsum, necessitas illa ori-
433 903 1896 957 tur ex determinatione intellectus per intelligibile, quo necesse est semper quasi informari, vt habi-
437 946 1890 997 tum est supra. Cum vero dicimus eum necessario velle seipsum, illa necessitas nec oritur ex na-
434 991 1899 1044 tura diuina, ea ratione qua natura est, neque ex aliqua determinatione in voluntate ex obiecto volito
442 1038 1893 1091 sed solum & mere ex conditione libertatis in voluntate sua. secundum quod omnia haec patent ex iam
437 1084 1892 1141 & supra determinatis. Argumenta autem vtriusque partis partractanda sunt: quia ambo in aliquo deficiunt.
443 1129 1907 1215 ⁋ Quod ergo arguitur primo: quod velle non de necessitate est dignior modus volen-
428 1198 1911 1268 di, ergo deo conuenit: Dicedum quod verum est loquendo de necessitate praeueniente voluntatem & tollem
434 1255 1898 1311 te libertatem, quicunque sit ille. Loquendo tamen de necessitate concomitante libertatem, & quae illam con
434 1298 1898 1358 patitur: immo quasi causatur ab ea: non est verum: immo huiusmodi necessitas est propter vigorem libertatis, &
439 1345 1905 1400 contrarium eius propter libertatis infirmitatem, vt patet ex praedictis. ⁋ Ad secundum: quod si deus vellet seipsum
441 1387 1904 1452 de necessitate, necessitatem illam non haberet ratione voluntatis, quia derogaret libertati illius: Dicendum
435 1439 1914 1492 quod verum est loquendo de necessitate cui subest voluntas: quae non est nisi necessitas coactionis, de quae
437 1484 1912 1533 ibi loquitur Augustinus ad literam: aut necessitas praeueniens voluntatem qualitercumque & qua-
441 1525 1918 1583 liscumque sit illa. Loquendo vero de necessitate concomitante voluntatem, siue ex ratione ipsius volun-
433 1567 1918 1632 tatis, quod contingit in proposito: siue ratione naturae, vt contingit in spiratione spiritus sancti, sicut dictum
429 1625 1912 1676 est: non habet illud veritatem: & multum differt hac necessitate deum velle seipsum absolute ex necessitate
435 1662 1917 1726 & velle seipsum ex necessitate naturae simpliciter. Quia illud quod sit ex necessitate naturae simpliciter, omni
435 1712 1905 1767 no excludit voluntarium: non autem velle seipsum ex necessitate quae est ex ipsius libertatis perfectione, aut quae est ratio
428 1767 1909 1812 ne suae naturae concomitantis voluntatem. ⁋ Ad primum in oppositum: quod si deus non vellet seipsum de necessita-
435 1811 1906 1862 te, posset ergo seipsum non velle: Dicendum quod verum est quod non potest non velle seipsum: sed hoc non nisi propter
430 1855 1902 1904 necessitatem concomitantem voluntatem secundum dictum modum: quae (vt dictum est) non impe-
438 1889 1905 1948 dit voluntatis libertatem. de ratione enim libertatis simpliciter, non est posse velle & non velle (vt qui
430 1933 1917 1995 dam putant) sed solummodo affectanter & quasi eligibiliter velle. Posse enim non velle quid vult, non est ni
436 1980 1836 2050 si ex libertatis infirmitate: quemadmodum & posse peccare est ex voluntatis defectibilitate.
854 2029 1914 2093 Equitur Art. &VIll. de actu voluntatis quid est velle, in compara
857 2084 1913 2134 tione ad actum intellectus qui est intelligere. Et circa hoc quaeruntur duo.
858 2132 1908 2187 Primum: vtrum praeter istos duos actus diuinos essentiales manentes in
863 2177 1158 2237 ra, sit aliquis alius.
860 2224 1768 2272 Secundum: vtrum velle in deo sit actio principalior quam intelligere.
1148 2266 1919 2318 Irca primum arguitur: quod praeter istos actus (scili-
1146 2310 1930 2371 cet intelligere & velle ) sit alius: Primo sic. secundum
1145 2356 1917 2409 Philosophum actus distinguuntur per obiecta. vt non
1155 2405 1922 2464 lifferunt intelligere & velle in deo nisi quia differunt
1139 2453 1929 2500 ex parte obiecti in diuina essentia verum & bonum.
1146 2496 1935 2555 sed non solum in ipsa considerantur vt differentia ve
444 2543 1938 2601 rum & bonum: sed etiam alia multa: quae sunt ens, vnum, pulchrum, & plurima huiusmodi. ergo si di-
444 2589 1942 2644 uersi actus sunt in deo quia differunt in ipso bonum & verum ad quae terminantur: similiter erunt in
450 2641 1929 2695 pso alii actus differentes ab istis, qui terminantur ad eos, vnum, pulchrum, & caetera huiusmodi. ⁋ Secundo
404 2680 1933 2745 a sic. forma quanto est abstractior & perfectior, tanto est plurium actionum principium. Vnde pri-
437 2725 1933 2784 mae formae materiales vt elementorum, non habent actum nisi proprium elementorum: vt forma
431 2771 1926 2835 aquae non nisi quae conpetat aquae. Eorma vero mixti habet actionem aliquam quae competit ratione ele
