2017 3096
176 214 1597 278 rationalis rationalitate: sicut & rationale inquantum secundum quod supponit pro supposito est sub
186 268 1595 320 sistens quoddam indefinitum & indefinite, subsistit rationalitate: & est rationalitas aliquid secundum
188 312 1602 367 se: & sunt homo inquantum est rationalis & ipsum rationale stans pro supposito, aliquid rationali
177 360 1609 410 tate. In diuinis autem in quibus aliqua absolute subsistunt non siguificando suppositum subsistens:
185 401 1608 454 sed solummodo supponendo pro illo, vt sunt omnia substantialia concretiue significata: puta ens, vi
185 451 1609 505 uens, deus, intellectus, volens, magnus, bonus & caetera huiusmodi: ipsum esse quid sic subsistit est ali
177 495 1601 543 quid: & quo subsistit subsistens, etiam est aliquid. Et est quo subsistit omne illud a quo nomen concre-
173 540 1601 590 tum imponitur tanquam a forma: vt ab essentia scu esntitate ens: a vita viuens: a deitate deus: ab intelle
188 584 1602 636 ctu intellectus: a voluntate volens: a magnitudine magnus: a bonitate bonus. Est etiam quo subsistit
170 623 1590 673 concretum: omne illud quod significatur in abstracto a quo nomen eius imponitur: puta in intelle-
174 674 1600 721 ctu significatur vita entitas siue essentia: quia intelligens in eo quod est intelligens est viuens & ens:
167 709 1593 761 sicut quodammodo homo in eo quod est animal, est corpus animatum, substantia, & ens. In diuinis ve
170 759 1602 816 ro in quibus etiam aliqua subsistunt relatiue significando suppositum subsistens: vt sunt nomina
171 802 1586 864 personarum pater, filius, spiritus sanctus: omne quid sic subsistit est aliquid. Quo enim subsistit est omne quid
171 844 1586 898 pertinet ad suam personalitatem: & est quasi de integritate ipsius: & quasi de essentia eius: sicut par
166 884 1592 943 tes definitionis in creaturis sunt de essentia definiti. & sunt duo, scilicet essentia deitatis seu ipsa dei
180 935 1587 985 tas communiter in tribus personis: & ipsa personalis proprietas propria in qualibet persona: puta pa-
172 979 1589 1026 ternitas in patre cum essentia: filiatio in filio: actiua processio in spiritu sancto. lta quod licet nomen pa-
168 1022 1594 1073 tris (& sic de nomine filii & spiritus sancti) imponatur secundum vocem a proprietate: secundum rem tamen
164 1069 1603 1117 nominis significant essentiam cum proprietate, prout superius aliquando declarauimus. lta quod si pa
173 1109 1587 1158 tri esset nomen impositum non plus secundum vocem a deitate quam a paternitate: sicut hoc nomen ho
170 1152 1590 1202 mo quod significat animal rationale: non plus impositum est a rationalitate quam ab animalitate: sed ab
174 1199 1590 1249 humanitate significante animalitatem rationalitatem: vt puta si sit nomen patris parens: tunc quodam
161 1245 1589 1293 modo sicut definitiue dicitur quod homo est animal rationale: & quod humanitas est animalitas ratio-
173 1288 1594 1343 nalitas: sic definitiue diceretur quod parens est deus pater: sumendo ly pater pro significato & pro
167 1330 1599 1378 concreto huius abstracti paternitas: sicut rationale est concretum huius abstracti rationalitas. Sicut enim
167 1379 1595 1432 parens est deus pater sicut & paternitas est deitas paternitas: & sicut dicitur homo subsistere hu-
167 1418 1599 1471 manitate: & omni eo quod in suo significato includitur, scilicet rationalitate & animalitate: & etiam
170 1466 1593 1516 omni eo quod in animalitate includitur: vt iam dictum est: sic diceretur parens subsistere parentitate
174 1506 1595 1556 & deitate, atque omni eo quod includitur in significato deitatis: cuiusmodi sunt vita & essentia. Sed pa
164 1555 1592 1602 rens inquantum subsistit paternitate: quia paternitas eo quod est relatio non est aliquid: sed ad aliquid se
172 1601 1595 1649 cundum praedicta, quo subsistit non est aliquid: nec etiam ipsum subsistens est illo aliquid. Inquantum
176 1643 1588 1693 vero subsistit deitate: quia deitas eo quod est absolutum essentiale est aliquid: ideo & quo subsistit est
178 1687 1592 1739 aliquid: & etiam ipsum subsistens est illo aliquid. Et sic pater inquantum subsistit est aliquid: & etiam
170 1724 1601 1782 quo subsistit est aliquid: inquantum vero subsistit paternitate: nec subsistens est aliquid: nec quo
171 1774 1599 1823 subsistit est aliquid: vtrumque. Et sicut hoc dico de patre: sic dico de filio & de spiritu sancto. Et per hunc
177 1819 1593 1870 modum omne quod relatiue dicitur: est aliquid excepto relatiuo. secundum Augustinus vii. de triniitate. cap. i. Quod
180 1863 1595 1913 totum prouenit ex propria ratione relationis secundum suum genus: qua nihil realitatis in essen
181 1903 1593 1956 do habet ex se: sed solummodo essendi modum: cum tamen praedicamenta tria absoluta ex ratione
163 1947 1586 2006 sui generis aliquid realitatis in essendo importent. Vt propterea Boethius comparando septem prae
180 1996 1596 2044 dicamenta relationis ad tria praedicamenta absoluta, dicat de tribus. Cum aliquis in diuinam prae
170 2036 1593 2089 dicationem verterit, commutantur, puta substantia in supersubstantiam, & essentia in superessen-
174 2086 1593 2141 tiam, & caetera huiusmodi: secundum modum supra determinatum: & prout dicit ipsemet. Nam substantia
177 2129 1587 2184 in illo non est vere substantia: sed vltra substantiam. ltem qualitas &c. quae vocat illa quae praedica
171 2171 1592 2225 ri possunt. De aliis autem. vii. dicit, Ad aliquid vero omnino non potest praedicari neque de deo, neque de
176 2214 1600 2270 creaturis. & per hoc nequaquam mutantur a praedicatione quam habent in creaturis: quia idem esse ad
173 2261 1594 2311 aliud quod dicunt in relatione vnius creaturae ad aliam: hoc dicunt in relatione vnius personae di
170 2307 1592 2355 uinae ad aliam. Sed si considerentur prout characterizatione quadam contrahunt realitatem a su
177 2347 1585 2405 is fundamentis, ratione illius realitatis bene praedicari possunt: & dicere de subiecto non solum ad
177 2394 1601 2451 aliud esse: sed etiam esse aliquid. Et cuncta relatiua sicut & absoluta mutantur cum quis illa in di
170 2441 1604 2489 uinam verterit praedicationem: nam sicut in deo substantia non est vere substantia, scilicet talis
179 2478 1602 2533 qualis est in creaturis: sed aliquid vltra illam substantiam cum nomine substantiae praedicatur de
172 2520 1605 2579 deo: sic in deo paternitas non est vere paternitas, scilicet talis qualis est in creaturis: sed aliquid
177 2563 1605 2634 vltra illam paternitatem cum nomine paternitatis praedicatur de deo: dicendo deus est pater. Sed
