2017 3227
401 241 1874 321 plura essentialia, siue fuerint plura personalia: vt personae plures, aut vt proprietates plures, siue
404 301 1863 359 fuerint essentiale & persona, siue essentiale & proprietas, siue persona & proprietas, siue in abstra-
399 358 1868 411 cto, siue in concreto significentur. Idcirco singula illorum de singulis praedicari possunt & in abstra
403 395 1872 453 ctione, & in concretione per identitatem quae fundatur super illud vnum: eius tamen plurificatio-
401 448 1878 498 ne secundum rationem: prout superius est expositum de relationibus communibus: dicendo quod hoc
405 482 1870 542 est hoc: quia est idem illi in substantia vnius rei singularis. secundum quod processit prima obiectio ad
404 529 1876 586 secundam partem. ⁋ Sed si per talem identitatem in vno secundum substantiam quaecunque diuersa
397 571 1872 637 siue distincta re aut ratione in diuinis possent mutuo de se inuicem praedicari absoluta praedicatio
401 621 1882 678 ne secundum modum quo sunt distincta: tunc postquam talia diuersa in diuinis sunt eadem secundum
405 673 1878 729 substantiam: quia sunt vnum in substantia: cum sint etiam aequalia secundum quantitatem: quia sunt
406 713 1872 779 vnum in quantitate: licet non similiter sint similia: quia non sunt vnum in qualitate: sed tantummodo
409 756 1884 822 personae inter se sunt similes: vt habitum est supra, loquendo de relationibus communibus: Eadem er-
410 808 1865 871 go ratione per talem aequalitatem in vno secundum quantitatem quaecunque diuersa seu distincta
414 846 1871 906 sunt in diuinis re aut ratione, possent mutuo deinuicem praedicari, & dici singula de singulis prae
413 891 1878 961 dicari secundum aequalitatem: sicut & secundum identitatem: quod tamen non est consuetum. Nec iterum est
404 945 1868 1002 modus conueniens dicere quod per talem identitatem aliqua possunt dici praedicari de inuicem prae
409 991 1871 1042 dicatione absoluta: quia genus & differentia licet vnam & eandem rem singularem in indiuiduo
407 1029 1881 1086 hominis significent: vt hoc animal, & hoc rationale in Petro: sicut & animal simpliciter & rationa
416 1078 1869 1136 le simpliciter in homine: tamen secundum philosophum genus de differentia praedicari non potest:
406 1119 1877 1178 vt animal de rationali: quia vt dicit, vnus homo esset plura animalia. Praeterea si propter talem idem
410 1165 1882 1222 titatem singula possent praedicari de singulis, cum in diuinis tanta sit identitas personarum, & etiam
413 1218 1868 1277 singularum personalium proprietatum in vnitate substantiae singularis quanta & quorumlibet alio
405 1256 1883 1315 rum. Si ergo aliqua aliorum per dictam identitatem deinuicem possent praedicari: dicendo deus est
407 1304 1868 1361 bonus, vel deitas est bonitas: eadem ratione & vna persona posset praedicari eodem modo de al-
413 1358 1874 1408 ra: dicendo pater est filius & econuerso: & vna proprietas de alia dicendo paternitas est filiatio &
414 1397 1869 1449 econuerso. Consequens falsum est, quoniam illa distinguit relationis oppositio: propter quam non
407 1440 1870 1495 sic sunt vnum inter se: sicut & inter se vnum sunt essentialia. iuxta illud quod excipiendo dicit
406 1491 1881 1542 loannes Damascenus. In diuinis omnia sunt vnum praeter ingenerationem generationem, &
416 1536 1873 1595 spirationem. Quare etsi essentialia per dictam identitatem adinuicem praedicari possent: non ta-
407 1588 1869 1632 men personae vel proprietates personales. Et sic saltem illud dictum per exceptionem verificari de-
423 1620 1883 1680 beret vt essentialia dicerentur praedicari adinuicem per identitatem: non autem personalia. Sed
416 1670 1878 1725 nec sic possunt dici praedicari absoluta praedicatione adinuicem etiam essentialia. licet enim haec sit
416 1720 1873 1773 vera, bonitas in diuinis est idem magnitudini: ex hoc tamen non sequitur quod bonitas est magnitu
415 1761 1881 1820 do: sicut non sequitur, pater est idem filio, ergo pater est filius: aut differentia est idem generi, ergo
409 1804 1879 1858 differentia est genus. Mihi igitur videtur quod dicta identitas eorum quae sunt in diuinis, non sit su
413 1850 1878 1906 ficiens causa aut ratio praedicandi adinuicem aliqua quae sunt in diuinis. Dico praedicatione abso
422 1899 1877 1950 luta absque expositione & speciali intellectu alio quam termini praetendunt. Nec tamen propter talem expo
408 1948 1874 2005 sitionem quaelibet praedicatio in diuinis est recipienda: vt iam declarabitur. Vnde respondendum
417 1991 1879 2045 est ad dictam rationem probantem quod in diuinis singula deinuicem possunt praedicari: quia sunt
415 2038 1883 2091 idem vt dictum est: & secundum Boethium nulla propositio verior est illa in qua idem praedicatur
425 2078 1872 2135 de se: dicendo quod verum est inquantum est idem & praedicando & explicando identitatem in recto:
416 2124 1882 2180 & id cui subiectum est idem in obiecto: dicendo pater est idem filio: & sic de caeteris: vel sic, magni
422 2173 1875 2228 tudo est bonitas: & id quid est magnitudo est id quod est bonitas. Sed ex hoc non sequitur quod praedicatio-
426 2219 1875 2270 ne absoluta vnum illorum per seipsum possit praedicari de altero: vt patet in genere & differentia,
415 2263 1883 2315 & animali & rationali. Eo enim quod animal tanquam genus significat de homine, quod est: rationale vero tam-
422 2308 1880 2366 quam differentia contrahens & determinans genus, quo est: licet homo est quod animal: animal tamen tam
433 2358 1877 2416 uam materiale in significato hominis non est hoc scilicet homo: nisi quo vt formal scilicet rationali: & est homo
416 2403 1881 2457 compositus ex genere & differentia: sicut ex eo quod est & quo est ipse homo. Et ideo nequaquam potest
423 2441 1870 2493 animal praedicari de rationali: quia vt dicit philosophus, vnus homo esset plura animalia: & hoc
422 2491 1881 2550 per hunc modum: quia cum differentia praedicatur de specie: puta de homine rationale: vt quo est
426 2540 1886 2592 aliquid secundum praedicta: si genus puta animal praedicaretur de rationali: animal includeretur in significato ra
419 2581 1885 2636 tionis: & sic homo ex eo quod rationale esset animal. Differentia autem est extra rationem generis: & sic homo esset animal
427 2628 1873 2688 praeter hoc quod est rationale: esset ergo animal praeter rationale: & cum hoc esset etiam animal ex eo quod est ratio-
419 2677 1878 2747 nale, & sic necessario vnus homo esset plura animalia. Patet etiam in proposito in patre & filio. Eo
