2017 3180
387 261 1845 321 tunc nec secundum dictam expositionem posset vere dici quod deus est sua bonitas. Non enim plus verum
389 299 1845 362 esset dicere quod esset sua bonitas, quam verum est dicere quod corpus est suus color: quod re vera non est id quod
389 352 1849 404 suus color, nec id quid est corpus est id quod est color. Sic ergo vult quod illa sit vera deus est sua boni-
385 401 1836 457 tas: quia scilicet ipsa est sua substantia siue sua essentia, quae est esse id quod est. Et signanter postquam dixit
386 444 1847 500 Augustinus Atque illa non substantia sit: statim addidit quasi corrigendo se: Vel potius essentia: quia in hoc
392 487 1841 543 secundum iam dicta magna est differentia: quia deitas diuinam essentiam significat sub ratione sub-
388 533 1848 581 stantiae, quae est alia ratio a ratione quantitatis qualitatis aut relationis: & non est inclusa in ratio-
381 574 1845 624 nibus illorum. Essentia autem significat diuinam naturam sub ratione quae communiter in aliis rationibus in-
392 619 1851 670 cluditur. Propter quod licet esset nefas dicere praedicatione absoluta & absque expositione quod deus suba
396 669 1848 724 sit bonitati suae, atque illa non sit essentia: quia si non esset essentia dei sub ratione essentiae, non esset
389 711 1851 768 id quod est deus, sicut color non est id quod est corpus: quia non est essentia corporis: Non tamen esset
396 764 1840 819 nesas dicere praedicatione absoluta & absque expositione quod deus subsit bonitati suae, quodque illa non est
399 805 1839 851 substantia: vt sub esse large ista possit esse vera si praedicatio intelligatur esse absoluta absque exposi
387 850 1841 903 tione, bonitas non est substantia dei: quia alia est ratio bonitatis: alia substantiae: nec vna inclula est
395 890 1842 947 in alia, licet illa non possit esse vera, bonitas non est essentia dei: quia ratio essentiae includitur in ra
386 943 1838 995 tione bonitatis & omnium quae sunt in diuinis. lsta enim, bonitas non est essentia, falsa est absque expo
386 983 1848 1035 sitione: sicut & sua contraria est absolute vera absque omni expositione. Illa autem, bonitas non est
393 1027 1849 1081 substantia: est vera absoluta praedicatione: sicut & sua contraria falsa est praedicatione absoluta. Et
385 1076 1839 1124 cum dicta expositione illa est falsa: & sua contraria est vera. Vnde & propositiones verae per talem
386 1122 1852 1177 expositionem, licet non sint verae absoluta praedicatione, simpliciter secundum communem vsum sunt
392 1157 1843 1211 concedendae: quando in illis concedendis non solum non est aliquod periculum vel occasio erroris:
396 1210 1841 1258 sed ex illis concessis euitatur occasio erroris qui accideret si negarentur: videlicet quo posset cre-
394 1254 1843 1307 di quod praedicatum remouetur a subiecto, quia non est essentia eius idipsum re cum ipso: puta si di-
386 1303 1848 1358 ceretur bonitas non est deitas aut veritas aut aliquid talium, sicut contingit in creaturis. & sic cre-
387 1346 1835 1399 di posset quod nec verificari posset per expositionem: quod falsum est. Et propositiones tales veras per
381 1395 1843 1453 talem expositionem consuetum est apud doctores veras esse per identitatem. Et bene verum est quod
398 1433 1836 1486 verae sunt per identitatem, sed non absolute, sicut illae sunt verae in quibus idem praedicatur de seipso,
391 1475 1851 1530 vt Deus est deus, deitas est deitas: sed solummodo per expositionem, sicut dictum est. & sic illae in qui-
386 1524 1842 1581 bus praedicatur idem de se sunt verae primo modo identitatis, illae autem exponendae non nisi se-
385 1572 1845 1622 cundo modo identitatis. Et loquendo de tali modo veritatis concedo simpliciter & absolute quod o-
397 1616 1845 1665 mnes tales propositiones in diuinis ex quibus non accidit periculum seu occasio erroris: sed po-
379 1658 1855 1711 tius euitatur: secundum dictum modum, verae sunt & concedendae: non tamen concedendo quod verae
380 1702 1849 1763 & concedendae sint simpliciter & absque expositione aut aliter quam per identitatem: qua scilicet vna &
392 1745 1852 1810 eadem res singularis est subiecti & praedicati: qua praedicatum & subiectum habendo in se illam
386 1795 1838 1849 eandem rem sub diuersis rationibus sunt idem penes secundum modum identitatis: sicut cum prae
390 1839 1845 1892 dicatur aliquid de seipso secundum eandem rem & secundum rationem eandem. Vt cum dicitur
388 1886 1851 1932 deitas est deitas, praedicatum & subiectum sunt idem secundum primum modum identitatis. Omnes
396 1932 1853 1980 autem propositiones illae diuinarum praedicationum in quibus periculosum esset & erroris occa-
387 1978 1845 2025 sio ipsas concedere esse veras absoluta praedicatione: etsi verificari possent per expositionem dicto
384 2017 1853 2076 modo, simpliciter sunt negandae, vt sunt illae in quibus persona affirmatur de persona, vt pater est
387 2064 1850 2116 filius. Licet enim verificari posset per expositionem, scilicet quia pater est id quod est filius: & id quid pa-
384 2116 1838 2167 ter est filius est, sicut neganda est, id quod est bonitas, & id quid est magnitudo, est id quod est bonitas:
386 2152 1858 2212 propter tamen periculum erroris & occasionem quae daretur in illam concedendo, ideo sicut absolu
396 2203 1843 2262 ta praedicatione est falsa sic est simpliciter neganda: & non propter verificationem per expositionem
395 2250 1857 2298 est concedenda: cum tamen ista, magnitudo est bonitas, licet absoluta praedicatione sit falsa, non ta-
398 2292 1856 2343 men simpliciter est neganda: sed quia per expositionem verificari potest, simpliciter est conceden-
389 2340 1854 2387 da propter occasionem vitandi erroris quae ex hoc datur vt dictum est. Hoc igitur modo ponen
393 2380 1863 2436 do huiusmodi propositiones veras esse & concedendas, respondendum est ad tria media inducta
402 2430 1857 2482 in principio corporis solutionis. ⁋ Ad primum igitur quod dicit: si propositiones aliquae dicerentur ve-
398 2474 1858 2519 rae per identitatem: sic possent dici verae per aequalitatem: quia sicut in diuinis est identitas inter sub
394 2515 1848 2568 iectum & praedicatum semper: sic & aequalitas: Dico quod non dicuntur dictae propositiones verae per
396 2560 1849 2620 identitatem qua praedicatum est idem subiecto secundo modo identitatis prout procedit obie-
393 2605 1851 2661 ctio: sed propter identitatem primo modo identitatis, qua vna & eadem est res singularis in praedicato
401 2653 1863 2704 & subiecto, quae est eadem sibi non aequalis. licet ad hanc identitatem qua res praedicati & subiecti est eadem sibi
379 2694 1867 2756 sequatur alia qua praedicatum est idem subiecto & econuerso. ⁋ Ad secundum de genere & differentia: Dico quod
