2017 3057
249 256 1640 319 non est simile: eo quod licet idem significent & genus & differentia, significant tamen diuersa inten-
249 314 1628 361 tione, quae compositionem quandam faciunt in specie: quae diuersitas illam praedicationem impedit
249 356 1631 403 sic quod nec per expositionem debet recipi. In diuinis autem essentialia significant idem re solis ratio
243 399 1638 463 nibus diuersum: quae non tantum repugnant, quantum diuersae intentiones: propter quod istae propter
248 444 1629 505 verificationem ipsarum per expositionem simpliciter concedendae sunt, licet non illae. ⁋ Per idem pa-
246 489 1622 549 tet ad tertium de personis: dicendo quod illarum praedicatio (vt dictum est) non est recipienda per expo
242 531 1618 576 sitionem propter diuersitatem relationum oppositarum: quae tantum distinguunt personas quantu ge-
251 572 1632 632 nus & differentiam dictae intentiones: praeter hoc quod intentionum diuersitas ponit in re compositionem:
252 614 1619 663 non autem diuersitas relationum. Et sic re vera non est vniuersaliter verum quod per identitatem rei
245 661 1622 707 eiusdem singularis praedicati & subiecti propositio potest dici vera & per expositionem verificanda, sed hocso
237 701 1628 749 lummodo verum est quando per talium propositionum concessionem non datur occasio errandi: sed potius
246 747 1628 807 errorem vitandi. Et ideo dico sicut dixi supra, quod in diuinis non valet haec forma argumentandi: prae
246 790 1625 835 dicatum est idem subiecto in eo quod est eadem res singularis vtrobique: ergo concedenda est tanquam ve-
242 834 1628 887 ra. Hoc enim verum est in omnibus praedicationibus inter terminos diuinos, quod praedicatum est idem
249 873 1619 924 subiecto in eo quod eadem est res singularis vtrobique. ergo & in hac, pater est filius: sicut in hac, pater
246 916 1630 970 est deus aut magnitudo est bonitas. lterum illa pater est filius & sibi consimiles non sunt conceden
250 961 1631 1010 dae tanquam verae etiam per expositionem: cum tamen sint plures aliae illo modo concedendae. ⁋ Ad se-
249 1006 1619 1052 cundum principale ad quaestionem: quod quaecunque sunt in diuinis inter se differunt formalibus ra-
243 1045 1632 1108 tionibus: ergo abinuicem praedicari non possunt: Dico quod verum est praedicatione absoluta de quod est,
248 1090 1628 1141 qua dicitur hoc est hoc: in abstractione vtroque vel altero existente: licet possint aliqua & aliqua non
249 1137 1629 1186 possint praedicari sic abinuicem per expositionem secundum modum iam expositum. Praedicatione
244 1184 1619 1239 tamen non de quod est, & de esse qua hoc dicitur esse hoc simpliciter & omnino: sed praedicatione de quo
249 1218 1619 1277 est & de inesse: qua hoc scilicet dicitur inesse per quandam informationem vel quasi in subiecto
241 1265 1616 1325 quod ex hoc illo est aliquid vel ad aliquid secundum praeexpositum modum: bene possunt concreta prae
255 1310 1623 1359 dicari de concretis: & hoc singula de singulis. illis duntaxat exceptis in quibus occurrit relatiua op-
252 1352 1634 1398 positio siue per contrarietatem, vt in personis & in relatiuis proprietatibus personarum: quibus in-
252 1388 1638 1437 ter se ex opposito referuntur: siue per disparationem vt in spiratione actiua ad generare & ge-
249 1434 1628 1487 nerari. Propter quod haec nec in concretione deinuicem possunt praedicari: caetera autem omnino, pu
252 1477 1638 1522 ta essentialia, in concretione deinuicem & de personis praedicari possunt: non autem de proprieta
241 1522 1641 1581 tibus personarum vt supponunt pro eo quod significant: quia praedicata essentialia secundum se sunt
243 1565 1626 1625 aliquid: & subiecta sua de quibus praedicantur concretiue ipsis habent esse aliquid. Proprietates au
248 1610 1632 1655 tem personarum eo quod relationes, inquantum sunt relationes purae, nec secundum se sunt aliquid, vt
243 1651 1626 1699 habitum est supra: nec aliquo possunt esse aliquid: sed solummodo sunt ad aliquid. Vnde rationem
240 1700 1631 1755 subiecti informati aliquo substantiali habere non possunt: nisi ratione suppositi quando suppo-
236 1737 1631 1781 nunt non pro significato, sed pro supposito: aut forte realitatis contractae: & tunc solum essentia-
242 1781 1621 1839 lia de illis praedicari possunt in concretione: & econuerso personalia de essentialibus similiter in concretio
248 1824 1620 1881 ne. ⁋ Ad tertium probans quod essentialia non possunt praedicari de personalibus in abstractione acce
253 1867 1620 1922 ptis essentialibus: Dico quod verum est nisi secundum iam expositum modum in solutione primi
237 1913 1622 1967 argumenti, scilicet per expositionem, siue personalia accipiantur in abstractione siue in concretio
244 1954 1626 2014 ne. ⁋ Et quod arguitur etiam contra hoc quod tunc personale subiectum secundum se esset aliquid, quod
256 1997 1629 2052 praedicatum secundum se aliquid est, puta deitas vel bonitas: Dico quod verum est quod subiectum persona
244 2044 1626 2097 le secundum se est aliquid quando praedicatur essentiale de personali quod persona est: quia persona est
245 2085 1627 2142 aliquid secundum se ratione essentiae quam in suo significato includit: & per hoc est id quod est praedica-
253 2126 1628 2176 tum. Sed dico quod non est verum quando essentiale praedicatur de personali quod est proprietas super
245 2170 1635 2225 ponens pro significato: quia ipsa proprietas pro significato supponens non est aliquid secundum
246 2210 1616 2271 se: & propter hoc non est id quod est, id quod est praedicatum. Et sic bene verum est quod nec per identitatem
244 2258 1623 2301 siue per expositionem, potest in abstracto praedicari essentiale de personali, siue abstracto, siue con
244 2296 1616 2352 creto: quia praedicato existente in abstracto non est praedicatio de quod est per identitatem aut pri-
237 2342 1623 2402 mo aut secundo modo identitatis: nisi forte considerando relationem quam importat proprietas ra-
244 2380 1632 2442 tione realitatis contractae a suo fundamento, quae in diuinis non potest esse alia a realitate fundamen
242 2426 1631 2476 ti: etsi forte in creaturis esset alia res ipsa characterizatio a fundamento in relatione quam sit res fun
252 2470 1629 2525 damenti. Ratione autem illius realitatis contractae in relatione bene praedicaretur essentiale de pro-
254 2516 1620 2573 prietate existente & in abstractione per expositionem & praedicatione de esse primo modo identi-
236 2558 1620 2615 tatis, & in concretione per informationem praedicatione de inesse. Sed essentiale praedicatur de personali quod est pro
239 2601 1620 2670 prietas supponens: per quam etiam bene verum est quod subiectum quod est proprietas ratione personae pro qua supa
