2017 3179
427 226 1904 298 homine: aut ratione realitatis contractae a fundamento: nec repugnaret modus significandi nomi-
427 294 1896 341 naliter & adiectiue: vt ratione paternitatis aut filiationis significantis concretiue tantum propter mo-
435 338 1909 398 dum significandi verbaliter siue actiue siue passiue: nullo modo praedicari possunt de essentiali:
439 377 1901 434 quia non egreditur actio nisi a supposito: sicut nec terminatur: sed essentiale est solummodo ratio
446 430 1907 485 eliciendi illam. prout in dicta quaestione plus est explicatum. Vnde ista praedicatio personalis de es-
439 467 1901 524 sentiali per expositionem & per quancumque identitatem recipienda non est: licet forte possit recipi ex-
450 513 1908 563 positione contraria iam dicta: sic dicendo, essentia generat: quia ille qui est essentia dicto modo, sci-
446 562 1905 617 licet pater, generat. ⁋ Ad decimumtertium quod personalia aut personae non possunt praedicari abin
448 605 1896 664 uicem: quia aut sunt disparata aut contraria: Dicendum est secundum superius dicta. ⁋ Ad decimumquartum quod
440 647 1908 705 essentialia non possunt abinuicem praedicari: quia pertinent ad voluntatem & intellectum, qui non
446 695 1897 753 praedicantur abinuicem: Dico quod omnia essentialia deinuicem praedicantur maxime in concretione
439 738 1898 784 nisi aliquid speciale obuiet quod absurditatem inducat: vt quod intelligens est volens, bonum est verum:
439 782 1909 835 bene concedendum: & quod per expositionem intellectus est voluntas: & quod bonitas est veritas. Absur
442 823 1899 875 ditas autem talis praecipue contingit quando essentiale significatur per modum actus: qui sibi de-
437 876 1903 932 terminat non solum rationem suppositi in elicitiuo & terminatiuo alterius: sed etiam rationem in
447 917 1905 965 illo quo elicitur vt actus intelligendi intellectum & volendi voluntatem. Propter quod licet re in
448 961 1899 1019 deo idem sint intellectus & voluntas: ista tamen non recipitur quod deus voluntate intelligat: necilla-
447 1005 1905 1055 deus intellectu vult. ⁋ Ad decimumquintum quod idem essentiale non potest praedicari de seipso con
437 1056 1903 1109 creto in abstracto: nec econuerso: quia si deitas est deus: & deus generat: ergo deitas generat: & econ
440 1094 1897 1158 uerso si deus est deitas: Deitas autem non generat: ergo deus non generat: Dicendum quod in vtroque pro
436 1139 1902 1190 cessu est fallacia accidentis ex variatione medii. In primo enim deus ratione eius quod est praedica-
435 1186 1899 1232 tur de deitate: sed ratione qua est suppositum, de ipso praedicatur generare: & ideo propter medii
444 1233 1894 1287 variationem non oportet extrema coniungi dicendo deus non generat. Et similiter in secundo dei
441 1277 1903 1331 tas ratione eius quod est praedicatur de deo: & eo quod non habet rationem suppositi, ab eo remouetur gene
437 1322 1616 1368 rare. & sic vt prius propter variationem medii non oportet extrema coniungi.
443 1371 1907 1465 ⁋ Ad primum in contrarium quod singula in diuinis possunt praedicari de diuinis:
450 1446 1908 1504 quia sunt vnum & idem re singulari: & idem vere de seipso praedicatur: Dico quod licet eadem sit res
444 1497 1914 1552 omnium diuinorum pro quanto aliquid sunt etiam relationum siquid sunt praeter modum quid est
446 1545 1905 1603 ad aliud esse: tamen sub diuersis rationibus in diuersis diuinorum nominibus significatur. Propter
438 1586 1909 1646 quas licet ratione illius rei praecise singula de singulis possent praedicari: tamen propter illas diuer
428 1633 1909 1691 sas rationes nullum illorum potest de alio praedicari praedicatione absoluta, dicendo hoc est hoc to-
437 1675 1905 1730 taliter secundum primum modum identitatis: sed solummodo per expositionem & identitatem pe
433 1725 1905 1781 nes secundum modum identitatis: quo diuersa eadem sunt secundum aliquod quod commune est ambobus.
444 1762 1897 1826 sed hoc non semper, vt iam supra in solutione primi argumenti est expositum. ⁋ Ad secundum quod
440 1809 1902 1858 essentialia possunt praedicari de personis & econuerso: quia in diuinis est idem quod est & quo est:
440 1859 1897 1915 quod est, est essentiale: quo est, est personale: ergo &c. Dico quod quo est & quod est tam in diuinis quam in crea
432 1899 1896 1950 turis dupliciter accipiuntur. Vno enim modo quod est appellatur subsistens siue suppositum, &
427 1946 1906 2005 quodcunque in se & secundum se existens vt homo: & quo est appellatur forma qua existit hoc quod
428 1988 1905 2040 est, vt humanitas est qua homo existit homo. Alio autem modo quod est & quo est non dicuntur
440 2032 1899 2095 nisi aliqua quae sunt ipsius subsistentis & in ipso. Primo igitur modo quod est tam in diuinis quam in
429 2081 1899 2138 creaturis non est nisi subsistens siue suppositum: & vtrobique dupliciter: siue definitum & singula-
437 2120 1894 2172 re, vt in creaturis Petrus Paulus: in diuinis pater filius & spiritus sanctus: siue indefinitum: & hoc
435 2166 1895 2222 differenter vtrobique: quia in creaturis est suppositum indefinitum significatione & suprpositio-
428 2208 1905 2259 ne simul: quia indefinitum in creaturis significat aliquid vniuersale commune pluribus supposi-
428 2257 1900 2317 tis singularibus, quod indefinite se habet ad singularia significata in illis: & etiam indefinite supponit
429 2301 1897 2363 pro illis. vt homo significat humanitatem: quae indefinite se habet ad humanitatem Petri & huma
435 2347 1903 2391 nitatem Pauli: & supponit indefinite pro Petro & Paulo. In diuinis autem non est suppositum in-
424 2393 1894 2452 definitum significatione sed suppositione tantum: quia suppositum indefinitum in diuinis significat
434 2430 1906 2496 idem singulare absolutum quod significat singulum singulare suppositum. vt deus significat sin-
435 2481 1897 2529 gularem diuinam essentiam sub ratione substantiae vt eius deitatem: quam etiam & sub eadem ratio
420 2525 1899 2575 ne significat singulum suppositorum, puta & pater & filius & spiritus sanctus: sed supponit
423 2563 1893 2626 indefinite pro quolibet illorum quantum est de se: licet sint indiuisa illis & communia per indiui-
420 2611 1895 2690 sionem essentialia omnia: & in nulla propositione in qua praedicatur essentiale, possit propositio verificari
