2017 3296
414 280 1898 371 sub ratione esse spiritualis. Alio modo secundum habitudinem qua nata est in se subsistere, & allicien
410 335 1898 417 do eam sibi attrahere & in se quietare. Secundum hoc ergo dupliciter habet res esse obiectum per se
422 376 1886 459 naturae intellectualis: & tantum dupliciter, quod non est alia habitudo rei ad ipsam. Et propter idem so
424 432 1893 509 lum est duplex actus naturae intellectualis erga res, & non nisi duplex modus potentiae, duplici ha
415 469 1904 553 bitudini dei & rationi obiecti, & duplici actui respondens. Secundum primam autem habitudi-
410 517 1892 603 nem comparatur res ad naturam intellectualem vt apprehensibile quoddam: secundum secundam vt
427 560 1893 647 affectatiuum quoddam. Et secundum hoc duplex est modus potentiarum naturae intellectualis tam
425 606 1892 686 tum, scilicet modus potentiae apprehensiuae, quae vocatur intellectus aut ratio: & modus potentiae as
412 660 1906 738 fectatiuae, quae vocatur voluntas. Et ita oportet ponere quod in deo differant vt diuersae potentiae volun-
425 705 1901 778 tas & intellectus, & quod non sit in ipso potentia tertia quae nec sit ratio siue intellectus, aut voluntas. Et
427 743 1896 822 similiter oportet sentire de actibus eorum qui sunt velle & intelligere, quod inter se differant, & quod non
421 787 1905 865 sit ponere aliquem alium actum in deo differentem ab istis. Et secundum hoc concedenda est ratio ad
428 858 777 918 istam partem adducta.
426 892 1898 993 ⁋ Ad primum in oppositum quod in diuina essentia non solum differunt ratione bo
423 946 1902 1034 num & verum, sed plurima alia: dicendum quod verum est, sed non omnia differunt inter se secundum
434 1014 1908 1080 proprias rationes obiecti: immo omnia alia a bono & vero, etsi differunt inter se ratione, hoc non
423 1050 1907 1129 est ratione obiecti, qua scilicet diuersimode respiciunt naturam intellectualem in deo secundum
421 1099 1899 1176 modum praedictum, sed ratione subiecti, qua scilicet natura intellectualis in deo quasi mota a ratione
427 1137 1901 1225 obiecti, sub ratione obiecti considerat ipsam rem secundum illas diuersas rationes: quae potius sunt
423 1180 1902 1264 rationes distinctae in re ex consideratione animae circa eam, quam rationes secundum quas debet distin
439 1228 1904 1319 gui aliquid in ipsa eius natura. Sic enim differunt in deo rationes entis & vnius, & siqua sunt huius
427 1283 1914 1356 modi. Nunc autem (vt dictum est) non quaelibet diuersitas rationum est secundum quam sumitur diuersitas
443 1320 1915 1398 actuum aut potentiarum, sed illa quae est per se obiecti secundum quod est obiectum. & illae non sunt nisi duae,
427 1363 1911 1450 scilicet veri & boni, vt dictum est: penes quas distinguuntur intelligere & velle. Et ideo secundum
433 1419 1907 1491 rationes alias quotquot sint non distinguuntur aliqui actus, vt dicium est. ⁋ Ad secundum: quod for-
440 1456 1916 1535 ma deitatis perfectissima est, ergo plurium actionum principium: Dicendum quod verum est. quod ta
441 1502 1920 1584 men cum hoc quod est principium actionum plurium, tanto est principium eorum modo simpliciori &
448 1551 1916 1639 paucioribus intermediis, & minori determinatione. Vnde non cognitiua non agunt neque mouen
449 1594 1905 1681 tur in aliquid per appetitum nisi in id ad quod natura determinantur: & habent paucas actiones & mo-
445 1641 1906 1719 tus, quia non ordinantur ad magnum gradum perfectionis, & sunt remotissima a primo principio per-
444 1679 1904 1763 fecto in quod motu suo omnia tendunt. Alia autem superiora quia ad maiorem perfectionem ordinam
441 1726 1916 1811 tur, plures habent motus: & pluribus motibus ordinantur ad bonum perfectius sibi adipiscendum,
444 1772 1907 1863 sed minori determinatione. vt patet in cognitiuis sensitiuis tantum, in quibus forma determinatur
457 1815 1920 1910 per materiam quo ad suam essentiam & suum esse & suam operationem. Et adhuc sunt plures in cogniti-
451 1863 1911 1956 uo rationali a forma indeterminata per materiam secundum essentiam, & sic secundum esse & quodam
446 1912 1907 1990 modo secundum operationem: & adhuc plures formae omnino abstractae a materia, limitatae tamen in
444 1952 1917 2041 natura & essentia, sed plurimae formae omnino illimitatae: quae operatur omnia in omnibus seipsa solum
450 1997 1906 2082 modo, intelligendo & volendo omnia, intelligendo & volendo seipsam, vt in parte supra tactum est, & amplius
445 2045 1918 2131 inferius debet determinari. vt sic quantuncumque multae sint eius operationes, omnes tamen debent re-
452 2094 1923 2174 duci ad actum intelligendi & volendi, quia intelligendo & volendo seipsam omnia operatur, secun
449 2163 1074 2236 dum quod ex infra determinandis patebit.
710 2202 1918 2316 lrca secundum arguitur quod velle sit principalior actio in deo quam intelligere,. primo
692 2270 1918 2362 sic. illa actio est principalior in superiori natura, quam habet omnino differentem ab
715 2321 1922 2397 actionibus naturae infimae, quam sit illa quam habet conuenientem quoquo modo cum
734 2371 1916 2454 actione naturae infimae, quia illa prior non conuenit ei nisi secundum rationem qua
739 2409 1917 2490 praecellit & differt a natura infima. Illa vero secunda secundum rationem qua con
729 2450 1920 2547 uenit cum ipsa. & superius atque principalius in ea est illud quo differt quam quo con
725 2500 1912 2593 uenit. vt rationale in homine quo differt a bruto, quam sensibile quo conuenit cum
461 2551 1916 2643 eodem. velle autem cum sit quiddam appetere, sicut voluntas est quidam appetitus, est actio in qua
455 2591 1910 2693 quoquo modo co uenit deus cum infimis & inanimatis etiam, quia in ipsis est appetitus, &eis con
470 2637 1915 2728 uenit appetere. Et intelligere est actio qua differt ab eis, quia nullum genus cognitionis habent, vt pa
458 2676 1918 2774 tet ex supra determinatis. ergo &c. ⁋ Secundo sic. actio quanto est circa obiectum simplicius & spiri
464 2725 1927 2830 tualius & magis abstractum, tanto est simplicior & spiritualior & magis abstracta, quia secundum Philosophum
