2017 3268
428 265 1917 341 rei & imperfectione. dicente Philosopho in ii. cae. & mundo. Res bona est completa existens absque opera-
433 318 1918 387 tione qua acquirit bonitatem: & res propinqua illi recipit eam opeatione vna parua: & res login-
425 368 1915 437 qua est res quae recipit eam operationibus multis. Et dat exemplum de sanitate in hominibus, quod quid
429 419 1904 480 dam sunt sani absque omni operatione exercitii diaetae aut minutionis: quidam vero acquirunt sibi sans
425 466 1921 525 tatem modico exercitio: quidam non nisi multis horum. Vnde homo propter imperfectionem naturae in genere in
425 511 1909 565 telligentium, perfectam bonitatem qua supernaturaliter perficitur, & appropinquat summo bono, non habet
425 558 1907 617 nisi per multam operationem. Angelus vero quia superioris & perfectioris naturae est, habet eam vnica ope
429 605 1908 664 ratione: quia in primo actu suae conversionis ad deum. Deus autem quia est supremae & perfectissimae naturae
428 645 1914 714 integram hambens bonitatem, ideo habet eam absque omni opeatione qua sibi eam acquirat. Et ideo vere est
422 690 1914 755 summe bonus naturae suae necessitate propter eius omnimodam perfectionem, vt perfectio naturae suae sit ra-
428 746 1913 810 tio quae est bonus perfecta bonitate, non aliqua operatione voluntati in ipso, econtrario ei quod contingit in creaturis.
434 803 1923 893 ⁋ Ad primum in oppositum: quod summum dicit gradum determinatum: Dicendum quod
433 868 1908 928 gradus potest dici determinatus ex parte modi comparationis, vel ex parte rei comparatae. Primo mo-
430 925 1919 979 do summum dicit semper gradum determinatuum scilicet superlatiuum. Secundo modo dicit gradum determi
415 973 1921 1029 natum in solis creaturis, in quibus comprabilia non habent esse nisi finitum: in deo autem nequaquam: quia
421 1011 1915 1076 eius bonitas infinita est, vt infra patebit. ⁋ Ad secundum quod bonum creaturae additum bono creatoris fa-
424 1056 1924 1114 cit bonum melius: Dicendum quod non est verum: quia quod duo bona coniuncta faciant melius vtroque sepa-
425 1106 1913 1155 to: hoc non contingit nisi in pure vniuocis bonis, quae sunt nata facere vnum vel vniri in aliquo vno
422 1150 1923 1207 bono: quemadmodum melius est denarius argenteus cum denario cupreo quam alter per se: quia bonum praecii
428 1202 1924 1260 vtriusque natum est vniri in precio denarii aurei: non autem in aequiuocis vel analogis: quae sic se habent
418 1249 1927 1307 quod ratio vnius perfecte includitur in ratione alterius: qualia sunt bona creatoris & creaturae, ex quibus non
421 1296 1919 1356 est natum fieri vnum: quia non habent rationem vnam boni, neque nata sunt vniri in vna ratione boni: quem
416 1336 1921 1387 admodum neque album in voce, & album in colore: & ideo non est albius vtrumque simul quam seorsum. Bo
415 1383 1919 1435 num etiam creaturae perfecte includitur in bono creatoris: & ideo non resultat aliquod melius ex ambobus quam est
421 1427 1908 1480 solum bonum creatoris. Sicut econuerso bonum substantiae & accidentis, licet sint analoga, simul
415 1477 1926 1539 constituunt aliquod melius quam sit aliud per se: & hoc ideo: quia ratio bonitatis accidentis non includitur
420 1524 1931 1570 omnino in ratione bonitatis substantiae. ⁋ Ad dissolutionem tertiae rationis sciendum, quod est duplex bo-
428 1572 1914 1623 num in creaturis, vt dictum est supra. Vnum quod consistit in natura & essentia rei: & pertinet ad rei perfectio-
410 1620 1913 1673 nem in suo esse primo substantiali. Alid quod est supadditum naturae & essentiae: & pertinet ad perfectio
418 1665 1920 1714 nem in suo secundo accidentali, siue in suo bene esse. Propter quod, bonum primum est esse rei simpliciter
423 1713 1913 1766 & bonum secundum quid. Bonum vero secundum, est bonum rei simpliciter & esse secundum quid. Bonum pri
410 1758 1917 1807 mo modo inest cuilibet rei tam creatae quam increatae necessitate naturae: sed creatori ex se & per essentiam
410 1807 1921 1865 & creaturae participatione, & ab alio: & ideo perfectius conuenit deo quam creaturae, vt dictum est. Bonum se
410 1857 1923 1917 cundo modo in deo incidit in idipsum cum bono primo modo, quo ad modum habendi: & differt
415 1895 1917 1951 ab illo sola ratione nostri intellectus: & habetur in deo sola necessitate naturae: & est in ipso quasi
422 1945 1914 1999 habitus naturalis voluntatis diuinae, inclinans ipsum ad volendum omne bonum, vt determinabi
412 1995 1919 2046 tur infra: vt actus diuinae voluntatis non sit aliquo modo etiam secundum rationem nostri intelle-
409 2036 1916 2093 ctus, ratio qua deus sit bonus: sed econuerso quod est bonus: est ratio suae voluntatis. Quia id cuius
422 2092 1914 2149 voluntas est ratio, est quasi acquisitum bonum per voluntatis operationem. Nunc autem perfecti
410 2134 1921 2190 us est bonum habere absque operatione qua acquirat illud sibi. hoc enim est de imperfectione: quod sibi
411 2179 1923 2233 desit aliquid de sua perfectione in bene esse, vt dictum est secundum Philosophum. Et sic glo-
410 2230 1926 2280 riosius & laudabilius habet deus quod sit bonus ex necessitate naturae suae etiam de bono quod pertinet
421 2275 1919 2324 quasi ad bene esse naturae, quam habeat creatura illud quacunque voluntatis operatione. Et de tali bo-
422 2318 1927 2369 no quod pertinet in creaturis ad bene esse: & in deo quasi ad bene esse, procedit obiectio. ⁋ Ad quam di
415 2368 1922 2417 cendum quod aliquid potest haberi libertate voluntatis vel propriae vel alienae. Si alienae: sic omnino per-
406 2411 1916 2471 fectius & nobilius gloriosius & laudabilius habet id quod habet necessitate naturae propriae, quemad-
407 2462 1917 2509 modum habetur bonum vtriusque modi a deo: quam id quod habetur libertate voluntatis alienae: quemadmodum
419 2500 1926 2562 habetur bonum vtriusque modi a creaturis, quia a libera voluntate dei, vt infra videbitur. Si propriae
412 2549 1929 2616 & hoc quemadmodum in hominibus & angelis habetur gloria merito voluntatis propriae cum gra
410 2600 1923 2661 tia secundum fidem catholicam: vel quemadmodum secundum Philosophum, sola operatione pro-
416 2646 1921 2709 pria illa quae sunt post bonum primum perfectum acqurunt sibi bonum suum perfectum: tunc distinguen
413 2696 1930 2756 dum: quia aut bonum vtrunque (scilicet quod in vno habetur necessitate naturae, in alio vero volunta-
394 2737 1916 2792 tis libertate) pertinet ad bene esse vel quasi: vel vnum in vno ad esse: aliud vero in alio ad bene esse.
397 2784 1921 2868 Si primo modo: sic adhuc gloriosius habetur cum habetur necessitate naturae: & est deus gloriosus iu
