2017 3170
398 237 1848 316 sunt actus manentes, dicendo pater intelligit siue est intelligens: vult siue est volens: similiter filius & spi
402 305 1848 367 ritus sanctus: & tamen non sunt vnus volens aut vnus intelligens: sed tres volentes aut intelligentes. Actus
398 347 1857 405 autem transeuntes non ad aliud extra: sed ad alium intra communiter a pluribus, non possunt esse nisi
409 388 1865 457 personales: qui non potest esse nisi vnus personalis: qui sigillatim conuenit duobus tantum: cuiusmodi est spi
403 438 1856 498 rare. Dicitur enim pater spirat seu spirans est, & similiter filius: & tamen non est vnus spirans: sed duo spi
405 483 1851 538 rantes. Actus vero transeuntes ad aliud extra, essentiales sunt: & sigillatim conveniunt tribus: cuiul
417 526 1853 583 modi sunt creare: dicendo pater creat, filius creat, spiritus sanctus creat: & non sunt vnus creans: sed
409 570 1866 636 tres creantes. Et in omnibus huiusmodi vna causa est, videlicet quod talia praedicata denominant personas
416 618 1853 676 vt actus ab eis egrediuntur. Nunc autem ita est, quod licet vnum illud singulare sit in personis ratio agen
418 662 1868 717 di omnes diuinas actiones: principium tamen elicitiuum illarum non sunt nisi personae vt personae sunt
410 710 1852 760 a quibus vt a principiis agentibus egrediuntur. Propter quod licet sit vna actio duarum vniversaltrium
425 752 1862 805 ndiuisa, propter tamen significandi modum illius in secundum actum eliciendo non simul denominant
416 792 1868 856 illos in singulari sed in plurali tantum. Quae autem secundo modo praedicantur de pluribus scilicet vt ordinan-
412 839 1866 898 tur ad actum simpliciter consideratum: & vt sunt causa seu principium illius simpliciter: dupliciter
410 885 1853 945 denominantur. Vno modo ab ipso actu. Alio modo a ratione elicitiua actus. Et primo modo non si
418 927 1866 992 gnificantur nisi nominaliter: sed aliter & aliter terminantur quando denominantur sic ab actu de futu
410 970 1865 1028 ro: & quando ab actu de praesenti: aut de praeterito. Quia ab actu de praesenti aut de praeterito denomi
408 1017 1860 1076 nantur nominibus terminatis in or, vt creator spirator. Ab actu autem de futuro denominantur no-
412 1069 1860 1122 minibus terminatis in uus, vt creatiuus spiratiuus. Et secundum quod diuersimode illae personae plures
410 1107 1871 1169 ordinantur ad actum vt simpliciter sunt causa seu principium illius, secundum hoc diuersimode sit
428 1154 1679 1206 praedicationum talium nominum sigillatim de singulis resolutio in singulari vel in plu
415 1197 1850 1252 sciendum quod plures personae diuinae possunt ordinari ad aliquem actum vnum simplicem vt simpli-
417 1239 1632 1297 citer sunt cam seu principium illius & ab ipso denominantur, dupliciter. Primo vt illae sunt vi
421 1296 1867 1341 vt sunt plures simpliciter: nec vt sunt plures vnitae. Secundo vt sunt plures, non vt sunt vnum aut sin
427 1338 1676 1393 gulae: nec vt sunt vnitae. Primo modo ordinantur plures personae diuinae solum ad actu
421 1382 1871 1428 vel absolutos intra manentes: cuiusmodi sunt intelligere, vel extra ad aliud transeuntes vt creare gu
418 1412 1875 1475 bernare: & hoc siue fuerit denominatio respectu actus de praesenti siue de futuro. & semper fit resolu
423 1465 1856 1522 tio in singulari, vt si liceat nomina fingi: dicendo de praesenti vel praeterito, pater est intellector, voli
419 1510 1869 1563 tor, creator, gubernator: similiter filius & spiritus sanctus: & tamen non sunt tres intellectores, voli-
420 1552 1875 1612 tores, creatores, gubernatores: sed vnus intellector, volitor, creator, & gubernator: vniversali de futuro: pa
423 1598 1871 1654 ter est intellectiuus, volitiuus, creatiuus, & gubernatiuus: & similiter filius & spiritus sanctus: & ta
416 1641 1867 1697 men non sunt tres volitiui, intellectiui, creatiui, & gubernatiui: sed vnus. Cuius ratio est quod actus de
422 1684 1865 1746 praesenti aut praeterito a quibus tales siunt denominationes, a pluribus personis diuinis proce-
425 1737 1858 1791 dunt in praesenti: aut processerunt in praeterito: vt personae illae plures sunt vnum per omnimodam vnita
418 1780 1871 1835 tem & identitatem & secundum rem & secundum rationem ipsarum in essentia deitatis, quae est in personis pluribus
433 1820 1868 1869 elicitiua dictorum actuum: & quae sic est vna & eadem vt est illorum elicitiua. Propter quod licet plures
419 1869 1865 1922 sunt qui agunt huiusmodi actiones, agunt tamen eas vt singuli: non sic quod illarum aliqua agit aliquam actio-
430 1904 1874 1965 nem essentialem quam simul aliae non agant: sed sic quod si per impossibile ponatur quod duae illarum aliquam di
431 1955 1864 2010 ctarum actionum non agant, puta creare, non sequitur ex hoc quod tertia non creat: aut quod sit impossi
432 2007 1868 2056 bile eam creare. Licet enim sit impossibile simpliciter quod vna diuinarum personarum aliquod essentia-
429 2042 1860 2092 le agat: quia respectu illarum indiuisa sunt opera trinitatis: tamen posito quod duae non creent: ex
433 2086 1872 2139 hoc non sequitur quod tertia non creet: tanquam incompossibile antecedenti illi quod tertia creet, quasi non pos-
434 2133 1867 2181 sit procedere actus essentialis qui est creare, nisi a pluribus personis simul: sicut non potest procedere persona
430 2178 1876 2227 lis actus qui est spirare, nisi a pluribus simul: quem idcirco spirant ptr & filius non vt singuli: sic quod aliquis
424 2222 1859 2280 illorum possit spirare sine altero: sed vt plures simul: sic vt neuter illorum possit spirare illum sine
424 2267 1866 2320 altero: immo quod hoc esset ponere (si poneretur) non solum impossibile secundum se: sed etiam incompossibi-
431 2314 1872 2368 le ponent scilicet quod dictas actiones essentiales agunt plures personae vt singuli, & ita secundum se non
431 2359 1862 2413 agunt eas vt plures simpliciter: quia tunc non agerent eas vt singuli, neque vt plures personae vnitae:
447 2405 1873 2458 quia tunc neutra illarum ageret eas secundum se. ⁋ Secundo modo ordinantur plures personae diuinae
428 2446 1869 2498 solummodo ad actum personalem qui est spirare: & respectu cuiuscumque temporis fuerit denominatio sem
441 2492 1867 2545 per fit resolutio in plurali: dicendo pater est spirator & spiratiuus: & similiter filius: & tamen non est vnus
428 2537 1863 2594 spirator aut spiratiuus: sed tantum duo spiratores & duo spiratiui. Cuius ratio est quod actus a quo tales
422 2580 1873 2634 fiunt denominationes, procedit a pluribus personis vt sunt plures per pluralitatem & diuersitatem
429 2623 1875 2677 secundum rationem ipsius vis spiratiuae, quae est voluntas libera: & inquantum in personis spirantibus est
435 2665 1881 2723 bifurcata. Voluntas enim quae in diuinis non potest esse nisi vnica: & tribus personis est communis atue
