2017 3148
386 243 1580 312 nales sunt praeuii ad actus essentiales extra. & sic nisi esset filii & spiritus sancti: non e
386 290 1722 352 dum: licet secundum praedicta esset sua ad intelligendum & volendum. Sed quod pater creat vol
397 332 1772 396 la vt est plurium: hoc solum est vt ratione sine qua non: quia sine illo vt dictum est, non esset sua ad cre
405 384 1586 437 & fortiori ratione nisi voluntas qua creat filius & spiritus sanctus esset patris, non
399 432 1770 492 la. Et cam iam dicta est causa propria: quia. scilicet filius & spiritus sanctus habent illam a patre. Et consin
394 471 1577 532 tione nisi voluntas qua creat spiritus sanctus esset filii: spiritus sanctus non posse
402 506 1842 579 etiam habet a filio sicut a patre. Voluntas autem respectu actus notionalis qui est spirare, quid speciali
404 567 1589 618 ter valet ad propositum, licet eadem sit in tribus personis vt est absoluta voluntas
411 599 1434 668 vt est ad actum spirandi est in solis patre & filio: non autem in spiritu sanc
403 649 1325 710 quod ordinantur ad actum spirandi non convenit voluntas vt est li
403 696 1437 758 pliciter: Sic enim nihil minus spiritus sanctus ordinaretur per eandem ad actum euns
413 735 1467 800 eundem actum volendi & creandi, ad quem pater & filius secundum dicta: sed solumt
403 781 1440 846 vnum in voluntate existente sub ratione respectus notionalis, per quem ips
410 824 1630 886 ratiua ad actum spirandi ordinata. Et hoc tripliciter, vel vt est ratio eliciendi actum spirat
410 878 1640 932 motissima: vel vt est ratio eliciendi ipsum mediata: vel vt est ratio eliciendi ipsum pro
414 910 1677 974 ta tanquam causa & in actu ad producendum aliquid in actu: & hoc quemadmodum in na
405 954 1610 1019 tentia volandi est prima in ouo remotissima: in volucri autem formata antequam plu
420 995 1851 1060 diata: in volucri autem iam plumata proxima & immediata: vt nihil restet vt volet nisi appetitus
407 1046 1625 1106 Et quolibet istorum trium modorum voluntas est ratio communis patri & filio in spil
416 1088 1719 1157 sanctum. Voluntas autem primo modo vt est ratio eliciendi ipsum actum spirationis remot
417 1141 1484 1198 est in patre & filio simul absque spiritu sancto communis ratio eliciendi ipsi
416 1175 1865 1244 ter & filius in illa sunt vnum. & hoc ab vnitate illius voluntatis, & hoc voluntatis vt habet rationem
415 1220 1862 1289 notionalis: quemadmodum ab vnitate voluntatis essentialis quae est principium creandi, tres perso-
414 1264 1868 1333 nae sunt vnum principium creandi spiritus sancti: vt supra declarauimus. Voluntas autem secundo mo
417 1309 1859 1374 do scilicet vt est ratio eliciendi ipsum actum spirationis mediata: ipsa similiter est in patre & filio simul
426 1361 1862 1420 absque spiritu sancto, existens ratio eliciendi ipsum actum spirandi non vt pater & filius in illa sunt
422 1397 1865 1466 vnum & singuli: sed potius vt in illa sunt plures: & hoc ab infinitatione ipsius voluntatis. Propter quam
422 1443 1871 1501 cum pater sit spirator & filius similiter: non tamen sunt vnus spirator: sed duo spiratores. Vo-
423 1491 1866 1548 luntas vero tertio modo, scilicet vt est ratio eliciendi actum spirationis proxima & immediata: ip-
419 1529 1868 1601 sa similiter in patre & filio simul absque spiritu sancto est communis ratio eliciendi actum spirandi: non
425 1572 1880 1640 vt pater & filius vnum sunt in illa ab vnitate ipsius voluntatis: neque vt plures sunt in seipsis: sed vt
423 1622 1871 1682 vnum sunt in illa ab vnitate vnionis illius per concursum illarum in vnum actum elicitum, prout di-
426 1667 1871 1727 uersi vna chorda trahentes nauem dicuntur vnum principium tractus: licet dicantur plures tractores
423 1711 1881 1769 vel plures trahentes. Per hunc ergo modum pater & filius dicuntur primo modo principium vnicum
420 1752 1878 1818 spirandi propter vnitatem voluntatis vt est in vtroque sub respectu ad actum spirandi vt ratio spirandi pri
429 1798 1884 1862 ma: & similiter dicuntur secundo modo plures spiratores propter vim siue rationem spiratiuam bifurca
422 1847 1874 1905 tam vt est ratio spirandi mediata: & tertio modo iterato dicuntur vnum principium spirandi propter
432 1891 1873 1945 eandem confurcatam vt est ratio elicitiua actus spirandi proxima. Pater enim & filius quasi voluntate bi
432 1931 1879 1994 furcata mutuo in sese quasi exufflantes aestum amoris sui de amore essentiali communi vtrique con
438 1985 1881 2033 cutiunt quasi in concursu duplicis flatus (qui tamen non est nisi vnicus re) amorem intentum qui est spiritus
439 2022 1881 2082 sanctus de amore essentiali: ad modum quo duo ediuerso sufflantes in carbonem ignitum concutiunt
428 2068 1877 2124 flammam. & tunc primo quasi concutiunt cum flatus sui concurrunt: & cum voluntas bifurcata facta est con
433 2111 1886 2167 furcata: in qua confurcatione voluntas duorum facta est concors. Et quia non habet respectum aliquem vt est
441 2163 1883 2210 in solo patre ad actum spirandi, sed cum simul est communiter in duobus, patre videlicet & filio: & vt sub re
433 2199 1877 2266 spectu tali bifurcatur secundum dictum modum: & iterum confurcatur: idcirco voluntas vt est vis spiratiua non
435 2254 1884 2302 est proprie a patre in filio: sed simul & aeque primo in vtroque. & hoc secundum ponentes quod spiritus san-
437 2293 1886 2351 ctus non potest procedere a solo patre. Secundum Graecos autem ponentes quod procedit a solo patre: si ponerent
443 2337 1883 2395 quod posset procedere ab ipso solo, etiam si per impossibile alius non spiraret: quod tamen procedat ab vtroque: quia
434 2392 1879 2439 pater vim spiratiuam qua solus etsi non spiraret alius, posset spirare, alter. scilicet filio communicat: tunc
429 2422 1887 2480 non aeque primo esset vis spiratiua in vtroque: sicut nec est vis volitiua respectu actus volendi essen
437 2471 1881 2525 tialis: & respectu actus creandi. Et secundum hoc quoquo modo aliter pater & filius communiter spirant
440 2516 1201 2574 quam tres personae communiter intelligunt aut creant.
446 2569 1891 2629 ⁋ Quod arguitur quod omnis praedicatio praedicta debet resolui in pluralem: quia per
437 2607 1884 2659 sonae plures simul in subiecto contentae non permittunt resolutionem in singulari: Dico quod verum est
421 2653 1882 2729 quantum est de ratione pluralitatis illarum ratione tamen vnius aut virtutis illarum in spirando secun
