2017 3016
268 264 1631 354 quamuis & hic possit ly solus accipi in alia significatione scilicet vt ponitur exclusiue, sub hoc sensu: illi so
256 339 1621 395 i id est nulli alteri. Non enim est inconveniens quod in vna oratione ly solus possit habere plures signi-
264 376 1631 435 ficationes: quia cum ly vnus aliquando ponatur pro eo quod est vnicus, non est inconveniens dicere quod in
262 424 1622 478 dicta propositione solus significet idem quod vnus. Vnde cum dicitur Exod. ix. Audi lfrael, domins deus
255 464 1622 521 tuus vnus est: vnus ibi idem est quod vnicus, quod per hoc dictum intendit Moyses excludere deo-
253 513 1634 565 rum possibilitatem: non supponere quod deus quem praedicauit esse colendum, sic vnus esset quod pos-
255 552 1622 598 sent esse plures, licet essent alii plures & ab aliis simul colendi. Et secundum hunc intellectum locu-
255 588 1627 647 tus est dominus, quando dixit Deuter. xxxi. Videte quod ego sum solus. Et vt declararet quomo-
252 632 1635 689 do solus, addidit. Et non est alius deus praeter me. Et hoc ad differentiam illorum de quibus de pro-
251 672 1622 722 ximo praemiserat: Vbi sunt dii eorum, in quibus habebant fidutiam: Vnde sic in ista significatio-
258 722 1632 774 ne diceretur addendo deus, videte quod ego sum solus deus. i. ille praeter quem non est alius deus.
263 764 1629 814 Si autem lysolus dicat remotionem associationis alterius ab eo cuius est determinatio in forma
265 805 1632 857 alia, aut secundum aliam rationem: in diuinis autem non est nisi forma eadem: sed secundum aliam & aliam
255 847 1622 897 rationem solum in diuinis personis & attributis: priuatio igitur associationis non est nisi inter per
250 886 1631 943 sonas aut attributa, & caetera essentialia. Sed hoc contingit dupliciter. aut enim solus dicit re-
256 930 1628 984 motionem alterius in forma essendi simpliciter, vt est, est primo adiacens: aut in forma essendi de-
252 976 1624 1028 terminata. Si primo modo, sic remouet associationem plurium personalium in deo vt essentialium in commu
264 1017 1622 1065 nicando actum essendi. In ista enim significatione, cum dicitur solus deus, remouetur ab vno aliquo
261 1060 1628 1117 quod vel qui deus est, personalis associatio alterius in communicando esse, significando quod non est nisi
265 1102 1632 1158 vna persona in deitate: aut existens secundum vnam rationem, scilicet deitatis: non bonitatis, magnitu
268 1144 1632 1195 dinis, & caeterorum talium. Et isto modo solus, significat idem quid solitarius. Et quia hoc est impos
255 1185 1632 1240 sibile, ideo sicut omnis propositio in diuinis est vera in qua ponitur solus in praecedenti significa-
258 1230 1632 1282 tione (in diuinis enim non est nisi vnicus deus, vnicus pater, vnicus filius, vnicus spiritus san-
255 1273 1634 1329 ctus, vnicus bonus, vnicus aeternus, & sic de caeteris) sic in altera omnis propositio est falsa. Li-
257 1305 1638 1362 cet enim pluralitas personarum & rationum essentialium recipiantur in deo, & vnitas essentiae, quae
249 1357 1626 1410 ambo secundum praedicta nomine trinitatis significantur: tamen vt dicit Hilari. nobis neque solitarius deus:
268 1401 1635 1445 propter vnitatem scilicet, neque diuersus, propter scilicet illam pluralitatem, confitendus est, vt as-
259 1447 1633 1495 sumptum est in primo argumento. Tunc enim proprie dicitur diuersum, quando sunt plura in
249 1485 1646 1537 abstracto vel absolutis differentia. Tunc autem proprie est solitudo, quando est vnicum sine omni plu-
255 1524 1631 1578 ralitate formam & speciem suam communicantium: secundum quod homo vnicus in mundo diceretur
258 1570 1623 1623 esse solus simpliciter, etsi esset cum multis aliis rebus quae non sunt homines: vt aliquis homo di
251 1611 1625 1664 citur currere solus, licet currat cum multis equis: & monachus dicitur esse solus vbi est cum mul
258 1653 1632 1696 tis laicis absque socio sui ordinis. Sic deus non potest dici solus propter pluralitatem personarum
254 1695 1635 1739 inseparabilem in vnitate essentiae. dicente Augustius vi. de triniitate. ca. iiii. Non inuenitur quomodo di
264 1738 1631 1791 ci possit aut pater solus, aut filius solus: cum semper atque inseparabiliter sint inuicem, neuter so-
264 1781 1620 1831 lus. Solum patrem dicimus patrem, non quia separetur a filio, sed quia non ambo simul sunt pater.
261 1821 1628 1866 ldem autem intelligitur & de spiritu sancto. Et per eundem modum non inuenitur quomodo possit
252 1866 1628 1912 dici aut aeternus solus, aut bonus solus, cum semper atque inseparabiliter sint inuicem: neutrum fine
258 1906 1622 1960 altero: & sic de caeteris. Non enim est deus sic aeternus quin etiam sit bonus: & sic de caeteris. Si au
254 1954 1621 1999 tem ly solus dicit remotionem associationis alterius ab eo cuius est determinatio in forma essen-
266 1988 1621 2038 di determinata, hoc iterum contingit dupliciter. Aut enim dicit remotionem associationis al-
260 2029 1627 2086 terius in forma essendi determinata secundum rationem intelligendi, aut secundum rationem essendi. Si pri-
255 2074 1629 2118 mo modo, sic remouet, vt prius, associationem in deo plurium essentialium, aut plurium in commu-
261 2120 1626 2168 nicando aliquem actum intellectus circa diuina. In ista enim significatione, cum dicitur solus deus,
260 2166 1619 2216 aut solus filius, aut aliquid huiusmodi, remouetur ab vno aliquo quod vel qui deus est, associa
259 2200 1619 2250 tio alterius in communicando eundem actum intellectus, significando quod non nisi vni personae, aut
261 2243 1628 2300 non nisi secundum vnam rationem alicui conueniat actus intelligendi. Secundum quem modum dicit Augustinus
261 2288 1628 2338 vii. de triniitate. cap. iii. Non maior essentia est pater & filius simul, quam solus pater aut solus filius. Et
268 2330 1621 2381 lib. viii. cap. ii. Filius & spiritus sanctus tam magnum aliquid sunt, quam solus pater. Et isto modo idem
261 2371 1631 2426 significat solus quod singulus: & sunt tales propositiones verae. Licet enim personae non sint solita-
262 2412 1638 2469 riae in essendo, sunt tamen singulae intelligendo illas respectu alicuius essentialis & communis sin
254 2455 1628 2517 gulis. Et sicut talia dicuntur de personis diuersis, sic possunt dici de essentialibus diuersis. Non
261 2504 1637 2552 enim maior est bonitas & aeternitas quam sola bonitas. Si autem ly solus dicit remotionem associa-
267 2543 1638 2598 tionis in forma essendi determinata secundum rationem essendi: hoc vlterius contingit dupliciter.
261 2585 1637 2643 Aut enim dicit remotionem in communicando formam aliam simul in aliquo supposito cum sua forma
