2017 3103
189 271 1615 345 actionibus diuinis transeuntibus ad extra: quia illae sunt (vt dictum est) aliae ab interioribus. Si
207 339 1613 394 vero specialiter intelligatur fieri exclusio ab vno actu interiori respectu aliorum interiorum. Dico quod
194 380 1616 442 si intelligatur fieri exclusio alterius actus neutraliter, vera est semper: quia cum affirmatiua vera, pu
187 426 1619 475 ta deus intelligit aut generat, etiam negatiua est vera, scilicet quod nihil aliud agit. Quia sicut persona
193 474 1622 526 quaelibet neutraliter loquendo, vna non est alia ab alia, nec ab aliquo quod est in diuinis: sic nec actio
190 515 1608 562 personalis ab essentiali manente intra: & multo minus neque essentialis actio ab alia. Si vero intelli-
192 558 1621 606 gatur fieri exclusio alterius actionis foeminine, semper est falsa: quia cum affirmatiua vera vt prius,
181 602 1617 649 semper negatiua est falsa, scilicet quod nullam aliam actionem agit. Quia sicut masculine loquendo quaelibet
186 644 1623 695 personarum est alia ab altera, & potest vna earum excludi ab altera, vt patet ex dictis, & amplius
188 693 1616 740 patebit ex dicendis: sic etiam foeminine actio generandi est alia ab actione spirandi: & hoc ratione
189 714 1650 783 relationum distinctarum. Et similiter forte (quod non assero) quaelibet actio essentialis, scilicet intel
184 772 1608 823 ligendi & volendi, altera est ab actione personali, & vna illarum alia est ab altera, licet secundum ra
183 820 1604 865 tionem tamen: etsi secundum modum quo vna eadem est alteri & praedicari potest de alia, nec potest
193 861 1605 909 vna ab altera excludi: & secundum modum quo vna earum est alia ab alia, nec praedicatur de illa, &
184 908 1608 958 sic potest excludi ab illa: & hoc maxime respectu alicuius in subiecto, cui congruit praedicatio,
188 949 1613 996 vt dicendo, diuinus intellectus intelligit, vel ratione alicuius determinationis in praedicato, di-
189 993 1606 1045 cendo intelligit intellectu. Quia enim intellectus non est ratio elicitiua actus volendi sed intelli
186 1037 1603 1093 gendi tantum, dicitur quod in talibus dictio exclusiua cadens super vnum actum excludit reliquum, vt
186 1082 1604 1138 actum volendi ab actu intelligendi, & econuerso: dicendo, diuinus intellectus tantum intelligit. Et
181 1126 1608 1178 similiter de voluntate respectu actus volendi. Quare multo fortius quilibet actus essentialis po
190 1168 1604 1221 test excludi a quolibet personali, & econuerso. Et sicut contingit hoc in praedicatis actiuis per ver
183 1209 1615 1262 ba actiua vel participia: sic idem contingit in praedicationibus passiuis per verba passiua aut par
189 1254 1611 1301 ticipia. Et non est differentia in aliqua talium propositionum siue subiectum fuerit essentiale, si-
194 1295 1607 1355 ue personale. Et secundum eundem modum quaecumque in diuinis sic conueniunt quod vnum vere prae-
178 1342 1618 1385 dicari possit de altero, excludi non potest ab altero, licet alias possit, etiamsi sit vnum de intelle-
183 1381 1615 1433 ctu & significato illius. Dicendo enim trinitas est tantum trinitas: sequitur, ergo trinitas eo quod pater, non
182 1431 1605 1482 est trinitas, nisi exclusione posita super subiectum. dicendo, tantum trinitas est deus: non sequitur, er-
181 1474 1605 1528 go pater non est deus: quia licet pater non sit trinitas, non tamen est aliud aut alius a trinitate:
186 1524 1600 1571 quia est aliquis in illa. Et eadem omnino intelligenda sunt de dictione exclusiua cadente super
184 1560 1614 1616 aliquid significatum hneutraliter, siue in praedicato, faciendo exclusionem respectu subiecti, & pri-
187 1601 1599 1659 uando alia a praedicato a consortio in subiecto, vel econuerso in subiecto faciendo exclusionem
184 1642 1605 1694 respectu praedicati priuando consortio in subiecto alia a subiecto: dicendo deus est solus pater:
185 1686 1604 1737 vel econuerso, solus pater est deus: & sic de caeteris: siue exclusio cadat super terminum essentia-
179 1735 1601 1786 lem: siue super personalem: siue vt est principale subiectum vel praedicatum, vt est determinatio
192 1783 1608 1827 alterius eorum. lsta enim, deus est solus pater, cum excludit neutraliter, vt sit sensus: Deus est
186 1826 1611 1881 pater, & deus non est aliud a patre, vera est: quia deus non est aliud quam id quod est pater: & non ex-
185 1869 1610 1915 cluditur filius nec spiritus sanctus. Cum vero masculine pro supposito determinato, vt sit sen-
183 1908 1614 1955 sus: deus est pater, & non est alius a patre, falsa est: quia deus est talius aliquis quam pater: quia aequa-
191 1952 1620 2000 liter vt deus est pater, est & filius & spiritus sanctus. & ibi excludatur filius, & similiter
192 1993 1617 2049 spiritus sanctus. Primo enim modo fit exclusio a patre ratione eius quod est in ipso: secun-
185 2041 1604 2094 do autem ratione naturae quae in ipso est. Sicut cum dicitur, solus deus est pater, secundum
200 2082 1614 2134 uod sit exclusio neutraliter, sit ratione significati: secundum vero quod sit masculine, sit ratione
182 2129 1603 2181 suppositi. Similiter cum sub dictione exclusiua praedicatur essentiale attributum quod in suo
185 2171 1603 2217 significato continet id quod est deus sub ratione determinata, puta qualitatis, cum dicitur bo-
185 2214 1608 2272 nus, sapiens: quantitatis, cum dicitur magnus, aeternus: quae in significatione attributi est, sicut
189 2259 1605 2315 quo est: dicendo pater est solus aeternus, aut solus est aeternus, aut solus sapiens: aut solum est sa
183 2304 1604 2362 piens: potest exclusio respicere id quod ipso termino significatur, aut rationem secundum quam signi
182 2347 1598 2399 ficat. Et primo modo proculdubio vera est, quia pater non est aliud quam id quod est aeternum: & non
186 2395 1607 2443 excludatur ipsum esse bonum vel sapientem. Cum vero masculine, falsa est, si forte exclusio prin-
186 2432 1603 2480 cipaliter respicit rationem secundum quam terminus ad significandum imponitur, & qua vnum essen
195 2476 1609 2527 tiale distinguitur ab alio, vt veritas a bonitate: intellectus a voluntate, & caetera huiusmodi. Si
189 2521 1600 2576 enim ita sit, videtur cum dicitur, deus tantum sapit, vel sapiens est, vel est solus sapiens, quasi inten
194 2562 1595 2616 datur quod sic est sapiens quod excludatur esse bonus vel aeternus, aut quod sapientia in ipso quandam prae
188 2610 1607 2659 rogatiuam habet. Et per hoc intelligitur, quid per quandam praerogatiuam deus quasi ipse non sit,
185 2649 1614 2720 aut non sit aliquid nisi sapientia siue per sapientiam: quod falsum est. Non enim est aliquid solum
