2017 3077
230 246 1634 339 Augustini sumptum in argumento de praedicatione essentiali, de personali. Vnde in fine assignando
236 313 1628 387 causam dicti sui, dicit quod inseparabiles sunt. Quia enim masculine ab vna persona respectu communis
230 357 1639 431 praedicati bene excludantur aliae, aperte insinuat Augustinus quando lib. ii. contra Maximi. cap. iii. dicit sic.
219 400 1634 477 De inuisibili deo cum agerem, admonui vt crederem inuisibilem non solum patrem sed etiam filium in
223 441 1632 512 diuinitate, non secundum carnem. Vult ergo quod haec sit vera: non solum pater est inuisibilis: non autem
221 493 1624 563 neutraliter ratione eius quod est pater: quia sic non est nisi deus, & solus deus est inuisibilis. Pro
218 525 1628 597 falsa ergo eam habet masculine: contraria ergo eius, solus pater est inuisibilis, falsa est masculi-
222 579 1626 649 ne: & hoc non nisi quia excludit filium & spiritum sanctum. Vnde subdit cap. iiii. Lego iterum de im-
218 619 1619 688 mortali deo, quoniam tu illud quod ait Apostolus: Qui solus habet immortalitatem, sic intelligi
223 656 1628 737 voluisti, tanquam de solo patre sit dictum: cum ille hoc non de patre dixerit, sed de deo, qui est pater
221 703 1626 777 & filius & spiritus sanctus. Prorsus a nullo acceptam habet immortalitatem pater, & a patre aca
222 747 1628 823 cepit filius: habent ergo immortalitatem pater & filius, non solus pater habet hanc solus, sed
213 794 1613 870 deus: quod non solus est pater, quia hoc est & filius. Et cap. xiii. Sapientem solum inquis patrem, vt prae-
210 833 1622 912 dicat Apostolus dicens sic, Soli sapienti deo: sed trinitas est solus sapiens deus. Et libo iii. cap. ix.
213 877 1625 957 Si dixisset soli patri, difficilius forte quaestio solueretur. Ex quo peruenit ad dicendum illud quod
213 917 1619 991 in argumento sumptum est, dicens in cap. xiii. Si dixisset Apostolus soli sapienti patri, nec inde
209 960 1626 1040 filium separaret &c. Cum vero non dixerit, soli sapienti patri, sed soli sapienti deo, & Deus sit
212 1003 1616 1085 ipsa trinitas, multo est facilior nobis huius solutio quaestionis. Et in quo est facilior patet ex di-
212 1054 1614 1128 ctis: in hoc videlicet, quod dicendo, soli sapienti deo, non oportet distinguere de praedicatione in
205 1094 1613 1170 neutro & inrmasculino, quia in vtroque sensu vera est. Dicendo autem soli sapienti patri, vt re-
206 1134 1623 1215 cte intelligatur, oportet distinguere quod excludendo masculine vera est, quia non excluditur nisi
210 1182 1626 1258 creatura, sicut neque cum dicitur: soli deo immortali. Super quo mouit Augustinus quaestionem
214 1220 1630 1300 lib. ii. contra Maximi. cap. iiii. dicens. Quare solus deus dictus est habere immortalitatem, cum
211 1264 1627 1346 & anima pro suo modo sit immortalis, & alia spiritualis caelestisque natura, postea videbimus.
200 1305 1614 1389 scilicet lib. iii. cap. xii. vbi dicit sic. Immortalitatem autem deus habere dicitur solus, quia immu
208 1355 1613 1429 tabilis solus est. Et per hunc modum, sicut cum dictionem exclusiuam ponimus ex parte subie-
214 1397 1614 1474 cti, dicendo, soli sapienti deo. i. deo qui solus est sapiens, facilior est solutio quaestionis, quomodo
207 1437 1611 1517 hoc debeat intelligi: quoniam cum ponimus eam similiter ex parte subiecti, dicendo, soli sapien
201 1491 1619 1559 ti patri. i. patri qui solus est sapiens, cogimur hanc exponere, vt per ipsam filius a praedicato
198 1537 1613 1604 non excludatur: sic cum dicimus fine dictione exclusiua, deus aut pater est sapiens: facilior est
214 1572 1620 1647 intellectus quam si poneretur dictio exclusiua ex parte praedicati, dicendo deus aut pater est tantum sa
204 1612 1618 1696 piens, vel est solum sapiens, vel solus sapiens. Tamen si aliqua talis inueniretur in scripturis, co
204 1665 1607 1728 geremur ipsam exponere sic, vt per ipsam bonitas & caetera huiusmodi non excludantur a sub
206 1712 1612 1772 iecto: puta si cum in cantico ecclesiae dicitur, Tu solus sanctus, tu solus dominus, tu solus altis
211 1745 1602 1818 simus lesu Christe, non sequeretur, cum sancto spiritu in gloria dei patris: & ly solus non esset
201 1787 1611 1863 determinatio subiecti, sub hoc sensu, Glesu Christe, tu solus es sanctus, tu solus es dominus,
197 1840 1598 1899 tu solus es altissimus, sed potius praedicati, sub alio sensu, videlicet, o lesu Christe, tu es solus
194 1878 1595 1953 sanctus, tu es solus dominus, tu es solus altissimus: & hoc etiam non sub implicatione ex par-
200 1923 1602 1986 te praedicati sic, olesu Christe, tu es ille qui solus test sanctus, dominus, altissimus: qui sensus
201 1959 1599 2038 idem est cum primo. Vnde & si sic diceretur: o lesu Christe, tu es ille qui solus sanctus, domi-
197 2010 1608 2081 nus, altissimus: esset idem sensus cum secundo. Et sic standum est in duobus primis sensibus
204 2055 1595 2121 absque implicatione, ne fieret processus in infinitum. Quia si in illo sensu secundo illud inueniretur
191 2094 1594 2166 scriptum, ne vnum illorum intelligeretur excludere omnino alterum & caetera illi consimilia,
207 2140 1602 2210 oporteret vti distinctione dicta. Sic nec cum dicitur soli. sapienti patri secundum eundem sensum ex-
197 2183 1582 2244 cluditur filius. Non est tamen ad hoc opus distinctione secundum dicta. Faciendo vero exclusionem
192 2225 1588 2298 masculine, ibi a subiecto excluderentur aeternitas, bonitas, & caetera huiusmodi: sicut hic a praedica
198 2271 1596 2343 to, filius & spiritus sanctus. Sed quia tale quid scriptum non inuenitur circa essentialia, talem proposi-
187 2306 1593 2386 tionem omnino negamus: nec distinguimus, nisi forte in casu speciali, sicut dictum iam est in solu
195 2356 1602 2430 tione secundi argumenti. Sed si scripta inueniretur sub hoc ordine verborum: Glesu Christe tu
201 2402 1598 2470 es solus sanctus, vt ly solus non sit aliquo modo determinatio subiecti, neque principalis, neque im-
189 2442 1596 2518 plicati: sed praedicati tantum: impossibilis esset additio illa, tu es solus domins, tu es solus altissimus, ni-
195 2486 1599 2554 si distinguendo. ⁋ Ad cuius distinctionis intellectum sciendum est, quod secundum superius de-
184 2531 1595 2597 terminata, multum differenter in diuinis praedicatur terminus substantialis & personalis: quia
197 2570 1592 2643 cum praedicatur terminus substantialis (quod solum pertinet ad propositum) tunc ipsum praedi-
191 2619 1600 2702 catum secundum se aliquid est, & est etiam id quo subiectum est, aut aliquid est, vt cum dicitur, deus
