2017 3257
429 285 1896 357 cundum hoc. & hoc quodammodo quemadmodum cum cibus dicitur sanus per respectum ad sa-
422 352 1898 400 nitatem quae est in corpore animalis, quia scilicet est conseruatiuum illius, ille cibus dicitur sanus
422 386 1904 445 simpliciter qui est sanus simpliciter sano, & corpori bene se habenti, non autem ille qui est sanus
422 440 1898 490 corpori infirmo & male se habenti. ⁋ Ad videndum igitur quis sit principalior, an actus volunta-
435 475 1902 542 tis an actus intellectus, & per consequens vtrum voluntas an intellectus: oportet ambo respicere in
422 540 1906 581 eo quid secundum ipsa est optime dispositum secundum naturam: & non in eo quod deficit ab illa dispositio
423 571 1895 625 ne optima. Quare cum optima dispositio voluntatis & actus volendi est in volendo summe bonum
425 615 1917 677 & optima dispositio intellectus & eius actus est in intelligendo summe verum. Bonum enim est
425 662 1899 722 per se perfectio voluntatis & actus eius: verum autem intellectus & actus ipsius. In eis autem quae
429 705 1903 766 sunt per se, sequitur, si simpliciter ad simpliciter, & magis ad magis, & maxime ad maxime. Sum-
420 761 1902 814 me bonum autem & summe verum est solummodo ipse deus siue ipsa diuina essentia. Principali-
429 808 1905 857 tatem ergo inter voluntatem & intellectum & actuum eorum debemus inspicere in quocumque volen-
422 838 1904 898 te & intelligente secundum quod vult & intelligit deum. In intelligendo autem & volendo deum prin-
422 896 1899 948 cipalior est voluntas: quoniam in actione voluntatis perficitur voluntas in ipsa re, vt ipsa habet
428 933 1912 993 esse in se: eo quod voluntas actione sua inclinatur in ipsam, & in ea recipitur: non autem eam in se re-
425 987 1901 1037 cipit. In actione vero intellectus econtrario perficitur intellectus ipsa re vt habet esse in ipso intelle-
423 1023 1904 1081 ctu. Recipiendo enim in se ipsam rem intellectam, quodammodo perficitur ipsa. Magis autem perficitur voluntas in
423 1069 1916 1134 deo actu suo transferendo se in ipsum, quam recipiendo ipsum in se: eo quod transferendo se in deum sub ratione bo-
429 1116 1907 1171 ni per actum voluntatis, conuertitur quodammodo in ipsum, secundum quod habet esse in seipso. Amor
425 1170 1906 1223 enim qui est ratio volendi, est virtus conuersiua & vnitiua transformans amantem in amatum, vt
430 1215 1904 1275 dictum est supra. Recipiendo autem in se deum sub ratione veri per actum intellectus, assimilatur
421 1254 1917 1314 quodammodo intellectus intellecto secundum quod habet intellectum esse in ipso intelligente. Notitia enim
419 1297 1923 1353 quae est ratio intelligendi, non est nisi virtus assimilatiua. Maius autem & nobilius est conuerti in
422 1342 1917 1408 deum & fieri vnum quodammodo cum ipso, secundum quod habet esse in seipso: quam assimilari quodam
429 1388 1919 1448 modo ipsi secundum quod est in intelligente. Idcirco dicendum est quod simpliciter in volente quocumque &
430 1437 1923 1495 intelligente deum nobilior & principalior est voluntas & actus volendi quam intellectus & actus in-
434 1487 1923 1546 telligendi. Et sic propter idem dicendum est quod simpliciter & absolute principalior est voluntas seu
434 1533 1916 1585 actus volendi quam intellectus seu actus intelligendi. Vnde licet cum quis vult aut intelligit aliud a
443 1586 1926 1631 deo, maxime quod inferius est intelligente & volente, altior, principalior, & perfectior est intellectus quam vo
435 1627 1922 1679 luntas, quia dignior est in intellectu cognitio rerum corporalium quam amor earum: quia nobilius est
431 1663 1911 1722 eis assimilari secundum esse spirituale quo habent esse in ipso, quam transformari in ipsa secundum esse
434 1716 1917 1779 quod habent in se: eo quod nobilius esse habent inferiora, secundum quod habent esse in superiori natura, quam se
446 1751 1911 1813 cundum quod habent esse in se. dicente Augustino. ix. de Trini. capi. iiii. Maior est notitia corporis quam
448 1802 1913 1868 ipsum corpus quod notitia eius notum est. Illa enim vita quaedam est in ratione cognoscentis: cor
444 1847 1914 1911 pus autem non est vita. Econtrario autem superiora habent esse nobilius in se quam in natura inferiori
441 1890 1919 1952 dicente Augustino ibidem capite. xi. Cum Deum nouimus, quamuis meliores efficiamur quam ante quam nosceremus, il
441 1945 1917 2002 la notitia tamen inferior est, quia in inferiore natura est. Hoc tamen non obstat quin simpliciter altior sit
440 1983 1911 2045 voluntas, & hoc maxime respectu dei: quia nihil vult neque intelligit primo & per se obiectiue nisi se
443 2027 1919 2099 ipsum: & quod vult & intelligit alia a se, hoc non est nisi volendo & intelligendo se, vt supra dictum est in par
443 2082 1919 2143 te, & amplius inferius declarabitur. Nec obstat etiam in creaturis intellectualibus, & hoc duplici de
431 2127 1914 2188 causa: quarum prima iam tacta est: scilicet quia volens & intelligens in volendo & intelligendo infe
435 2168 1917 2232 riora non est optime dispositus secundum voluntatem & intellectum, sed deficit a nobiliori dispo
443 2206 1923 2274 sitione quae potest esse in eis, cuiusmodi est illa quam habent in cognoscendo deum. Et ideo esse nobi
438 2273 1923 2321 lius respectu illorum, est esse nobilius secundum quid. Esse autem nobilius respectu dei in intelligen
438 2314 1923 2369 do & volendo ipsum, est esse nobilius simpliciter. & hoc quodammodo quemadmodum dicimus quod homo sim
441 2355 1930 2421 pliciter est nobilior leone secundum quod est rationale. secundum quid autem est ignobilior si com-
447 2407 1925 2459 parentur inter se secundum fortitudinem corporalem: eo quod res ab optimo quod est in ea: simpliciter
437 2453 1931 2502 dicitur nobilior alia: secundum quid autem secundum illud quod est deterius in ea dicitur minus nobilis illaph.y Aut
440 2495 1920 2554 secundum aliud exemplum, quemadmodum contingit quod in homine pernicioso aut male disposito ap
447 2537 1928 2599 petitus principetur rationi. Alia vero causa est, quia bonum & verum in aliis a deo sunt obiecta
440 2582 1935 2642 voluntatis & intellectus secundaria, & quasi secundum quid: bonum autem & verum quod deus
439 2631 1922 2685 est, sunt obiecta eius prima & simpliciter. Nobilitas autem veritatis non est iudicanda simpliciter nisi re
432 2680 1934 2730 spectu eius quod est obiectum suum simpliciter. secundum quod haec ratio magis pertractabatur in quae
428 2722 1923 2796 stione praedicta de quolibet. & redit ista causa in idem cum praecedenti, vt patet inspicienti pertra
