2017 3077
209 289 1627 360 integri habeat persona in continendo absolutum & relationem, iam tactum est supra: quod differt
216 349 1626 403 ab integro in creaturis, quia semper continet plura absoluta. Exceptione autem a toto in quantita
209 396 1620 447 te vniuersali bene creatura excipitur, & etiam deus. ⁋ Ad illud autem quod arguitur contra hoc,
212 444 1606 496 quod hoc signum non est nisi distributiuum vnius in plura: quorum singulum est de numero alio-
209 487 1619 535 rum: & sic de numero omnium illorum: Deus autem non est de numero omnium: Dico secundum
211 534 1620 581 quod iam inchoatum est in solutione duarum rationum praecedentium, praecipue primae, quod vniuersa
206 569 1606 613 le cuius signum distributiuum est ly omne, accipitur vno modo stricte, quod non est commune se-
207 609 1606 660 cundum rem, sed secundum rationem tantum: quod descendit in suas partes vere subiectiuas. Et hoc
200 656 1613 705 dupliciter, vel significatione, vel determinatione, secundum iam dicta. Si primo modo vniuersa-
210 701 1608 752 lis hoc signum omne est distributiuum tantummodo, tunc de numero omnium siue eorum quae
206 737 1612 784 cadunt sub distributione huius signi omne, non sunt nisi ea, quae continentur sub singulis specie-
200 784 1611 833 bus specialissimis, singulis distributionibus factis circa vniuersalia, quae sunt species specialissimae
197 829 1619 883 sub quibus contenta habent veram & perfectam vniuocationem in omnino vniformiter & aequa
200 870 1613 921 liter participando formam speciei, dicendo, omnis homo, omnis asinus, omnis albedo, omnis nigre-
207 915 1620 962 do, & sic de caeteris. Et sic verum est quod deus non est de numero omnium, quia non conti-
201 957 1614 1011 netur communiter cum creaturis sub aliqua specie specialissima, sicut nec illa quae continen-
197 1001 1615 1044 tur sub specie afini, sunt de numero eorum quae continentur sub specie hominis. Si secun-
200 1041 1620 1092 do modo vniuersalis hoc signum omne est distributiuum, tunc subdistinguendum est: licet iam su
204 1088 1617 1140 pra non sit distinctum: quia aut descendit in suas partes subiectiuas determinatione rei, aut sola vo
206 1130 1614 1179 cis determinatione per rem. Si primo istorum duorum modorum hoc signum omne est distributi
200 1176 1604 1225 uum tantummodo, tunc de numero omnium, siue de numero eorum quae cadunt sub distributione hu
207 1215 1616 1271 ius signi omne, non sunt nisi ea quae continentur sub iisdem generibus generalissimis, singulis dis
201 1264 1607 1316 tributionibus factis circa vniuersalia, quae sunt genera generalissima: dicendo, omnis substantia, o-
200 1302 1610 1358 mnis quantitas, omnis qualitas, & sic de caeteris. Sub quibus contenta non habent veram & perfe
199 1345 1616 1398 ctam vniuocationem in omnino vniformiter & aequaliter participando formam generis. dicente
200 1389 1616 1441 Philosopho. vii. physico. quod aequiuocationes latent in genere: & hoc tam in quolibet subalterno quam in
196 1433 1617 1487 generalissimo: & hoc propter eandem causam, quia scilicet secundum quod idem dicit in decimo me-
201 1476 1609 1534 taphysicae, semper in diuisione generis dignius & nobilius est alterum extremum contrarietatis, sci-
199 1518 1610 1574 licet alterum differentium diuidentium genus, puta rationale quam irrationale: & animatum quam inani
208 1560 1605 1610 matum, & spirituale quam materiale: & incorporeum quam corporeum. Semper autem dignius & nobilius
205 1611 1607 1662 participat formam generis species quae participat illam nobiliori differentia, quam illa quae participat
196 1647 1604 1705 eam differentia minus nobili. Et hoc modo etiam verum est quod deus non est de numero omnium:
210 1693 1607 1747 quia non continetur sub aliquo genere, sicut nec illa quae continentur sub vno genere sunt de nu-
205 1735 1620 1784 mero omnium quae continentur sub alio: puta quae continentur sub aliquo genere actionis, non
199 1776 1619 1824 sunt de numero omnium quae continentur sub geunere substantiae. Quod autem descendit in
212 1813 1620 1873 partes quasi subiectiuas determinatione vocis per rem significatam, duplex est. Quoddam quod non
197 1870 1609 1921 determinatur nisi ex adiuncto expresso, cuiusmodi est aequiuocum casu. de quo dicit Boethius, quod
200 1907 1603 1956 aequiuocationes determinantur per adiuncta, vt canis addendo latrabilis. & tale non habet aliquam
202 1955 1613 2000 rationem vniuersalis, quod possit vnica distributione distribui per hoc signum omne in communia
206 1994 1609 2051 quae sub ipso continentur tanquam partes subiectiuae: de quo nihil ad praesens. Aliud vero est quod descen
203 2035 1607 2088 dit in partes quasi sibi subiectiuas determinatione vocis per rem significatam, ex natura ipsius rei
213 2082 1617 2135 significatae absque aliquo adiuncto expresso, cuiusmodi est commune analogum: quod pro tanto ha-
206 2123 1609 2168 bet rationem vniuersalis quod possit vnica distributione distribui per hoc signum omne, in omnia sua
207 2166 1611 2221 significata quasi in supposita, sicut potest vniuersale verum in sua vere supposita. Quod quidem
212 2210 1616 2263 non continet sua significata aeque principalia, neutrum scilicet per rationem aliquam, sicut conti-
200 2255 1611 2299 net aequiuocum casu: propter quod nullam habet rationem vniuersalis: nec aliquid participat de ratione
210 2297 1619 2349 vniuoca: & ideo non descendit in illa vt in partes subiectiuas, sicut descendit species specialissima-
207 2338 1620 2394 sed continet sua significata secundum prius & posterius, & sic descendit in illa: quia vnum si-
199 2393 1620 2438 gnificat primo & per se, quasi illi soli nomen conueniret. & reuera participalitate & antonoma-
200 2433 1608 2479 tice loquendo illi soli conuenit. alterum vero significat secundario, & per primum: ex eo
206 2467 1619 2518 videlicet quod illud secundum in essentia sua est quasi quaedam effigies & imago illius primi.
212 2512 1617 2566 ldeo enim ipsum primum mutuat nomen suum secundo: & hoc praecipue inquantum ipsum se-
206 2553 1612 2623 cundum est ens absolute: sumendo est primo adiacens, non autem inquantum est ens aliquid, su-
