<?xml version="1.0" encoding="UTF-8" standalone="yes"?>
<PcGts xmlns="http://schema.primaresearch.org/PAGE/gts/pagecontent/2013-07-15" xmlns:xsi="http://www.w3.org/2001/XMLSchema-instance" xsi:schemaLocation="http://schema.primaresearch.org/PAGE/gts/pagecontent/2013-07-15 http://schema.primaresearch.org/PAGE/gts/pagecontent/2013-07-15/pagecontent.xsd">
    <Metadata>
        <Creator>prov=University of Rostock/Institute of Mathematics/CITlab|PLANET AI GmbH/Gundram Leifert/gundram.leifert@planet-ai.de:name=Badius1520-m2(htr_id=24043)::::v=2.6.6
prov=University of Rostock/Institute of Mathematics/CITlab|PLANET AI GmbH/Tobias Gruening/tobias.gruening@planet-ai.de:name=de.uros.citlab.module.baseline2polygon.B2PSeamMultiOriented:v=2.6.6
prov=University of Rostock/Institute of Mathematics/CITlab|PLANET AI GmbH/Tobias Gruening/tobias.gruening@planet-ai.de:name=/net_tf/LA73_249_0mod360.pb:de.uros.citlab.segmentation.CITlab_LA_ML:v=2.6.6
Transkribus</Creator>
        <Created>2020-04-15T01:44:10.242+02:00</Created>
        <LastChange>2020-05-23T01:24:05.518+02:00</LastChange>
        <TranskribusMetadata docId="369791" pageId="14432928" pageNr="641" tsid="29525068" status="IN_PROGRESS" userId="25065" imgUrl="https://files.transkribus.eu/Get?id=INZKZYWKOPKTGBVENIMSSXTY&amp;fileType=view" xmlUrl="https://files.transkribus.eu/Get?id=PKKDKLLNOFJZCTXYPQGGDOTO" imageId="10396078"/>
    </Metadata>
    <Page imageFilename="640.jpg" imageWidth="2017" imageHeight="3162">
        <ReadingOrder>
            <OrderedGroup id="ro_1590235610036" caption="Regions reading order">
                <RegionRefIndexed index="0" regionRef="TextRegion_1589822277799_2859"/>
            </OrderedGroup>
        </ReadingOrder>
        <TextRegion orientation="0.0" id="TextRegion_1589822277799_2859" custom="readingOrder {index:0;}">
            <Coords points="147,228 1619,228 1619,2040 147,2040"/>
            <TextLine id="r2l2" custom="readingOrder {index:0;}">
                <Coords points="146,336 1597,332 1427,258 146,287"/>
                <Baseline points="155,326 226,326 298,324 370,324 441,323 513,323 585,321 656,321 728,321 800,320 872,320 943,320 1015,320 1087,318 1158,318 1230,318 1302,318 1373,318 1445,319 1517,320 1589,320"/>
                <TextEquiv>
                    <Unicode>vniuersale duplex est, quia aut descendit in partes subiectiuas sola significatione: &amp; sic solummo- </Unicode>
                </TextEquiv>
            </TextLine>
            <TextLine id="r2l3" custom="readingOrder {index:1;}">
                <Coords points="146,380 1594,385 1594,336 1542,327 146,336"/>
                <Baseline points="155,372 226,371 297,369 369,368 440,366 512,366 583,366 655,365 726,365 798,365 869,365 940,365 1012,365 1083,365 1155,365 1226,365 1298,365 1369,365 1441,363 1512,363 1584,363"/>
                <TextEquiv>
                    <Unicode>do vniuersale in creaturis est species specialissima sub quocumque genere, aut descendit in suas partes</Unicode>
                </TextEquiv>
            </TextLine>
            <TextLine id="r2l4" custom="readingOrder {index:2;}">
                <Coords points="148,426 1572,425 1604,376 148,380"/>
                <Baseline points="156,417 231,415 307,414 383,413 458,411 534,411 610,411 686,410 761,410 837,410 913,410 989,410 1064,410 1140,410 1216,410 1292,410 1367,410 1443,410 1519,410 1595,410"/>
                <TextEquiv>
                    <Unicode>subiectiuas determinatione: &amp; hoc dupliciter. Quia aut determinatione rei significatae per vocem</Unicode>
                </TextEquiv>
            </TextLine>
            <TextLine id="r2l5" custom="readingOrder {index:3;}">
                <Coords points="145,468 1578,475 1594,418 145,429"/>
                <Baseline points="153,461 224,459 296,458 367,456 439,456 510,456 582,455 653,455 725,455 796,453 868,453 940,453 1011,453 1083,453 1154,453 1226,453 1297,453 1369,453 1440,453 1512,453 1584,453"/>
                <TextEquiv>
                    <Unicode>aliquo reali absoluto, &amp; sic solummodo vniuersale est in creaturis genus, tam generalissimum quam</Unicode>
                </TextEquiv>
            </TextLine>
            <TextLine id="r2l6" custom="readingOrder {index:4;}">
                <Coords points="150,514 1601,508 1522,461 150,466"/>
                <Baseline points="159,506 230,504 302,503 374,501 445,500 517,500 589,498 660,498 732,498 804,498 876,498 947,498 1019,498 1091,498 1162,498 1234,498 1306,498 1377,498 1449,498 1521,498 1593,498"/>
                <TextEquiv>
                    <Unicode>subalternum. Aut determinatione solius vocis significantis rem per ipsam rem significatam, &amp; hoc</Unicode>
                </TextEquiv>
            </TextLine>
            <TextLine id="r2l7" custom="readingOrder {index:5;}">
                <Coords points="143,559 1404,567 1584,555 1600,509 143,512"/>
                <Baseline points="153,549 224,548 296,548 368,546 440,546 512,545 584,545 655,543 727,543 799,543 871,542 943,542 1015,542 1087,542 1158,542 1230,542 1302,542 1374,542 1446,542 1518,543 1590,543"/>
                <TextEquiv>
                    <Unicode>dupliciter, aut ex ipsius vocis appositione: vt contingit cum imponitur aequiuoco, quod non est</Unicode>
                </TextEquiv>
            </TextLine>
            <TextLine id="r2l8" custom="readingOrder {index:6;}">
                <Coords points="139,616 1603,609 1603,549 139,552"/>
                <Baseline points="149,596 221,594 293,591 365,591 438,590 510,588 582,588 655,588 727,587 799,587 872,587 944,587 1016,587 1088,587 1161,587 1233,587 1305,588 1378,588 1450,588 1522,588 1595,587"/>
                <TextEquiv>
                    <Unicode>proprie vniuersale, sed quando est nomen appellatiuum potius est plura vniuersalia, quae non vni</Unicode>
                </TextEquiv>
            </TextLine>
            <TextLine id="r2l9" custom="readingOrder {index:7;}">
                <Coords points="156,646 1578,645 1605,601 155,605"/>
                <Baseline points="165,639 236,638 308,636 379,635 451,633 522,633 594,632 665,632 737,632 808,632 880,632 952,632 1023,632 1095,632 1166,632 1238,632 1309,632 1381,632 1452,632 1524,633 1596,633"/>
                <TextEquiv>
                    <Unicode>ca distributione sed pluribus possunt distribui. Aut ipsius rei natura, cuiusmodi est omne analo- </Unicode>
                </TextEquiv>
            </TextLine>
            <TextLine id="r2l10" custom="readingOrder {index:8;}">
                <Coords points="145,708 1609,683 1609,648 1490,637 145,647"/>
                <Baseline points="155,684 227,683 299,681 371,680 443,678 516,678 588,677 660,677 732,677 804,675 877,675 949,675 1021,675 1093,677 1165,677 1238,677 1310,677 1382,677 1454,677 1526,677 1599,677"/>
                <TextEquiv>
                    <Unicode>gum: quod licet vnica distributione pro suis contentis possit distribui ratione vniuocationis in ip-</Unicode>
                </TextEquiv>
            </TextLine>
            <TextLine id="r2l11" custom="readingOrder {index:9;}">
                <Coords points="138,745 1522,739 1599,730 1599,689 138,697"/>
                <Baseline points="147,726 219,725 291,723 363,723 435,722 507,722 579,720 651,720 723,720 795,720 868,720 940,720 1012,720 1084,720 1156,720 1228,720 1300,722 1372,722 1444,722 1516,722 1589,722"/>
                <TextEquiv>
                    <Unicode>so, ratione tamen aequiuocationis quam participat, &amp; ratione illa qua illa quo quo modo secundum </Unicode>
                </TextEquiv>
            </TextLine>
            <TextLine id="r2l12" custom="readingOrder {index:10;}">
                <Coords points="139,790 1581,787 1605,732 139,743"/>
                <Baseline points="149,773 221,771 293,770 365,768 438,767 510,767 582,766 655,765 727,765 799,765 872,765 944,765 1016,765 1088,765 1161,765 1233,765 1305,765 1378,767 1450,767 1522,767 1595,767"/>
                <TextEquiv>
                    <Unicode>prius &amp; posterius significat, quaelibet illarum est distinguenda. Quale quidem vniuersale licet stri</Unicode>
                </TextEquiv>
            </TextLine>
            <TextLine id="r2l13" custom="readingOrder {index:11;}">
                <Coords points="147,825 1535,831 1608,818 1608,776 147,788"/>
                <Baseline points="156,818 228,816 300,815 372,813 444,812 516,812 588,810 660,810 732,810 804,809 877,809 949,809 1021,809 1093,809 1165,809 1237,809 1309,809 1381,810 1453,810 1525,812 1598,812"/>
                <TextEquiv>
                    <Unicode>cte &amp; proprie appellemus vniuersale respectu vniuersalis quod est improprie aut large in diuinis: </Unicode>
                </TextEquiv>
            </TextLine>
            <TextLine id="r2l14" custom="readingOrder {index:12;}">
                <Coords points="147,872 1589,875 1605,824 146,827"/>
                <Baseline points="155,860 227,859 299,858 371,858 443,857 515,857 587,855 659,855 731,854 803,854 875,854 947,854 1019,852 1091,852 1163,852 1235,852 1307,852 1379,854 1451,854 1523,854 1596,855"/>
                <TextEquiv>
                    <Unicode>est tamen large &amp; improprie vniuersale respectu vniuersalis vniuoci generis vel speciei in creatu-</Unicode>
                </TextEquiv>
            </TextLine>
            <TextLine id="r2l15" custom="readingOrder {index:13;}">
                <Coords points="142,913 1605,913 1604,869 1544,862 142,867"/>
                <Baseline points="152,905 224,903 296,903 368,902 440,902 513,900 585,900 657,899 729,899 801,899 874,897 946,897 1018,897 1090,897 1162,897 1235,897 1307,897 1379,899 1451,899 1523,900 1596,900"/>
                <TextEquiv>
                    <Unicode>ris. Et vniuersalitas talis vniuersalis potest esse lata, cuiusmodi est entis in creaturis ad substantiam</Unicode>
                </TextEquiv>
            </TextLine>
            <TextLine id="r2l16" custom="readingOrder {index:14;}">
                <Coords points="148,964 1603,957 1542,908 148,915"/>
                <Baseline points="156,948 227,948 299,947 371,947 443,947 515,945 587,945 658,944 730,944 802,944 874,944 946,942 1018,942 1090,942 1161,942 1233,942 1305,942 1377,944 1449,944 1521,945 1593,945"/>
                <TextEquiv>
                    <Unicode>&amp; accidens: latior, cuiusmodi est ad deum &amp; ad creaturas: &amp; latissima, cuiusmodi est entis ad ens ve-</Unicode>
                </TextEquiv>
            </TextLine>
            <TextLine id="r2l17" custom="readingOrder {index:15;}">
                <Coords points="142,1006 1531,1009 1599,957 142,958"/>
                <Baseline points="152,995 223,993 295,993 367,992 439,992 511,990 583,990 655,989 727,989 799,988 871,987 942,987 1014,987 1086,987 1158,987 1230,987 1302,987 1374,989 1446,989 1518,990 1590,992"/>
                <TextEquiv>
                    <Unicode>rum &amp; diminutum. Et ab omnibus istis modis vniuersalis distributi poterit fieri exceptio respectu</Unicode>
                </TextEquiv>
            </TextLine>
            <TextLine id="r2l18" custom="readingOrder {index:16;}">
                <Coords points="145,1059 1596,1053 1596,997 145,1002"/>
                <Baseline points="155,1040 226,1038 298,1038 369,1037 441,1036 513,1035 584,1035 656,1034 727,1034 799,1033 871,1032 942,1032 1014,1032 1085,1032 1157,1032 1229,1032 1300,1032 1372,1032 1443,1034 1515,1034 1587,1035"/>
                <TextEquiv>
                    <Unicode>alicuius praedicati &amp; cuiuscumque contentorum sub illo, vt patet inspicienti, &amp; liquet ex supra determi</Unicode>
                </TextEquiv>
            </TextLine>
            <TextLine id="r2l20" custom="readingOrder {index:17;}">
                <Coords points="141,1094 1593,1092 1572,1050 1239,1033 141,1059"/>
                <Baseline points="150,1083 221,1083 293,1082 365,1082 436,1082 508,1080 580,1080 651,1079 723,1079 795,1079 867,1077 938,1077 1010,1077 1082,1077 1153,1077 1225,1077 1297,1077 1368,1077 1440,1079 1512,1079 1584,1080"/>
                <TextEquiv>
                    <Unicode>natis. ⁋ Ad quartum: quae sic se habent quod vno nominato alterum necesse est intelligi, vnum eorum</Unicode>
                </TextEquiv>
            </TextLine>
            <TextLine id="r2l22" custom="readingOrder {index:18;}">
                <Coords points="149,1136 1604,1141 1604,1084 149,1092"/>
                <Baseline points="159,1128 230,1127 302,1127 374,1127 446,1127 518,1125 590,1125 661,1125 733,1124 805,1124 877,1122 949,1122 1021,1122 1093,1121 1164,1121 1236,1121 1308,1121 1380,1122 1452,1122 1524,1124 1596,1125"/>
                <TextEquiv>
                    <Unicode>non potest excludi ab alio nec excipi: Dico quod reuera persona vna intellecta, altera nominata ab illa</Unicode>
                </TextEquiv>
            </TextLine>
            <TextLine id="line_1589822263299_2851" custom="readingOrder {index:19;}">
                <Coords points="146,1187 1628,1187 1628,1132 146,1136"/>
                <Baseline points="156,1175 235,1173 315,1172 395,1170 475,1170 555,1169 634,1169 714,1169 794,1169 874,1169 954,1167 1033,1167 1113,1167 1193,1167 1273,1167 1353,1166 1432,1166 1512,1164 1592,1163 1619,1162"/>
                <TextEquiv>
                    <Unicode>inclusa in propositione aliqua, non potest excipi vel excludi respectu illius siue subiecti siue praedica pi</Unicode>
                </TextEquiv>
            </TextLine>
            <TextLine id="r2l24" custom="readingOrder {index:20;}">
                <Coords points="151,1231 1590,1232 1601,1176 151,1185"/>
                <Baseline points="161,1217 232,1217 304,1217 375,1217 447,1215 518,1215 590,1215 661,1214 733,1214 804,1212 876,1212 948,1212 1019,1212 1091,1212 1162,1211 1234,1211 1305,1211 1377,1212 1448,1212 1520,1213 1592,1214"/>
                <TextEquiv>
                    <Unicode>ti, respectu cuius vna persona nominata necesse est alteram intelligi. Cuius ratio est, quia id quod </Unicode>
                </TextEquiv>
            </TextLine>
            <TextLine id="r2l25" custom="readingOrder {index:21;}">
                <Coords points="148,1271 1609,1267 1548,1219 148,1233"/>
                <Baseline points="158,1262 230,1262 302,1262 374,1262 446,1260 518,1260 590,1260 662,1259 734,1259 806,1259 878,1257 950,1257 1022,1257 1094,1257 1166,1256 1238,1256 1310,1256 1382,1257 1454,1257 1526,1257 1599,1259"/>
                <TextEquiv>
                    <Unicode>est in vna illarum propter quod praedicatum dicitur de illo, aut ipsum dicitur de subiecto, etiam</Unicode>
                </TextEquiv>
            </TextLine>
            <TextLine id="r2l26" custom="readingOrder {index:22;}">
                <Coords points="158,1313 1582,1316 1606,1268 158,1269"/>
                <Baseline points="167,1304 238,1305 309,1305 381,1305 452,1305 524,1305 595,1305 667,1305 738,1304 810,1304 881,1304 952,1302 1024,1302 1095,1302 1167,1302 1238,1301 1310,1301 1381,1301 1453,1301 1524,1302 1596,1302"/>
                <TextEquiv>
                    <Unicode>est in alio. Vnde quod vna persona in subiecto proposita &amp; nominata, intelligatur altera, hoc non con-</Unicode>
                </TextEquiv>
            </TextLine>
            <TextLine id="r2l27" custom="readingOrder {index:23;}">
                <Coords points="150,1368 1603,1365 1551,1308 149,1312"/>
                <Baseline points="158,1349 229,1350 301,1350 373,1350 445,1350 516,1350 588,1350 660,1350 732,1350 803,1349 875,1349 947,1349 1019,1347 1090,1347 1162,1347 1234,1346 1306,1346 1377,1346 1449,1346 1521,1346 1593,1347"/>
                <TextEquiv>
                    <Unicode>tingit nisi quia eo quo persona nominata respicit praedicatum, praecise eodem respicit illud &amp; alte-</Unicode>
                </TextEquiv>
            </TextLine>
            <TextLine id="r2l28" custom="readingOrder {index:24;}">
                <Coords points="146,1412 1612,1398 1571,1352 146,1359"/>
                <Baseline points="155,1394 227,1394 299,1395 372,1395 444,1395 516,1395 589,1395 661,1395 733,1394 806,1394 878,1394 950,1393 1023,1392 1095,1392 1167,1392 1240,1392 1312,1391 1384,1391 1457,1391 1529,1391 1602,1391"/>
                <TextEquiv>
                    <Unicode>ra intellecta, sicut contingit in exemplo Augustini de patre &amp; filio nominatis, &amp; spiritu sancto in- </Unicode>
                </TextEquiv>
            </TextLine>
            <TextLine id="r2l29" custom="readingOrder {index:25;}">
                <Coords points="152,1445 1594,1449 1605,1398 152,1414"/>
                <Baseline points="161,1439 232,1439 304,1440 376,1440 448,1440 519,1440 591,1440 663,1439 735,1439 806,1439 878,1437 950,1437 1022,1436 1093,1436 1165,1436 1237,1436 1309,1436 1380,1436 1452,1436 1524,1436 1596,1437"/>
                <TextEquiv>
                    <Unicode>tellecto respectu illius praedicati, vnus solus verus, sequitur, vnus deus verus. In hoc enim nulla est differentia.</Unicode>
                </TextEquiv>
            </TextLine>
            <TextLine id="r2l30" custom="readingOrder {index:26;}">
                <Coords points="152,1493 1607,1491 1568,1442 152,1445"/>
                <Baseline points="161,1482 232,1484 304,1484 376,1485 448,1485 520,1485 592,1485 663,1484 735,1484 807,1484 879,1482 951,1482 1023,1482 1095,1481 1166,1481 1238,1479 1310,1479 1382,1479 1454,1479 1526,1479 1598,1479"/>
                <TextEquiv>
                    <Unicode>ldipsum enim est in tribus personis, propter quod duae nominatae dicuntur vnus solus verus deus: &amp; ideo illis</Unicode>
                </TextEquiv>
            </TextLine>
            <TextLine id="r2l31" custom="readingOrder {index:27;}">
                <Coords points="152,1535 1615,1535 1528,1485 152,1493"/>
                <Baseline points="162,1524 234,1526 306,1527 378,1529 450,1529 522,1530 594,1530 667,1529 739,1529 811,1529 883,1529 955,1527 1027,1527 1099,1526 1172,1526 1244,1526 1316,1524 1388,1524 1460,1524 1532,1526 1605,1526"/>
                <TextEquiv>
                    <Unicode>nominatis necesse est spiritum sanctum cointelligi, sic quod respectu illius praedicati illis inclusis respectu praedicati,</Unicode>
                </TextEquiv>
            </TextLine>
            <TextLine id="r2l32" custom="readingOrder {index:28;}">
                <Coords points="153,1581 1617,1577 1583,1531 152,1535"/>
                <Baseline points="161,1572 233,1572 305,1574 378,1574 450,1574 522,1574 595,1574 667,1574 739,1574 812,1574 884,1574 956,1572 1029,1572 1101,1572 1173,1571 1246,1571 1318,1571 1390,1569 1463,1569 1535,1568 1608,1568"/>
                <TextEquiv>
                    <Unicode>spiritus sanctus a consortio eorum in praedicato non potest ab illis excludi, dicendo, soli pater &amp; filius sunt vnus so</Unicode>
                </TextEquiv>
            </TextLine>
            <TextLine id="r2l33" custom="readingOrder {index:29;}">
                <Coords points="159,1629 1598,1623 1583,1576 159,1588"/>
                <Baseline points="168,1617 239,1616 310,1616 381,1616 452,1616 523,1617 594,1617 665,1617 736,1617 807,1617 878,1617 949,1617 1020,1617 1091,1617 1162,1617 1233,1616 1304,1616 1375,1616 1446,1615 1517,1614 1589,1613"/>
                <TextEquiv>
                    <Unicode>lus verus deus: ita quod non spiritus sanctus, neque excipi viceuersa dicendo, nullus praeter patrem &amp; filium est</Unicode>
                </TextEquiv>
            </TextLine>
            <TextLine id="r2l34" custom="readingOrder {index:30;}">
                <Coords points="163,1672 1449,1681 1603,1668 1603,1633 162,1630"/>
                <Baseline points="171,1662 242,1662 313,1662 384,1661 455,1661 526,1661 597,1661 668,1661 739,1659 810,1659 882,1659 953,1659 1024,1659 1095,1658 1166,1658 1237,1658 1308,1658 1379,1658 1450,1658 1521,1659 1593,1659"/>
                <TextEquiv>
                    <Unicode>vnus solus verus deus: aut, quilibet praeter spiritum sanctum est vnus solus verus deus. Sed non </Unicode>
                </TextEquiv>
            </TextLine>
            <TextLine id="r2l35" custom="readingOrder {index:31;}">
                <Coords points="158,1725 1608,1716 1545,1665 158,1670"/>
                <Baseline points="168,1707 239,1707 311,1706 382,1706 454,1706 525,1706 597,1706 668,1704 740,1704 811,1704 883,1704 955,1704 1026,1704 1098,1704 1169,1703 1241,1703 1312,1703 1384,1703 1455,1703 1527,1704 1599,1704"/>
                <TextEquiv>
                    <Unicode>est verum quod semper vna nominata necesse sit reliquam intelligi, puta quando persona nominata</Unicode>
                </TextEquiv>
            </TextLine>
            <TextLine id="r2l36" custom="readingOrder {index:32;}">
                <Coords points="153,1762 1608,1765 1608,1716 153,1722"/>
                <Baseline points="162,1752 233,1752 305,1751 377,1751 449,1751 521,1750 593,1749 664,1749 736,1749 808,1749 880,1749 952,1749 1024,1749 1096,1749 1167,1748 1239,1748 1311,1748 1383,1748 1455,1748 1527,1748 1599,1748"/>
                <TextEquiv>
                    <Unicode>respicit subiectum aliquod quod est in eo non commune cum altera persona. Vnde quia id propter</Unicode>
                </TextEquiv>
            </TextLine>
            <TextLine id="r2l37" custom="readingOrder {index:33;}">
                <Coords points="169,1809 1567,1808 1598,1762 169,1769"/>
                <Baseline points="179,1796 249,1796 320,1796 390,1796 461,1796 531,1796 602,1794 672,1794 743,1794 813,1794 884,1794 954,1793 1025,1793 1095,1793 1166,1793 1236,1791 1307,1791 1377,1791 1448,1791 1518,1791 1589,1790"/>
                <TextEquiv>
                    <Unicode>quod pater &amp; filius spirant, idipsum est et commune in ipsis, vna nominata altera intelligitur: nec</Unicode>
                </TextEquiv>
            </TextLine>
            <TextLine id="r2l38" custom="readingOrder {index:34;}">
                <Coords points="146,1859 1513,1853 1599,1842 1599,1802 146,1813"/>
                <Baseline points="155,1839 226,1839 298,1839 370,1839 441,1839 513,1839 585,1839 656,1839 728,1839 800,1838 872,1838 943,1838 1015,1838 1087,1838 1158,1838 1230,1838 1302,1837 1373,1836 1445,1836 1517,1835 1589,1835"/>
                <TextEquiv>
                    <Unicode>potest excludi respectu talis praedicati aut excipi. Quia tamen illud non est in spiritu sancto, nomi</Unicode>
                </TextEquiv>
            </TextLine>
            <TextLine id="r2l39" custom="readingOrder {index:35;}">
                <Coords points="155,1888 1598,1893 1555,1842 155,1857"/>
                <Baseline points="164,1883 235,1883 306,1884 377,1884 449,1884 520,1884 591,1884 662,1884 734,1884 805,1883 876,1883 947,1883 1019,1883 1090,1883 1161,1881 1232,1881 1304,1881 1375,1881 1446,1881 1517,1880 1589,1880"/>
                <TextEquiv>
                    <Unicode>natis patre &amp; filio, dicendo, pater &amp; filius spirant, non est necesse respectu talis praedicati cointelligi</Unicode>
                </TextEquiv>
            </TextLine>
            <TextLine id="r2l40" custom="readingOrder {index:36;}">
                <Coords points="147,1936 1611,1942 1596,1888 146,1890"/>
                <Baseline points="155,1928 227,1928 299,1929 372,1929 444,1929 516,1928 589,1928 661,1928 733,1928 806,1928 878,1928 950,1928 1023,1928 1095,1928 1167,1926 1240,1926 1312,1926 1384,1926 1457,1925 1529,1925 1602,1923"/>
                <TextEquiv>
                    <Unicode>spiritum sanctum. Et ideo respectu talis praedicati bene potest spiritus sanctus excludi, dicendo, so</Unicode>
                </TextEquiv>
            </TextLine>
            <TextLine id="r2l41" custom="readingOrder {index:37;}">
                <Coords points="160,1984 1611,1987 1611,1943 1547,1930 160,1943"/>
                <Baseline points="170,1973 241,1973 313,1973 384,1973 456,1973 528,1973 599,1974 671,1974 742,1974 814,1974 886,1974 957,1974 1029,1973 1100,1973 1172,1973 1244,1973 1315,1973 1387,1972 1458,1971 1530,1971 1602,1970"/>
                <TextEquiv>
                    <Unicode>li pater &amp; filius spirant: non ergo spiritus sanctus, dicendo quilibet praeter spiritum sanctum spirat</Unicode>
                </TextEquiv>
            </TextLine>
            <TextLine id="r2l42" custom="readingOrder {index:38;}">
                <Coords points="159,2040 675,2040 675,2000 600,1980 472,1995 423,1980 393,1993 159,1984"/>
                <Baseline points="168,2018 194,2018 220,2018 246,2018 272,2018 299,2018 325,2018 351,2018 377,2018 403,2018 430,2018 456,2018 482,2018 508,2018 534,2018 561,2018 587,2018 613,2018 639,2018 666,2018"/>
                <TextEquiv>
                    <Unicode>&amp; nullus spirat nisi pater &amp; filius.</Unicode>
                </TextEquiv>
            </TextLine>
            <TextEquiv>
                <Unicode>vniuersale duplex est, quia aut descendit in partes subiectiuas sola significatione: &amp; sic solummo- 
do vniuersale in creaturis est species specialissima sub quocumque genere, aut descendit in suas partes
subiectiuas determinatione: &amp; hoc dupliciter. Quia aut determinatione rei significatae per vocem
aliquo reali absoluto, &amp; sic solummodo vniuersale est in creaturis genus, tam generalissimum quam
subalternum. Aut determinatione solius vocis significantis rem per ipsam rem significatam, &amp; hoc
dupliciter, aut ex ipsius vocis appositione: vt contingit cum imponitur aequiuoco, quod non est
proprie vniuersale, sed quando est nomen appellatiuum potius est plura vniuersalia, quae non vni
ca distributione sed pluribus possunt distribui. Aut ipsius rei natura, cuiusmodi est omne analo- 
gum: quod licet vnica distributione pro suis contentis possit distribui ratione vniuocationis in ip-
so, ratione tamen aequiuocationis quam participat, &amp; ratione illa qua illa quo quo modo secundum 
prius &amp; posterius significat, quaelibet illarum est distinguenda. Quale quidem vniuersale licet stri
cte &amp; proprie appellemus vniuersale respectu vniuersalis quod est improprie aut large in diuinis: 
est tamen large &amp; improprie vniuersale respectu vniuersalis vniuoci generis vel speciei in creatu-
ris. Et vniuersalitas talis vniuersalis potest esse lata, cuiusmodi est entis in creaturis ad substantiam
&amp; accidens: latior, cuiusmodi est ad deum &amp; ad creaturas: &amp; latissima, cuiusmodi est entis ad ens ve-
rum &amp; diminutum. Et ab omnibus istis modis vniuersalis distributi poterit fieri exceptio respectu
alicuius praedicati &amp; cuiuscumque contentorum sub illo, vt patet inspicienti, &amp; liquet ex supra determi
natis. ⁋ Ad quartum: quae sic se habent quod vno nominato alterum necesse est intelligi, vnum eorum
non potest excludi ab alio nec excipi: Dico quod reuera persona vna intellecta, altera nominata ab illa
inclusa in propositione aliqua, non potest excipi vel excludi respectu illius siue subiecti siue praedica pi
ti, respectu cuius vna persona nominata necesse est alteram intelligi. Cuius ratio est, quia id quod 
est in vna illarum propter quod praedicatum dicitur de illo, aut ipsum dicitur de subiecto, etiam
est in alio. Vnde quod vna persona in subiecto proposita &amp; nominata, intelligatur altera, hoc non con-
tingit nisi quia eo quo persona nominata respicit praedicatum, praecise eodem respicit illud &amp; alte-
ra intellecta, sicut contingit in exemplo Augustini de patre &amp; filio nominatis, &amp; spiritu sancto in- 
tellecto respectu illius praedicati, vnus solus verus, sequitur, vnus deus verus. In hoc enim nulla est differentia.
ldipsum enim est in tribus personis, propter quod duae nominatae dicuntur vnus solus verus deus: &amp; ideo illis
nominatis necesse est spiritum sanctum cointelligi, sic quod respectu illius praedicati illis inclusis respectu praedicati,
spiritus sanctus a consortio eorum in praedicato non potest ab illis excludi, dicendo, soli pater &amp; filius sunt vnus so
lus verus deus: ita quod non spiritus sanctus, neque excipi viceuersa dicendo, nullus praeter patrem &amp; filium est
vnus solus verus deus: aut, quilibet praeter spiritum sanctum est vnus solus verus deus. Sed non 
est verum quod semper vna nominata necesse sit reliquam intelligi, puta quando persona nominata
respicit subiectum aliquod quod est in eo non commune cum altera persona. Vnde quia id propter
quod pater &amp; filius spirant, idipsum est et commune in ipsis, vna nominata altera intelligitur: nec
potest excludi respectu talis praedicati aut excipi. Quia tamen illud non est in spiritu sancto, nomi
natis patre &amp; filio, dicendo, pater &amp; filius spirant, non est necesse respectu talis praedicati cointelligi
spiritum sanctum. Et ideo respectu talis praedicati bene potest spiritus sanctus excludi, dicendo, so
li pater &amp; filius spirant: non ergo spiritus sanctus, dicendo quilibet praeter spiritum sanctum spirat
&amp; nullus spirat nisi pater &amp; filius.</Unicode>
            </TextEquiv>
        </TextRegion>
    </Page>
</PcGts>
