2017 3286
439 283 1955 373 inuestigari: & bene: licet in minore propositione & in modo prosequendi deficiant. Et ideo conclu-
443 347 1955 419 debant intellectum principaliorem esse, vt iam dictum est in solutione argumenti. Concludendo au
453 388 1950 456 tem ex ea voluntatem esse principaliorem, debemus ex contraria minore prosequi intentum, secun
453 440 1944 503 dum quod iam declaratum est. Et patet ex hoc (vt puto) veritas quaesiti. ⁋ Ad quartum: quod intellectus minus
440 494 1946 553 spedatur in intelligendo viliora se, quam voluntas: Dicendum quod aliquid foedari viliori se, potest contin
464 533 1949 601 gere dupliciter: aut pure passiue: aut pure actiue. De primo modo propositio illa habet veritatem: quia
445 582 1947 641 illa foedatio ex parte fpedati est propter eius passibilitatem & materialitatem. Propter hoc enim aer
449 630 1944 688 magis foedatur transeundo per loca foeda, quam lumen. Secundo autem modo non habet veritatem: quia
452 669 1958 740 illa fcedatio ex parte fcedati contingit propter virtutis actiuae vigorem: qua se magis fcedat & ma
463 714 1957 788 gis impingit se in rem foedam: quemadmodum primus angelus magis fcedauit se in peccato suo quam
464 773 1959 821 primus homo, propter maiorem vigorem liberi arbitrii angeli quam hominis. propter hoc enim ita impegit
454 809 1952 876 in bonum temporale, vt insepabiliter ei adhaeserit, & statim obstinatus est: homo vero non. Et isto secundo mo
461 849 1953 916 do contingit quod voluntas magis foedatur diligendo inferiora se, quam fcedatur intellectus intelligendo
464 903 1949 966 illa. & hoc ideo, quia voluntas ad foedari ab ipsis actiue se habet ad illa: intellectus vero passiue,
461 940 1953 1009 vt patet ex praedeterminatis: & ita plus fcedari contingit voluntati circa viliora se, ex eius nobilita
470 988 1962 1053 te maiori potius quam econverso: & econtrario de intellectu. ⁋ Ad quintum quod intellectus est ad actum
437 1046 1962 1108 . nobiliorem quam voluntas: quia ille est ad actum generandi: ista vero ad actum spirandi: & actus gene
466 1079 1961 1143 randi est habens auctoritatem vel quasi, in suo producto, respectu illius quod est productum actu spiran
470 1125 1956 1190 di: Dicendum quod in rei veritate non est dignitas maior in vno actu quam in alio: nec in vna persona ma
467 1172 1949 1237 ior quam in alia. & si vna persona habet quasi dignitatem super aliam, hoc est ratione auctoritatis quam
456 1224 1961 1283 habet ratione ordinis naturae siue originis in vna persona respectu alterius. Et ideo cum secundum praedicta du
467 1266 1958 1337 plex est dignitas, prioritatis, & perfectionis: dignitas vel quasi dignitas ista, non est nisi ratione quasi
478 1317 1962 1371 prioritatis: quae nullo modo est in diuinis, vt infra dicetur. Et quo ad hoc concessum est quod intelle-
465 1354 1952 1419 ctus dignior vel quasi dignior potentia est quam voluntas: sed hoc est secundum quid, cum econverso
473 1399 1953 1464 voluntas sit quasi dignior perfectione secundum praeexpositum modum, quae est dignitas simpliciter.
473 1445 1953 1510 Propter quod & voluntas etiam in deo dignior est vel quasi dignior ratio simpliciter, quam intellectus: li
473 1493 1949 1557 cet quasi prioritate in ordine rationis intellectus sit dignior, & ita secundum quid. secundum quod omnia
466 1546 981 1617 haec patent ex praedeterminatis.
1028 1622 1386 1698 Articulus. &l. D.
887 1678 1958 1785 Equitur Arti. &L. lx. de Dei beatitudine. Circa quam quae
889 1772 1102 1828 runtur octo.
893 1811 1467 1865 Primum: vtrum beatitudo sit in deo.
883 1845 1850 1909 Secundum: vtrum tres personae vnica beatitudine sint beatae.
879 1891 1857 1974 Tertium: vtrum tres personae sint vnus beatus an plures beati.
879 1949 1854 2012 Quartum: vtrum beatitudo dei constet in vno, an in pluribus.
892 1984 1926 2047 Quintum: vtrum dei beatitudo sit eius essentia an aliqua eius actio.
883 2042 1947 2099 Sextum: vtrum aeque principaliter constet in actione intellectus & vo-
900 2087 1042 2146 luntatis.
902 2090 1930 2185 Septimum: vtrum in se contineat rationes omnium beatitudinum.
901 2172 1773 2233 Octauum: vtrum praesupponit productionem personarum.
759 2224 1955 2324 Irca primum arguitur quod deus non possit dici beatus, siue quod beatitudo non sit in deo.
752 2304 1950 2379 Primo sic. Beatitudo secundum Philosophum primo Ethicorum, est praemium vir
763 2352 1944 2424 tutum. Praemio autem respondet meritum. Deo autem non conuenit aliquid me-
755 2401 1951 2461 reri: quia hoc est indigentis. ergo &c. ⁋ Secundo sic. secundum Boethium. iiii. de con-
758 2441 1941 2504 solatione philosophiae. Beatitudo est status omnium bonorum aggregatione per-
751 2488 1951 2563 fectus. in deo autem non potest esse aliqua aggregatio: quia ipsa non est sine con-
759 2532 1953 2606 positione: quae non est in deo secundum praedeterminata. ergo &c. ⁋ Tertio sic. bea
482 2584 1952 2654 titudo finis est eius qui est beatus. deo autem non est aliquis finis: immo ipse est omnium finis. ergo
488 2630 1951 2698 &c. ⁋ In contrarium est illud quod dicit de deo Apostolus primae Timoticorm vltimo. Beatus &lo-
484 2699 807 2755 lus potens. ergo &c.
486 2708 1957 2798 ⁋ Dicendum quod ex hoc dicitur beatus quicumque beatus est, quod perfecte attingit & al
480 2763 1953 2864 sequitur bonum in quod sicut in vltimum tendit appetitu ex ratione naturae suae sibi debito.
