2017 3237
123 267 1594 333 finis. Est autem finis operationis volendi & intelligendi, vt quo intelligens & volens acquirit siue adi
131 322 1600 373 piscitur sibi finem in obiecto volito & intellecto. Vnde Philosophus. xii. Metaphic. loquens de beatitudine
124 372 1590 426 dei, dicit quod fit per acquisitionem intellecti. infinuans per hoc quod in praecisa operatione intellectuali
128 418 1599 474 non consistit nisi inquantum per ipsam ipsum intellectum quodammodo acquiritur intelligenti secundum praedeter-
122 461 1595 513 minatum modum. vt sic etiam secundum Philosophum praecise sumendo operationem, ponendum est quod prin-
126 513 1590 568 cipalius consistat beatitudo in obiecto quam in operatione. Quamquam enim sic consistat in vtroque, vt etiam
126 554 1595 610 aliquo modo operatio poteritur dici ipsa beatitudo, & sic ab vtroque eorum denominetur beatus, & vtrum
116 598 1599 656 quod eorum sit finis beatificati, licet diuersimode: vt vnum eorum est finis vt quod principaliter intenditur
128 643 1601 692 alterum vero vt quo illud obtinetur: licet hoc non pertinet ad intentionem philosophi in dicto suo, ma-
116 693 1599 749 xime circa felicitatem hominis, quam non potuit ponere in obiecto cognito & amato, vt iam infra pa
109 741 1593 796 tebit: quia tamen quandoque aliquid aliqualiter potest denominari a pluribus, ita quod ab vno principaliter
121 786 1602 840 & propter se, ab alio autem secundario, & propter aliud: cum absolute & simpliciter quaeritur quid sit illud a quo
123 832 1590 880 denominatur tale, debet reddi in responsione illud a quo principaliter tale denominatur, & melius re-
123 870 1605 931 spondetur quam si reddatur alterum. Verbi gratia, Si quis bona facit proximo suo diligenti deum, &
128 921 1593 981 ob hoc dicitur bonus, ipse potest denominari bonus, & quia facitur propter proximum, & quia facit propter deum. Quia tamen
123 965 1598 1024 facit propter deum principaliter & intuitu dei, non autem propter proximum, nisi quia in ipso agnoscit deum
128 1009 1590 1069 cum absolute quaeritur quare ipse est bonus, etsi bene respondetur, quia bona facit propter proximum, melius
119 1058 1605 1117 respondetur, quia bona facit propter deum, quia etsi faceret proximo non propter deum, non vere
130 1105 1601 1161 posset dici bonus. Quare quamuis in proposito aliquis potest denominari beatus, & ab operatione qua
119 1150 1605 1204 tendit in finem, & ab ipso fine quem adipiscitur illa operatione, quia tamen a fine principaliter denomina
129 1199 1605 1256 tur beatus, tanquam ab illo quod principaliter intendit, & ab operatione tanquam ab illo quod intendit pro
123 1238 1596 1300 pter finem, & ita secundario, inquantum scilicet ipso finis adipiscitur (quia si praescribatur finis a substantiam
122 1287 1599 1339 actionis, non propter illam posset dici beatus) cum quaeritur absolute quid sit illud a quo iste dicitur
120 1331 1594 1389 beatus, etsi quoquo modo bene dicitur quod sit operatio eius qua tendit in finem: melius tamen dicitur quod
123 1380 1607 1436 sit ipse finis siue operationis obiectum. Sicut enim in genere causae formalis, res magis habet de-
131 1424 1606 1484 nominari a forma proxima & vltima, quam a prima remota: sic econuerso in genere causae finalis, ma-
126 1479 1608 1532 gis debet denominari a fine vltimo remoto, quam a fine proximo: quia sicut forma proxima est per-
114 1519 1609 1573 fectior in ratione formae quam remota, & est prima in intentione: licet sit vltima in executione: sic finis
123 1560 1602 1621 remotus est perfectior in ratione finis quam propinquus: & prior in intentione, licet vltimus in executione.
124 1611 1609 1669 vt sic denominatione quae est in genere causae finalis, qualis est ista qua dicitur aliquis esse beatus
122 1655 1605 1713 magis debet res denominari a fine qui est extra, quam a fine qui est intra, quamuis finis extra non penitus
113 1699 1601 1755 manet extra, immo per ipsum actum sit intra: secundum quod infra amplius videbitur. Quare cum illud
119 1748 1602 1807 a quo quis dicitur beatus, est sua beatitudo, sicut illud a quo quis dicitur albus, est sua albedo: mul-
123 1798 1609 1850 to melius ergo est dicere quod beatitudo rei sit eius finis vltimus qui est obiectum operationis: quam di-
126 1840 1599 1900 cere quod sit ipsa operatio. Et est temerarium in hoc sequi dictum philosophi, vt iam patebit. Sic ergo operatio si-
116 1887 1606 1946 ue intellectus siue voluntatis, non potest esse vltimus finis eius, secundum quod praecise sumitur: vt ideo
118 1928 1608 1989 nullo modo posset in ipsa principaliter consistere beatitudo, vt aperte iam patebit. Quia enim operat o
124 1978 1595 2037 vt fruitio vel vsus aliquis circa rem potius est finis opeantis, quam res ipsa: vt quod pecunia non est finis prin
122 2021 1612 2082 cipalis alicuius: sed potius habere & possidere eam aut expendere aut erogare: hoc contingit in
127 2064 1608 2128 rebus quae sunt ad finem, nullo autem modo in re illa quae obiectiue est finis, ad quem sunt omnia alia & ipse
116 2110 1608 2173 ad nihil aliud a se. ⁋ Ad quartum quod operatio est finis cuiuslibet cuius est operatio, quia est pro-
127 2156 1606 2217 pter suam operationem: Dicendum est distinguendo de rebus quarum est finis, quae sunt subiectae fini.
122 2208 1597 2266 Est enim quaedam res quae tantum habet finem intra se, & nullo modo extra: & est res alia quae non
128 2252 1607 2314 tantum finem habet intra sed etiam extra. Quae sic se habent per ordinem, quia res quae habet finem
118 2292 1614 2360 extra se: ipsa & sua actio ordinantur sicut ad finem, ad rem quae non habet finem extra, & ad eius
118 2343 1614 2400 actionem. Res primo modo solus deus est. Res secundo modo est omnis creatura. Vnde si compare
113 2386 1613 2448 mus multas causas finales quae sunt in creaturis, & illam quae est in creatore, adinuicem, duplex est
110 2437 1603 2498 ordo in ipsis, vel scilicet incipiendo ab vna extremitate, scilicet a fine summo: vel ab infimo. Verbi gratia (se
112 2478 1617 2544 cundum quod dicit Comment. in expositione diciae propositionis) si dicamus quod motus caeli est propter
119 2523 1611 2587 actionem rei aeternae diuinae, cum omne ens habeat actionem: & elementorum contrarietas est propterimo-
115 2568 1601 2630 tum caeli: & generatio est propter elemen: orum contrarietatem. Et econverso, si dicamus quare est generatio:
116 2615 1602 2681 propter contrarietatem elementorum: & elementa contraria quare sunt: propter motum caeli: & motus caeli
132 2672 1620 2730 quare est: propter actionem diuinam. & hic quiescit desiderium humanum. Et de vtroque genere rerum
125 2703 1610 2769 verum est, quod omnis rei est aliqua operatio, & quod res est propter suam operationem vt propter finem.
122 2751 1601 2824 Sed distinguendum est. de fine: quia secundum Auiecen. vi. Metapyhic. est finis per essentiam qui est finis per se, &
