2017 3255
125 287 1612 339 palem in quo consistit ipsa perfectio esse rei. Sed intelligendum quod aliter actio in deo est ad huiusmodi
127 328 1611 384 finem, qui est perfectio sua in esse: aliter vero actio in creaturis. Quia (vt dicit Comment. in exposi
121 379 1602 434 tione dictae propositionis) actio entium quae non sunt semper entia (Verbi gratia hominis actio) pri-
119 424 1604 483 ma intentione est propter aliud, secunda propter se. In rebus autem diuinis econuerso actio earum
119 475 1605 525 est prima intentione propter suum esse, & secunda propter aliud. Et hoc (vt dicit) exponendum & de
121 518 1607 579 clarandum est in scientia vniuersal scilicet in Metaphysica: & debet sic exponi, vt puto: quod actio dei essentia
117 564 1607 613 lis intelligere & velle est deo prima intentione propter suum esse: quia cum sit primum ens: & ideo
109 612 1618 669 in eo quod est res & natura quaedam, non ordinatur ad aliud, neque est propter aliud ad quod ordina
109 657 1605 711 tur sicut in terminum & finem: in gradu naturae perfectionem non habet in ordine ad aliud. Et
113 702 1610 757 ideo actio sua prima intentione non potest esse nisi propter aeternitatem sui esse. Et quia bonitatis
111 747 1603 801 suae est, vt fiuat ab ipso esse aliorum entium sua actione voluntaria & intellectuali: & acquiratur eis
119 796 1606 858 perfectio sua, secundum quod possibile est eis: Quod enim habet actionem ex se, in se habet actionem
114 836 1604 901 in alio: & non est hoc nisi spirituale & incorporeum vt solus deus: Actio vero non solum genera-
109 887 1592 948 lis & corruptibilis: sed etiam cuiuslibet creaturae prima intentione est propter aliud a se, quia su-
116 941 1608 994 per ipsam est res & natura alia a se, ad quam ordinatur sicut in terminum vltimum secundum
112 980 1608 1038 gradum naturae: tale autem necessario est primum in intentione, & omne aliud sub ipso existens se-
119 1027 1605 1085 cundum intentionem, vt velit hoc propter illud: quia cum persectio creaturae non attingentis di-
110 1073 1604 1131 uinam essentiam sit aliqua effigies, & non habet rationem effigiei qua est res absolute, sed sub ra-
116 1117 1589 1170 tione qua est illius effigies, quod habet rationem finis, hoc est ei ex ordinatione ad vlteriorem finem
115 1163 1602 1225 Oportet ergo quod ille primo intendatur, & perfectio rei in suo esse secunda intentione. Et secundum
112 1211 1606 1277 hoc caelum mouetur prima intentione propter suum amatum & desideratum, secunda vero intentio-
117 1258 1602 1318 ne propter esse sui perfectionem, vt assimilationem ad ipsum sibi possibilem per naturam acquirat.
109 1305 1605 1353 & istae sunt duae eius intentiones per se. Tertio autem, sed per accidens, intendit generationem in-
110 1349 1593 1405 feriorum. secundum quod determinat Auicen. in nono Metaphysicae. Similiter etiam est in persectio-
107 1397 1608 1459 ne creaturae intellectualis in gloria, quod habet duplicem intentionem praedictam. Cum enim sua per
122 1442 1605 1503 fectio sit similiter in quadam perfecta assimilatione ad diuini esse perfectionem, in eo videlicet quod
116 1487 1602 1542 essentiam illam attingit per intellectum & voluntatem quadam participatione tantum, & vnione gratiae
117 1541 1604 1598 non naturae: nec habeat ista assimilatio in eo quod est quaedam participatio, rationem perfectionis, nisi
114 1583 1598 1643 quia est effigies quaedam imparticipati quod ei respondet, non secundum aliquam rationem abso
110 1624 1605 1680 luti, quia participatum inquantum participatum ens, respectum quendam ponit ad imparticipa-
109 1671 1607 1738 tum a quo dependet in esse, quod respectu illius necessario habet rationem finis, & non illud quod
104 1719 1596 1780 ordinatur ad hoc: oportet igitur quod talis natura quantumcunque beata prima intentione agit actio
104 1764 1602 1815 nem intelligendi & volendi propter aliud, scilicet propter perfectionem in beatitudine dei, secun-
104 1812 1601 1871 dum actionem illius intelligendi & volendi, & secunda intentione propter perfectionem sibi pro-
117 1860 1598 1914 priam in esse, & in propria beatitudine. Et propter hoc omnis creatura plus appetit persectionem
115 1909 1602 1968 quae est in esse dei, quam quae est in seipsa: & omnis creatura intellectualis plus appetit & diligit appeti
110 1956 1608 2018 tu naturaliter ordinato beatitudinem & bonum dei, quam beatitudinem & bonum proprium. Et est
113 1994 1604 2060 beatitudo dei qua sibiipsi perfecte conformatur per actum intelligendi, & in seipsum quodam-
116 2048 1598 2097 modo perfecte transformatur per actum volendi (vt magis videbitur in quaestione sequenti) finis
113 2087 1600 2152 vltimus omnis alterius perfectionis quae est in creaturis, & complementum omnis actionis &
114 2143 1606 2200 operationis, propter quam est omnis actio & operatio, siue in deo, siue in creaturis: vt finis iste,
109 2187 1599 2238 qui est diuina perfectio, qua deus ipse est deus sua totalitate & per esse suum in intellectu, sit cau
115 2234 1596 2293 ia omnium causarum: & in alio genere causae, & in eodem tam in deo quam in creaturis sit etiam quo-
113 2271 1599 2330 dammodo causa suiipsius: vt ipsa sit causatum quodammodo suiipsius, & aliarum causarum:
112 2316 1599 2383 non quo ad esse suum in intellectu: quo ad illud enim sicut quo ad rationem suae causalitatis, sem
110 2374 1590 2434 per est prior, & causa causarum: nec quo ad esse suum in natura & essentia, siue existentia sua:
116 2406 1588 2479 hoc enim habet ex se, inquantum est ipsa diuina essentia: quae nisi sic haberet esse in effectu ex se &
106 2462 1600 2514 primo, nec posset in se habere rationem causalitatis primae: sed si haberet oporteret illam habere ab
119 2499 1589 2561 aliquo alio, a quo haberet esse in effectu: secundum quod haec omnia patent ex iam expositis: Sed est
109 2547 1596 2618 solum quasi causatum sui, & aliorum quo ad esse suum in eis quae sunt subiecta ei & perfecta ab
121 2594 1596 2659 pso sicut a fine, secundum modum praedictum, vt idipsum quod est finis per esse suum quod habet in
110 2642 1604 2709 se & ex se, licet per multa media vel secundum rem vel tantum secundum rationem differentia, est cau
106 2685 1602 2772 sa siue principium esse sui in eo cuius est finis & perfectio. & sic secundum aliud & aliud esse secundum
