2017 3284
401 276 1892 372 quod agit & intendit. Nec imputari debet ei quod incidat: quia quod agit & intendit, non nisi iuste agit & in
410 356 1896 404 tendit secundum omnes boni circunstantias. Nunc autem peccans licet non intendat ad malum aut de-
407 399 1893 455 fectum, malum tamen incidit in opus quod agit & intendit non vbi, quando, & quomodo, aut secun-
415 443 1900 506 dum alias circunstantias boni secundum quas debet agere: propter quod malum incidens sibi imputatur.
435 494 1883 548 Quomodo autem defectus qui contingit in malo poenae, deo non debeat imputari, expositum est in qua
416 538 1887 601 dam quaestione de quolibet. ⁋ Per idem patet responsio ad secundum, quoniam praecepta domini inquantum
413 593 1896 642 erant ex domini ferentis vel praecipientis intentione, bona erant: & illi populo congruentia exigente
428 635 1895 692 ustitia. sed malitia eorum factum est vt eis essent non bona propter transgressionem: secundum quod latius
413 682 1893 752 expositum est supra. Nunc autem non est malus nisi qui praecipit mala: vel ex genere operis: vel ex
412 721 1052 796 mala & peruersa intentione praecipientis.
827 806 1903 884 Equitur Ar. X Ill. de dei perfectione. Circa quam duo sunt inquirenda.
841 868 1482 931 Primum: vtrum deus possit dici perfectus.
848 895 1765 972 Secundum: vtrum perfectione cuiuslibet creaturae sit perfectus.
1104 946 1890 1025 Irca primum arguitur quod deus non possit dici perfectus.
1119 1009 1894 1060 Primo sic. omne perfectum est factum: quia praepositio il-
1112 1058 1893 1104 la per, in proposito non diminuit sed potius auget. Deus
1115 1104 1892 1162 non est factus: quia per ipsum facta sunt omnia, vt vult
1115 1143 1890 1206 Augustinus super loan. ergo &c. ⁋ Secundo sic. id cuius na-
1109 1197 1901 1249 tura stat in eo quod supra se recipit omnes conditiones
1100 1240 1909 1307 nobilitatis, maxime imperfectum est: quia de ratione perfecti
836 1274 1905 1348 est quod non recipit additionem in dignitate & nobilitate: & de ratione im
423 1335 1905 1393 perfecti: quod recipit additionem, vt iam dicetur. Deus est huiusmodi: quia non est nisi esse purum vt habitum est
415 1380 1899 1440 supra. Esse autem simpliciter & purum, super se recipit omnes determinationes dignitatis & nobilitatis,
402 1431 1898 1487 vt sunt sapientia, bonitas, pulchritudo &c. huiusmodi. ergo &c. ⁋ Tertio sic, quae perfecta sunt per se ni
425 1478 1907 1535 hil inuenitur extra illa, vt dicit Philosophus. v. meta. ca. de perfecto. & dicit primo cae. & mundo. quod corpus
423 1527 1912 1581 vniuersi ex hoc est perfectum quia non habet aliud corpus extra, quod tangit ipsum. extra deum autem sunt
417 1564 1905 1618 omnes creaturae. ergo &c. ⁋ In oppositum est: quoniam imperfectum habet esse ab aliquo perfecto quod habet es
426 1609 1902 1662 se prius. secundum enim quod dicit Philosophus. xii. meta. semina quia imperfecta sunt: sunt ex aliis praeceden
429 1659 1907 1709 tibus perfectis. Primum enim non est semen: sed aliquid perfectum verbi gratia: quod hominem oportet
416 1702 1898 1762 esse ante sperma. Deus autem habet esse non ab alio sed a se, vt habitum est supra. a quo omne aliud
428 1752 1911 1807 habet esse, vt videndum est infra. ergo &c. Vnde dicitur Matth. v. Estote perfecti sicut pater vester cae
418 1800 1826 1854 lestis perfectus est, qui est ipse deus. Et in symbolo dicitur de Christo quia est perfectus deus.
422 1868 1904 1918 ⁋ Quia vt habitum est ex praedeterminatis, ex eis quae apparent nobis in creatu-
434 1914 1904 1966 ris declarantur nobis consideranda circa deum creatorem: vt cognoscamus perfectionem diuinam
422 1959 1898 2009 & qualiter excedit perfectionem omnis creaturae: oportet hic primo videre modos perfectionis re-
427 2012 1905 2066 pertos in creaturis: & videre quis congruat deo & quis non. Et quia cognitio nostra ab imperfecto
429 2058 1914 2114 ad perfectum naturaliter procedit: & de imperfecto nata est a nobis haberi cognitio imperfecta:
427 2094 1915 2152 & de perfecto perfecta: In hoc enim secantur scientiae quemadmodum & res: vt dicitur tertio de ani
422 2148 1908 2207 ma: Idcirco incipiendum est a modis imperfectionis repertae in creaturis, vt ex opposito pateant no
424 2190 1921 2240 bis modi perfectionis. Est igitur sciendum quod ratio imperfecti est quod ex se sit diminutum in aliquo:
422 2234 1910 2283 & ideo natum super se recipere additionem alicuius extra se: & econtrario ratio perfecti est quod in
425 2283 1905 2340 se non sit diminutum in aliquo: & ideo nec natum recipere additionem alicuius extra se inquan-
423 2329 1909 2390 tum huiusmodi. Hinc dicit Augustinus lb de natura & gratia. lbi est summa perfectio vbi nihil addi-
429 2375 1916 2429 tur. & primo solilo. Summa plenitudo est vbi nihil deest. Circa modos igitur imperfecti, & per con
425 2417 1919 2470 sequens perfecti, aduertendum: quod imperfectum quia potest recipere additionem, aut est susceptibi-
418 2465 1913 2523 le additionis intra se in simplicitate naturae suae & essentiae: aut extra simplicitatem naturae & essentiae
420 2513 1916 2566 suae. Primo modo est imperfectum omne quod intentionem capere potest inquantum huiusmodi: & ex
423 2560 1908 2618 opposito perfectum est illud quod in naturae suae intentione vltimatum terminum habet. Hoc modo
430 2606 1910 2656 secundum Philosophum. v. metaphysicae, dicitur perfectum aliquid secundum virtutem & modum
421 2651 1909 2708 bonitatis suae, quando nihil aliud potest habere excessum super ipsum secundum illud genus naturae
435 2698 1908 2747 & hoc dupliciter: Proprie, & transumptiue. Proprie quando est perfectio secundum id quod est bonum sim-
426 2749 1917 2803 pliciter, vt dicitur aliquis medicus vel musicus perfectus quando secundum speciem propriae virtutis & bonitatis
429 2790 1911 2847 scilicet medicinae vel musicae, in nullo deficit aut diminuitur. Et secundum Commenta. hoc est per
