2017 3215
160 258 1638 336 ola diuina essentia fruendum est, & tale est ipsa beatitudo: Dicendum quod verum est tanquam id quod pri
151 332 1632 380 mo intenditur, & in quo vltimo sistit propter se tanquam in fine vniuersali omnium. Sub isto tamen or-
154 375 1639 432 dine beatitudo rei vt est huius vel illius, consistit in modo habendi illam per quandam conformi
153 422 1638 479 tatem & assimilationem in modo habendi illam in se diuersimode in deo & in singulis speciebus
157 473 1639 528 creaturarum, & etiam in actionibus suis quibus acquirunt vel habent huiusmodi assimilationem, vt dictum
163 515 1641 567 est: & iam amplius dicetur. ⁋ Ad illud quod finis praecedit omnem operationem, & ita id quod est ipsa
161 561 1636 618 beatitudo: Dicendum quod verum est maxime de vltimo fine per essentiam, qui non tam praecedit ordine
171 611 1638 666 quodam secundum suum esse in effectu, quam & in intellectu omnia alia quibus deuenitur ad ipsum quod est
165 654 1632 701 vnicum desideratum, & omnia alia sunt quasi fluxus ad ipsum, vt dicit Auie. Nihilominus tamen
148 699 1626 757 alia sub illo fine simul bene possunt habere rationem finis. vt patet secundum determinata. ⁋ Ad illud, quo
158 745 1645 802 non est actio nisi propter aliud intenta. &c. Dicendum quod verum est de omni genere actionis secundum praedetermi
146 790 1635 842 nata, & ideo nullo modo habet rationem vltimi, nec rationem perfectam beatitudinis. Potest tamen ha-
151 836 1634 891 bere rationem finis sub fine, & sic beatitudinis. vt dictum est. ⁋ Ad aliud quod res integra bonitate
153 883 1636 935 vt deus non indiget operatione qua sit bona: Dicendum quod duplex est operatio, secundum praedicta, quae-
151 930 1627 982 dam qua beatitudo habita conseruatur. talis operatio deo convenit, & in tali consistit sua beatitu-
152 977 1639 1029 do, vt patet ex praedetermiatis. Alia vero est opeatio qua beatitudo acquiritur siue conseruetur cum
159 1020 1639 1073 hoc siue non, & siue aliquaudo prius fuerit non habita siue non . Sine tali operatione deus habet
146 1070 1629 1124 suum bonum & suam beatitudinem, quia eam habet naturaliter per realem identitatem qua ipse est sua
148 1112 1636 1175 beatitudo, licet sub ratione beatitudinis siue beatificantis & beatificati non habet eam, nisi per suam
158 1160 1638 1217 operationem qua sibiipsi vnitur vt differens a seipso secundum rationem beatificantis & beatificati. Vnde
158 1209 1627 1257 quod diximus supra secundum philosophum, quod deus sua intellectuali operatione acquirat suam beatitudinem: ipse ibi large
153 1252 1629 1301 loquitur de acquisitione, accipiendo acquisitionem pro actionis necessitate sine qua deus suam beatitudinem
150 1296 1637 1348 habere non potest sub ratione beatificantis, vt dictum est. Quaedam autem alia habent eam per suam operatio
148 1347 1634 1401 nem qua sibi eam acquirunt meritorie cum gratia, vel perfecte attingendo diuinam essentiam, vt beati
152 1388 1643 1439 in gloria, vel imperfecte attingendo solam eius similitudinem, vt homines in praesenti vita per gra-
151 1433 1638 1488 tiam fidei, vel ex puris naturalibus secundum philosophos. & hoc non attingendo diuinam essentiam
156 1488 1636 1543 nisi in aliqua eius similitudine. Et hoc bene exprimit philosophus litera sua qua dicit. Nobile per-
147 1530 1638 1582 fecte completum est illud quod est nobile sine actione, & sine operatione qua acquirit nobilitatem:
147 1571 1638 1634 & illud quod est propinquum nobili, est illud quod acquirit ipsum vna actione parua. Vbi dicit Commen.
153 1617 1639 1680 lllud quod acquirit nobilitatem perfectam sine actione, est illud cuius actio est sua substantia, scilicet
153 1665 1635 1724 intellectus abstractus, & omnia alia quae dicuntur esse huiusmodi non dicuntur nisi per similitudi-
158 1717 1638 1772 nem. Aduerte quod dicit acquirit sine actione, loquendo de acquisitione coniter dicta quae non est sine actio-
152 1761 1641 1815 ne qua habetur, & de actione qua proprie acquiritur. Vnde & secundum diuersos modos habendi huiusmodi
164 1801 1638 1855 bonum secundum possibilitatem suae naturae, distinguit quatuor ordines rerum, quorum quilibet ha-
155 1849 1626 1901 bet latitudinem praeter vltimum: quorum primus (vt dicit) est ordo entium, quae comprehendunt nobi
155 1895 1641 1956 litatem perfectam absque operatione, & diuersificantur secundum magis & minus. Haec autem sunt
156 1945 1636 2003 entia abstracta, vt sunt intelligentiae: quae secundum Philosophum, dii sunt, omnes habentes vnum primum
155 1993 1642 2048 & supremum in isto ordine: quem ponit esse perfectissimum: & omnes ponit esse beatos per essen
167 2035 1634 2092 tiam & essentialiter, & nullo modo participatiue neque per acquisitionem, sed tamen per eorum, propriam
153 2081 1639 2142 intellectualem opeationem, secundum quod dicit in x. Ethicorum. Perfecta felicitas quoniam speculatiua quae
161 2130 1630 2186 dam est operatio, & hinc vtique apparebit. Deos enim magis suspicati sumus beatos & felices esse
159 2172 1637 2219 &c. Secundus ordo est eorum quae appropinquant perfectae nobilitati per operationem. & hoc duo-
156 2217 1641 2271 bus modis. Aut per modicam operationem, & hoc non inuenitur nisi in corporibus caelestibus, &
159 2262 1640 2313 non est nisi primus orbis qui mouetur motu diurno. Quia enim est nobilius eorum quae sunt
156 2306 1636 2368 illius generis: necesse est vt acquirat nobilitatem quae est in illo genere vnica actione: secundum quod il
163 2358 1641 2404 lud quod est paucarum actionum est melius quam illud quod plurium. Aut per multam operationem, &
159 2402 1635 2454 inuenitur in corporibus caelestibus aliis, & in nouissimo eorum quae sunt hic, scilicet in homine.
155 2444 1638 2505 Tertius est ordo eorum quae non possunt apprehendere nobilitatem propinquam nobilitati per
152 2494 1638 2547 fectae neque multa operatione neque modica, sed tamen comprehendunt nobilitatem minorem pro-
149 2542 1639 2595 pinquam perfectae nobilitati: & sunt alia a corporibus caelestibus & hominibus praeter terram.
162 2588 1629 2640 Quartus ordo est terra: quae non potest comprehendere nobilitatem per operationem, sed fere per
159 2635 1633 2688 quietem tantum. ⁋ Ad duo vltima argumenta quod operatio non est vltimus finis, ergo nec beatitudo: Di-
158 2680 1634 2730 cendum quod verum est perfectam rationem beatitudinis habendo. Aliquam tamen rationem eius ha
152 2719 1195 2785 bet etiam cum praecise accipitur, vt patet ex iam praedeterminatis.
