2017 3311
448 245 1951 335 litum vt existens in intellectu se habet ad voluntatem vt in ipso quiescat cessante appetitu non
448 324 1953 380 per actionem suam, neque vt existens in ipsa. Et sicut hoc contingit per diuersitatem realem in-
446 376 1941 430 ter finem interiorem & exteriorem, & inter actus voluntatis & intellectus inter se, & ab ipso
436 415 1954 466 intelligente & volente in beatificatione creaturae intellectualis in gloria: Sic contingit per diuer
449 462 1948 522 sitatem illorum secundum rationem tantum in beatificatione dei. Quamquam enim deitas sub ratione
458 508 1939 561 boni simpliciter sit finis omnium, quod omnia appetunt per essentiam extra omnes creaturas, & spe
449 555 1950 612 cialiter sit finis qui est beatitudo omnium intellectualium in gloria beatorum, siue sit creator,
446 603 1945 657 siue creatura, eorum tamen non est finis vt beatificans: nisi per hoc quod ipsam per intellectum &
449 648 1954 705 voluntatem assequantur, & attingant, & ei vniantur. Per hoc etiam id quod generaliter est finis omnium
449 697 1950 745 & specialiter finis qui est beatitudo intellectualium in gloria, finis est diuersorum diuersimode
447 742 1959 802 secundum quod diuersimode secundum diuersum modum vnitatis & vnitionis ipsum attingit, ali
449 791 1948 842 ter deus, aliter creatura, secundum quod patet ex supra determinatis, & iam patebit. In qua vnione
453 838 1942 890 respectu creaturarum beatarum est finis extra differens secundum rem ab eo cuius est: respe-
460 883 1951 940 ctu vero dei beati est finis extra secundum rationem tantum, differens sola ratione ab ipso. Et secun
458 928 1953 991 dum hoc beatitudo dei quae est vt finis vltimus beatificans: licet sit principaliter ipsa dei essen
446 978 1945 1038 tia qua beatificatur & quodammodo perficitur: beatitudo tamen beatificans eum vt actus & fi-
445 1021 1942 1079 nis intra coniungens illi fini, est actus intellectus ipsius, sicut & contingit in nobis. praeter hoc quod
440 1073 1947 1128 in nobis omnia ista differunt re: in deo autem sola ratione: vt dictum est. Et secundum hoc isti
449 1121 1950 1175 ad quaestionem dicerent: quod beatitudo principalius, aut solum tanquam in actu & in fine sub fine con
446 1163 1947 1214 sistit in actu intellectus dei non voluntatis, sicut & in nobis. Haec (vt puto) est positio eorum, fir-
448 1212 1955 1272 mitas, & modus. ⁋ Vt autem videamus huiusmodi dictorum firmitatem, quasi a capite inchoan
459 1259 1955 1321 do singula percurramus. Quod ergo dicunt quod fini exteriori vltimo beatificanti plus coniugit actus
458 1303 1946 1362 intellectus quam voluntatis, & plus pertingit ad ipsum, vel potius solus actus intellectus ad illum dicto
443 1352 1950 1414 modo pertingit, & non actus voluntatis: licet ex illo inquantum pertingit intellectus, aliquid con
449 1394 1941 1448 sequatur in voluntate, vt delectatio & quies, in qua perficitur beatitudo secundum praedictum mo
446 1443 1953 1501 dum: Non est verum: immo contrarium est verum. Voluntas enim suo actu plus pertingit in finem vlti
456 1493 1938 1540 mun, & ipsi coniungit, maxime sub ratione qua beatificans, est, quam intellectus sua operatione: vel potius
452 1537 1957 1590 sola voluntas attingit ad illum sub ratione qua beatificans. Ad cuius intellectum sciendum est, quod quia
446 1585 1949 1644 finis vno modo est causa causarum: alio vero modo effectus causarum, secundum quod determi-
447 1637 1956 1695 nat Auicenna. vi. metaphy. & habitum est in quaestione praecedenti: Idcirco duplex est ordo mo
450 1681 1955 1732 tionis inter finem & illa quae secundum alia genera causarum ordinantur in finem: & ex illo du
452 1729 1959 1780 plici ordine vnus completur quasi circulus, incipiens a fine vltimo vt est causa causarum, & ter-
458 1767 1948 1831 minatus in eundem vt est causatum earum. Quod clare patet circa opus artificiale humanum, quia
452 1817 1957 1883 secundum primum ordinem finis vltimus qui est extra, primo sub ratione veri mouet efficientem
447 1866 1946 1919 siue agentem: vt ipsum apprehendat sub ratione boni cogniti per intellectum: & sub ratione boni mo-
455 1909 1941 1961 uet voluntatem alliciendo ipsam ad se desiderandum, & terminatur ordo primae motionis, & sta
446 1958 1944 2017 tim incipit ordo secundae motionis. Voluntas enim allecta bonitate finis ipsum concupiscit
447 2005 1955 2058 adipisci, & mouet intellectum ad concipiendum formam motionum, & omnium aliorum quae
445 2052 1956 2108 sunt necessaria ad ipsum pertingendum: quibus conceptis mouet in operationis executionem
449 2099 1947 2148 omnia necessaria vt finis conceptus adipiscatur cum effectu, & quousque adipiscatur non cessat
452 2147 1950 2207 & ipso adepto terminatur ordo secundae motionis. Verbi gratiSia: quis carpentarius existens
461 2191 1947 2258 debeat domum facere ad inhabitandum vt defendatur a caumatibus & pluuiis, primo concipit
447 2237 1935 2295 formam inhabitationis in intellectu, & eius bonitate allicitur ad eius amorem & appetitum vo-
443 2283 1937 2350 luntas: quae mota & concupiscens mouet intellectum ad concipiendum formam domus & dispo-
458 2332 1950 2384 sitionem lapidum & lignorum, & omnium instrumentorum, & motionum necessariarum vt for
449 2381 1944 2432 ma domus concepta inducatur in materia: quod est finis inquantum est aedificator: sed est finis
452 2422 1947 2476 sub fine inquantum debet esse inhabitator. FEorma autem domus perfecte inducta in materia, iam
444 2474 1947 2532 attingit finem extra, & est domus inhabitatio. Quia si contingeret quod forma domus non esset in
444 2517 1948 2570 materia: sed in intellectu tantum: aut quid maius est, in se separata potens se facere in intellectum aliquem
446 2562 1951 2627 si vellet, & nequaquam si non vellet, nec quaereretur eius corporalis & materialis inhabitatio: sed spiri
443 2612 1946 2665 tualis tantum: vt voluntas, vel potius habens voluntatem eam spiritualiter vellet inhabitare: tunc
453 2659 1946 2714 non quaereretur materia, neque forma instrumentorum & motionum quibus forma domus indu-
440 2708 1943 2759 ceretur in materia: sed forma domus seipsam secundum seipsam non sub aliqua specie aliena fa
446 2755 1943 2797 ceret se in intellectum, qui eam non haberet in se naturaliter: sed posset promereri vt in ipsam per
440 2793 1943 2871 essentiam suam veniret: & moueret, & alliceret sua bonitate & fructu inhabitationis voluntatem
