2017 3300
449 295 1904 363 in illo esset quicquid est appetibilis in eo quod appetunt: licet modo supereminentiori: a quo mouetur
459 345 1901 410 primo, & per se appetitus: licet confuse & in generali. Quoniam secundum determinationem Augustiniusnis viii.
459 390 1914 447 de triniitate. iiii. ca. vsque ad. vii. quicquod in alio nobis placet, non in seipso nobis placet: sed in illa arte
452 434 1910 494 diuina: vbi nisi illud diligeremus, nullo modo id diligeremus quod ex illa diligimus. lpsa vero
464 482 1913 536 (vt dicit) est forma & veritas, non quo aliunde diligatur. Pudeat ergo cum talia non amantur nisi
466 536 1913 595 quia bona sunt eis inhaerendo, non amare ipsum bonum vnde bona sunt. Quicquid ergo est boni & ap-
468 577 1912 639 petibilis in quacumque alia beatitudine ab ea quae deus in se est beatus, in beatitudine dei totum est. Illud
452 633 1900 688 autem est ratio beatitudinis illius propter quam quaeritur. Idcirco dicendum est simpliciter & absolute
465 668 1914 735 quod omnis ratis cuiuslibet alterius beatitudinis propter quam quaeritur, & propter quam dicenda est ha-
456 714 1918 768 bere rationem beatitudinis, in beatitudine dei qua ipse est beatus, perfectissime continetur: & placet
455 761 1910 821 atque delectat in illa quicquid placet atque delectat in aliis sub modo multo eminentiori: qui veri
465 821 1906 869 tatem boni & delectabilis non eximit, sed potius auget. Et (vt dictum est) eodem est homo bea-
454 858 1908 915 tus, & deus. Consimiliter omnis ratio alterius beatitudinis in vera hominis beatitudine continetur: &
465 904 1912 964 simul in summa etiam quicquid extra eam tanquam bonum & delectabile continetur: & spersim a diuersis &
458 946 1914 1002 variis quaeritur in praesenti exterius: quod in solo vno quaerendum est interius. Quam attingunt qui quaerunt ea in
459 993 1919 1042 illo perseueranter, & ab ea repelluntur quid quaerunt ea extra ipsum. secundum quod Augustinus exemplificans in vno
458 1032 1909 1096 illorum dicit. viii. de triniitate. ca. vii. Qui quaerunt deum per istas potestates quae mundo praesunt vel partibus
459 1093 1907 1147 mundi, auferuntur ab eo longeque iactantur, non interuallis locorum, sed diuersitate affectuum. Exte-
452 1130 1917 1187 rius enim conantur ire: & interiora sua deserunt, quibus interior est deus: in quo simul omne
460 1179 1919 1241 bonum habetur, dicente domino ad Moysen. Ego ostendam tibi omne bonum. Hinc etiam dicit Augustinus
452 1219 1914 1285 de sententia Prosperi. Deus tibi totum est quod recte desideras, & caetera. vt supra in quaestione secunda de
451 1269 1916 1331 perfectione dei. Et hoc est quod dicit Boethius in principio. iii. de consolatione. Oim mortalium cura quam
464 1320 1926 1375 variorum studiorum labor exercet, & caetera. per totum capitulum multum notandum. & cap sequenti. Vos
453 1360 1916 1425 o terrena animalia, tenui licet imagine vestrum tamen principium somniatis: verumque illum beatitudinis finem,
448 1406 1915 1477 licet minime perspicaci, qualicumque tamen cognitione percipitis: eoque vos ad verum bonum naturalis du
453 1470 1915 1514 cit intentio: sed ab eodem multiplex error abducit. Et infra in quodam alio capitulo. Quod sim-
461 1506 1921 1562 plex est indiuisumque natura, id error humanus separat: & a vero atque perfecto ad falsum imper-
460 1549 759 1612 fectumque traducit.
470 1602 1932 1666 ⁋ Ad primum in oppositum: quod aliqua beatitudo est ficta: Dicendum quod est ficta quo ad hoc
481 1647 1913 1704 b bonum quod in ea quaeritur, in re creata aut temporali quaeritur: in qua & finis statuitur: & non est in deo
461 1690 1926 1761 secundum modum quo est in creatura: & quo in ea quaeritur & finis statuitur. Quo tamen ad id quod in ea est
462 1732 1931 1802 bonum & delectabile: secundum modum supereminentiorem totum est in deo sub ratione veri & perfecti. Pro
467 1783 1924 1849 pter quod probat Boethius post capitulum iam signatum per plura capitula, quod vanitas erat ponere in prae-
461 1831 1921 1891 dictis beatitudinem extra deum: quia extra ipsum sparsa sunt & diminuta. ⁋ Et per hoc etiam
469 1883 783 1948 patet ad secundum.
744 1915 1922 1985 Irca Octauum arguitur: quod perfecta ratio beatitudinis dei non supponit productionem
740 1969 1911 2031 personarum. Primo sic. beatitudo dei est in deo de essentialibus: quia est communis tribus
743 2014 1919 2074 vt pti ex praedictis. sed essentialia non praesupponunt personarum productionem: quia sunt quasi
735 2062 1925 2121 fundamenta productionum, vt habitum est supra, & amplius videbitur infra. ergo &c.
738 2110 1930 2167 ⁋ Secundo sic. beatitudo est summum bonum. sed diuina essentia vt est summum bo
734 2163 1921 2218 num, non praesupponit productionem personarum: quia nihil bonitatis additur essentiae in
720 2197 1929 2264 persona, quia non est bonum in diuinis nisi essentiale. ergo &c. ⁋ In contrarium est: quoniam
464 2257 1926 2307 non est ratio beatitudinis in deo nisi quia deus operatione sua intellectuali voluntatis & intellectus
458 2289 1932 2352 consequitur bonum quod ipse est, vt patet ex supra determinatis. ergo non est perfecta ratio beatitudinis
458 2336 1923 2400 in deo nisi consequatur ipsum perfecta opeatione intellectuali. sed perfecta opeatio intellectualis supponit
463 2386 1928 2456 personarum productionem, vt ostensum est in prima quaestione disputationis sextae de Quolibet. ergo &c.
461 2431 1934 2516 ⁋ Dicendum ad hoc. secundum quod vltima obiectio procedit: & secundum quod determinatum est
460 2503 1918 2565 supra: quod Deitas neque isub ratione qua deitas est, neque etiam sub ratione qua in se bonitas quaedam est
454 2549 1923 2613 rationem beatitudinis habet. tunc enim deus beatus esset, & perfectam rationem nobilitatis haberet abs
464 2597 1920 2664 quod eo quod consideraretur esse in actu in opeatione intellectuali: etiam consideratus vt dormiens. Quod est
457 2640 1923 2694 contra philosophum. xii. Metaphic. vbi dicit. Si nihil intelligit, quid est illud nobile quod inest ei: Et sic deus
461 2689 1923 2749 esset beatus non existens in quasi digniori & nobiliori sua dispositione, quod est contra rationem
463 2731 1921 2798 beatitudinis secundum praedeterminata. Sed quod deitas sub ratione summi boni continentis in se omnem
464 2790 1938 2862 rationem boni, habet in se rationem beatitudinis, hoc contingit per hoc: quod ille cuius est, eam con-
