2017 3259
395 255 1923 368 nes: quia sequuntur per se & immediate passionem de genere passionis quocumque modo fiat: non autem
400 335 1920 408 affectiones: quia non se habent ad id cuius sunt, per modum impressionis in illis: sed potius per
415 380 1920 455 modum expressionis ex illis. propter quod etiam significant per modum actionis: licet non significant
402 435 1922 499 aliquid quod est de praedicamento actionis, aut reducibile ad illud. Quaedam vero sunt passiones,
414 474 1921 540 & etiam affectiones, vt sunt gaudium, & delectatio, & huiusmodi, secundum quod sunt in intellectiua
413 523 1923 597 parte: quorum esse simpliciter non consistit in fieri sed in quodam facto esse. vnde circa huius-
422 575 1934 631 modi non contingit alteratio per se in nobis sicut neque circa praedicta. Dicuntur tamen passiones: quia
415 620 1925 681 sequuntur aliquam passionem in nobis: sed aliter quam praedicta: quia illa sequuntur immediate passio
407 661 1935 724 nem illam quae est de genere passionis, qua sit alteratio aliqua: etsi non illa quae est per qualitates
421 708 1928 775 sensibiles, nisi a remotis, vt est alteratio per intelligibile receptum in intelligente: ad quam imme
415 754 1939 821 diate sequitur operatio intelligendi in intellectu: & mediante illa, licet non agente illa, operatio
427 801 1932 864 volendi in voluntatetier. Ista vero sequuntur non immediate passionem illam de praedicamento pas
416 856 1941 912 sionis: sed illam quae consistit in facto esse, & sequitur illam. Delectatio enim intellectualis imme
423 894 1941 963 diate sequitur actum intelligendi & volendi. Quae etiam dicitur affectio: quia se habet ad id
422 943 1940 1010 cuius est, per modum impressionis ab operatione intelligendi & volendi circa suum obiectum: sed
428 986 1944 1059 principaliter ab ipso obiecto, vt patebit in quaestione sequenti. Patet ergo quomodo amor est prin
421 1037 1937 1104 cipium quasi secundum genus causae efficientis omnium passionum & affectionum etiam illarum quae im
421 1084 1931 1152 portant rationem defectus & imperfectionis: qui bene dicitur in deo, licet non illae affectiones vel passiones, eo quod
426 1126 1950 1189 ratione sui nominis aut rei secundum quod nomen imponitur ad ipsam significandam, nullam rationem defectus aut imperfectionis
432 1179 1947 1233 importat: sicut faciunt illa principiata. hoc enim est praecise quare aliquid dicitur esse per proprietatem in deo
436 1216 1947 1282 vel non: non autem natura rei absolutae. Quia si esset huiusmodi causa in principio, simiter & esset in principiato
433 1272 1947 1333 vt procedit obiectio. ⁋ Ad secundum: quod affectiones expediunt actionem: Dicendum quod verum est: vnde propter istam
432 1317 1946 1388 proprietatem affectio quaelibet potius deo esset attribuenda per proprietatem quam non attribuenda. Sed
440 1359 1946 1422 cum aliqua proprietas defectus aut imperfectionis est annexa, illa plus impedit quam multae aliae pos
426 1410 1938 1475 sent conferre. Quia in deo non solum debet esse perfectio omnis: sed etiam debet esse in ipso absque omni
430 1454 1951 1515 defectu & imperfectione annexa. ⁋ Ad tertium: quod omnes affectiones sunt absolutae passiones, quae
438 1506 1937 1562 non possunt esse in deo: Dicendum quod verum est secundum quod habent rationem passionum quae sunt de pra
431 1546 1959 1609 dicamento passionis: aut quae sunt a passione quae est de praedicamento passionis, causatae, siue me
439 1598 1946 1661 diate siue immediate. Quia illa quae est de praedicamento passionis, secundum id in quo fundatur nullo
423 1639 1950 1704 modo potest esse in deo: licet sit in ipso secundum rationem puri respectus quem importat, vt habitum
434 1697 1959 1747 est supra. Secundum vero quod habent rationem passionum quasi causatarum immediate & solummodo a
430 1734 1949 1805 passione quae est de praedicamento passionis secundum rationem tantum: quemadmodum in deo actio intelli
437 1788 1956 1848 gendi & volendi quasi sequuntur rationem informationis diuini intellectus a forma suae essen-
430 1818 1950 1896 tiae: vel causatarum ab ista mediate, sed immediate ab illa quae est velle & intelligere: quae habet
431 1879 1943 1932 rationem actionis & passionis tantum secundum rationem sui respectus tantum: non autem eius super quod fundatur
437 1922 1955 1994 in creaturis, vt sunt gaudium, & delectatio: de istis non est verum, quin bene possint esse in deo:
454 1965 1276 2039 quia nullam rationem imperfectionis penitus dicunt.
682 2036 1950 2106 lrca Secundum arguitur: quod delectatio non sit in deo. Primo sic, quod est in crea-
707 2095 1956 2157 turis non attribuitur deo nisi sit omnibus & semper melius esse ipsum quam non
728 2140 1956 2203 psum. secundum regulam Anselmi. Sed in delectatione non est omnibus & semper
716 2189 1960 2246 melius esse ipsum quam non ipsum: quia in aliquo actu melius est omnibus non delectari
708 2237 1950 2303 quam delectari, vt in actu fornicationis, adulterii, & huiusmodi: quia quanto in
707 2283 1959 2339 tali actu aliquis plus delectatur, tanto magis peccat, & maiora tormenta meretur:
437 2343 1961 2390 iuxta illud. Quantum glorificauit se & in delitiis fuit, tantum date ei de tormento & luctu. ergo &c.
451 2372 1961 2433 ⁋ Secundo sic, quid est communiter in pluribus, est in eis secundum causam communem, quare cum delecta
455 2421 1965 2478 tio sit in brutis, si esset etiam in deo, esset in eis communiter: ergo & per causam communem. consequens
441 2475 1957 2525 falsum est: quia delectatio in brutis est ex sensu in appetitu sensitiuo. talis autem causa non habet
459 2516 1971 2574 esse in deo: quia neque sensus neque appetitus habent esse in deo. ergo &c. ⁋ In contrarium est illud
464 2564 1963 2620 salmi. Delectationes in dextera tua vsque in finem. Et Prouerbiorum. ix. dicitur de sapientia incre
447 2613 1957 2670 ata: Delectabar per singulos dies ludens coram eo. Et philosophus dicit. vii. Ethicorum. Deus semper gau-
459 2651 1971 2709 det vna & simplici delectatione. ⁋ Quia autem delectatio non sit annexa diuinae beatitudini: arguitur
449 2697 1967 2756 Primo sic. quia delectatio est sui gratia, & secundum se non propter aliud eligibilis. dicente philosophous in x.
445 2748 1963 2803 Ethicorum. Maxime eligibile quod non propter alterum neque alterius gratia eligimus. Tale autem con
446 2792 1965 2873 fessum est esse delectationem. talis autem est ipsa beatitudo vel aliquid eius, non autem annexum ei. ergo &c.
