2017 3287
105 266 1599 335 naturam habitus. Et in x. dicit, quod delectationes propinquae sunt operationibus & indiscretae, sic vt ha
109 334 1597 386 beat dubitationem, si idem est operatio delectationi. Determinat tamen quod differunt: & est planissi
105 380 1591 428 ma differentia: in hoc scilicet quod delectatio est quasi quid impressum ei quod delectatur. Operatio
108 422 1587 474 vero est quasi quid expressum ab ipso. Et ideo delectatio proprie significat per modum passionis: minus pro
110 468 1583 524 prie vero dicitur operatio, & operatio minus proprie dicitur passio. Ambo tamen sunt de tertia spe
107 514 1590 571 cie qualitatis: quia passibiles qualitates, passiones sequentes quae siunt ab intelligibili in intellectum
109 560 1586 613 in producendo actum intelligendi, & a bono, licet metaphorice, in voluntate ad eliciendum actum
109 608 1592 665 volendi: ad quos sequitur delectatio, vt finis non principalis neque principaliter intentus: sed vt qui
104 653 1581 705 dam finis superueniens, quasi naturaliter fini principali annexus, quia inquantum distillat in de-
98 693 1594 756 lectantem, sit sequens actionem, licet quasi a posteriori non in anterius habet rationem finis cu-
104 744 1590 798 iusdam, inquantum tamen cum distillata fuerit, est principium & dispositio qua efficacius elicitur
109 790 1592 847 actus in obiectum. Et sic quamquam Philosophus dimittat in dubio, an delectatio sit propter operatio-
103 845 1580 892 nem an econuerso: visis tamen praedictis non amplius manet dubium, quin delectatio sit propter ope-
104 881 1587 936 rationem intendendam & firmandam, non autem econuerso operatio propter delectationem, licet
104 924 1579 991 sit per ipsam. Vnde delectatio non est nisi propter aliud intenta, scilicet propter fortiorem finis adeptio
111 979 1074 1039 nem, & vt operans firmius & perfectius persistat in operatione.
389 1068 1508 1145 ⁋ Artic. El. De differentia attributorum diuinorum inter se.
507 1153 1589 1248 Ertractatis dubitabilibus quae pertinent ad diuinas pro-
509 1231 1582 1296 prietates communes siue attributa eius, vt considerantur in se & abso
517 1286 1590 1348 lute: Sequitur de illis quae pertinent ad ipsa, secundum quod comparan-
510 1325 1381 1385 tur inter se & ad ipsam diuinam essentiam. Et sunt duo.
512 1349 1483 1425 Primum de differentia attributorum inter se, & ab ipsa essentia.
517 1394 1596 1488 Secundum vero est de ordine ipsorum inter se, & ad illa quae in ipsa
518 1463 863 1524 essentia considerantur.
517 1482 1151 1573 ⁋ Circa primum istorum quaeruntur tria.
510 1529 1583 1628 Primum: Vtrum attributa in deo aliquam habeant inter se differen
503 1602 595 1661 tiam.
117 1640 1352 1725 Secundum: vtrum quaedam illorum differant inter se plus, quaedam vero minus.
128 1697 1243 1769 Tertium: vtrum differentia eorum ponat aliquam compositionem in deo.
393 1748 1582 1814 Irca primum arguitur quod attributa in deo: nullo modo differant inter se, neque a sub
387 1800 1582 1855 stantia siue a diuina essentia. Primo sic. Omnis differentia siue diuersitas ponitiplu
377 1855 1581 1906 ralitatem siue multitudinem, quae opponitur vnitati, sicut diuisio indiuisioni se-
383 1895 1591 1949 cundum Philosophum. iiii. &. x. Metaphysicae. Omnis ergo differentia siue diuer
393 1937 1595 1996 sitas ponit diuisionem vnius. in deo autem non est vnum, nisi diuina essentia quae
381 1988 1591 2042 non capit diuisionem. ergo in deo nulla est omnino differentia siue diuersitas. ⁋ Secun-
386 2031 1590 2088 cundo sic. quicquid est in deo, vnum est: vbi non occurrit relationis oppositio si-
109 2078 1599 2133 cut dicit Boet. lib. de trinitate. sed in attributis comparatis inter se aut ad ipsam essentiam, nulla
116 2123 1590 2175 occurrit relationis oppositio, quia ipsa non occurrit nisi inter illa quorum vnum dicitur relatiue
112 2173 1584 2227 ad alterum. relatiue autem non dicitur vnum attributum ad alterum, neque ad ipsam essentiam. boni-
115 2220 1585 2268 tas enim non dicitur relatiue ad potentiam, neque ad aliquid aliorum, neque ad ipsam essentiam. ergo &c.
113 2256 1588 2317 ⁋ Quia autem inter se differant secundum rem arguitur sic. secundum Philosophum potentiae distin
121 2307 1587 2364 guuntur per actus, actus vero per obiecta. In deo vero quasi potentiae sunt ordinatae ad actus, intel
121 2355 1593 2405 lectus & voluntas: quarum actus non solum intelligere & velle essentialia: sed etiam dicere no-
116 2396 1592 2456 tionale & spirare, vt habitum est supra, & amplius videbitur infra. Illorum autem termini sunt si
110 2441 1580 2500 lius & spiritus sanctus. Filius autem & spiritus sanctus realem differentiam habent inter se, quia se
113 2490 1587 2538 cundum Augustinumid i. de doctrina Christiana, pater & filius & spiritus sanctus sunt res quibus
113 2532 1590 2584 fruendum est. ergo realiter differunt intellectus & voluntas. ipsa autem sunt attributa communia tri
119 2581 1600 2633 bus, vt habitum est supra. ergo &c. ⁋ Quia autem differunt non ex comparatione & respectu aliquo
123 2633 1600 2686 arguitur sic. quaecunque differunt in aliquo ex comparatione & respectu, aut hoc contingit ex respe
116 2671 1608 2721 ctu & comparatione quam habent inter se, aut quam habent ad aliqua alia diuersimode: aut quam ha-
119 2718 1601 2768 bent alia diuersimode ad ipsa. Non primo modo: quia vt dictum est, non dicuntur relatiue inter se, neque ad
120 2763 1599 2832 essentiam neque ad aliquid existens in ea. Non secundo modo: quia cum respectu illius non possunt esse
