2017 3207
136 259 1620 320 secundum relationes rationis. Large tamen sumendo diuersitatem & differentiam: secundum quod
136 313 1624 368 vtuntur eis sancti pro distinctione & discretione: possunt accipi in diuinis. Quod ergo dicitur quod in deo totum
131 360 1627 409 est idem vbi non occurrit relationis oppositio: verum est secundum rem absque omni distinctione perso-
130 400 1627 462 nali: non tamen absque differentia rationis, quae habet esse ex alio genere respectus, quam sit ille qui di
129 448 1614 504 stinguit personas, vt habitum est superius. ⁋ Ad secundum, quod obiecta actuum intellectus & volun-
139 492 1619 542 tatis differunt re in deo: ergo & ipsi actus: & similiter voluntas & intellectus: Dicendum quod du-
136 541 1614 600 plex est obiectum: quoddam quod est ratio constitutiua ipsius actus: vt colorum visus, & sonorum audi-
132 583 1619 633 tus. Aliud vero est obiectum quod est constitutum in esse per actum: vt in proposito personae fi-
132 630 1616 682 lii & spiritus sancti per actus dicendi & spirandi. De obiectis primo modo habet veritatem di-
121 677 1614 731 ctum philosophi: & talia in deo non sunt nisi verum & bonum vel quaecunque alia sub ratione veri
133 724 1614 778 & boni: quae sola ratione differunt sicut & actus & eorum potentiae. Non autem habet veritatem
133 773 1612 821 de obiectis secundo modo, de quibus processit obiectio. ⁋ Ad tertium quod ex nulla comparatione aut
124 817 1616 870 respectu differunt: Dicendum quod falsum est: immo differunt ex respectu & comparatione quem in-
125 861 1618 910 tellectus considerat in ipsis inter se comparatis, non quibus dicuntur relatiue adinuicem: sed qui-
124 905 1612 953 bus quodammodo sese respiciunt. multi enim sunt modi respectuum: & secundum quosdam sese
123 953 1619 1005 respicientia dicuntur relatiue adinuicem: secundum quosdam vero non, vt habitum est supra. De aliis
122 1007 835 1052 obiectis quid sit dicendum, patet ex iam dictis.
437 1035 1619 1093 lrca secundum arguitur quod in differentia attributorum non sit accipere magis & minus, Pri
433 1093 1608 1143 mo sic. Vbi est accipere magis & minus, non est summa simplicitas: quia non habent esse
431 1138 1608 1198 magis & minus nisi in habente partes: vt habitum est in quaestione quadam de magis
429 1182 1615 1232 & minus. in habente autem partes non est simplicitas summa. in deo autem quo ad omnia
431 1224 1615 1278 quae in eo sunt, est summa simplicitas: vt habitum est de simplicitate dei. ergo
427 1272 1628 1322 &c. ⁋ Secundo sic. in symbolo Athanasii dicitur. In trinitate: nihil prius aut po-
125 1316 1622 1367 sterius: nihil magis aut minus. Attributa autem omnia sunt in trinitate: quia sunt in essentia & in
127 1363 1612 1415 singulis personis. ergo sicut in eis non est prius aut posterius: vt infra videbitur: similiter neque ma
121 1407 1618 1468 gis & minus. ergo &c. ⁋ In contrarium est: quoniam attributa illa quae pertinent ad intellectum, plus dif
125 1453 1620 1507 ferunt ab illis quae pertinent ad voluntatem, quam illa differant inter se. plus enim differunt veritas &
134 1503 602 1568 bonitas, quam sapientia & veritas.
131 1584 1606 1645 ⁋ Dicendum ad hoc: quod differt quaerere vtrum attributa ipsa in se suscipiant ma-
125 1640 1616 1696 gis & minus: an ipsa differentia qua attributa differunt inter se. Alterius enim generis rerum sunt
131 1689 1613 1741 attributa ipsa, & alterius ipsa attributorum differentia: & hoc non solum in diuinis: sed etiam in rebus
128 1735 1608 1783 naturalibus aliud genus rerum sunt ipsa quae differunt, quae sunt subiecta inter se differentia: vt ra
123 1771 1607 1825 tionale & irrationale sub animali: aliud vero ipsa eorum differentia: quoniam ipsae res subiectae differentiae sunt
127 1826 1607 1876 res primae intentionis: ipsa vero ratio quae dicitur differentia eorum, est res secundae intentionis, quae
122 1867 1607 1922 est quintum vniversale praedicabile. Et iterum, res subiectae differentiae sunt res naturae: ipsa vero differentia est
128 1912 1614 1968 res rationis, quae est quasi accidens rei naturae. accidit enim essentiae & naturae rei quod sit vniuersale
136 1957 1612 2015 aut particulare, vt saepius habitum est supra secundum Auicen. Quantum ergo ad ipsa artributa in deo
127 2004 1611 2054 non intelligitur ista quaestio habere locum: quia re nihil important nisi diuinam essentiam cum re-
125 2047 1602 2102 spectu: vt habitum est supra. Essentia autem non recipit magis & minus propter eius simplicitatem
134 2092 1609 2157 neque respectus: quia secundum philosophum, proprium est relationi non suscipere magis aut minus. De eo
126 2148 1608 2198 ergo quod est rationis circa attributa ex consideratione intellectus secundum iam praedetermina
135 2188 1611 2243 ta, quod est res secundae intentionis: intelligenda est solummodo proposita quaestio, vtrum in ipsa diffe-
122 2241 1606 2292 rentia sit accipere magis & minus: vt quaedam attributa magis differant inter sequam quaedam alia.
141 2277 1601 2333 Et est hic sciendum quod differentia illorum quae differunt, fundatur essentialiter in diuisione seu
133 2320 1602 2380 distinctione siue discretione eorum adinuicem. Vnde & secundum modos diuisionum per se & per
122 2371 1608 2425 accidens, sumit Porphy. modos differentiarum: quod quaedam sunt per se: quaedam vero per accidens.
123 2411 1612 2466 In eis autem quae recipiunt magis & minus, causa eius quod est magis & minus ex parte essentiae eo-
131 2468 1608 2518 rum accipienda est: vt declarauimus in dicta quaestione de magis & minus. Ex parte ergo diuisio
136 2505 1599 2562 nis siue distinctionis siue discretionis differentium, consideranda est ratio eius quod est magis &
126 2552 1599 2607 minus in ipsa differentia. Diuisio autem non est nisi alicuius in quo vniuntur & quodammodo
131 2595 1598 2650 sunt vnum ipsa diuisa. Et est diuisio contraria vnioni in illo vno: ita quod radix eius quod est magis &
122 2641 1601 2694 minus in diuisione, consistit in eo quod est magis & minus circa vnionem, quia quae magis sunt
125 2693 1609 2743 vnum, & minus differunt: & quae minus, magis differunt. Diuisio autem siue distinctio siue discre
119 2733 1612 2800 tio aliquorum abinuicem sub aliquo vno, dupliciter potest fieri. Vno modo omnino ex natura rei &
