2017 3288
429 290 1916 355 deo ponunt differentiam secundum rationem tantum. In prima vnitate consistit diuina simplicitas
435 341 1906 407 infinita: propter quod ipsa est origo & fundamentum omnis alterius vnitatis, & etiam pluralita-
434 390 1917 449 tis secundum ipsam, siue sit personarum, siue attributorum: quae (vt dictum est) non derogat primae
433 443 1912 495 vnitati: sed magis attestatur ipsi: nec est minor propter istam multitudinem. Vnde ad illam pro-
436 488 1912 549 positionem quae dicit: Maior est vnitas in qua nulla omnino est multitudo nec re nec ratione: quam sit illa in qua
440 530 1905 589 est multitudo ratione, etsi non re: Dicendum quod cum omnis multitudo secundum philosophum est vna plura, multitudo
427 570 1905 628 existens in vnitate, aut est vnitatum eiusdem rationis, aut alterius. Primo modo habet propositio illa
446 624 1905 680 veritatem. & hoc modo in quacunque vnitate diuina, nulla est multitudo. In diuina enim essentia vna
428 674 1911 728 non est multitudo vnitatum quae sunt ipsa essentia re vel ratione plures. Similiter in diuina ve-
443 707 1917 766 ritate quae est vnica secundum rationem differens ab essentia: nulla est multitudo vnitatum quae
435 755 1911 813 sunt ipsa sapientia re vel ratione plures sapientiae: nisi per ipsius sapientiae quae est essentialis, qua
438 807 1909 864 si contractionem ad personale: secundum quod dicitur sapientia ingenita & genita. Differt enim sa-
443 847 1908 914 pientia essentialis secundum rationem vt est in patre sub ratione ingeniti: & vt est in filio sub ra-
440 893 1910 952 tione geniti. Secundo autem modo habet falsitatem: nullo enim modo est maior vnitas realis es-
432 937 1913 1002 sentiae in qua nulla est realis multitudo ratione: immo contrarium verum est: quod quanto maior est vni-
433 984 1924 1051 tas realis essentiae: tanto maior est in ipsa multitudo rationum. iuxta illam propositionem. Ois virtus
432 1041 1911 1096 quanto magis est vnita, tanto magis est infinita. Vnde & in creaturis quanto realis vnitas essen-
442 1087 1909 1137 tiae maior est & simplicior, tanto plurium rationum virtualium in se est contentiua: & quanto
440 1125 1923 1184 minor, tanto est pauciorum rationum virtualium contentiua. Hinc contingit quod inferiora naturalia
440 1179 1922 1236 paucas habent rationes virtuales & paucas operationes & viles. Vnde & terra quae insfimum
443 1219 1913 1283 gradum perfectionis habet, habet ipsum quasi absque operatione: vt dicit Commentator super secun
443 1263 1926 1324 dum Cae. & Mun. Et superiora elementa magis spiritualia: quia maiorem habent vnitatem & simpli
438 1310 1923 1365 citatem: quia minus de materia: plus habent de motu & operatione: quibus acquirunt suam pere-
439 1357 1926 1420 ctionem. Et (vt dicit Commentator ibidem) etiam vniuersaliter quanto creatura est superior simpli-
441 1403 1926 1461 cior & maioris vnitatis: & plus appropinquata primo principio, tanto est plurium rationum virtualium & opea
449 1454 1910 1511 tionum circa inferiora se: ita quod semper illa quae agunt inferiora per diuersa re diuisa & dispersa, agit
450 1498 1917 1556 superius per vnicum & perfectius: vt cum planta forma sua tantum vegetat: brutum sua forma vegetat
448 1545 1922 1596 & sentit: homo autem sua forma vegetat, sentit, & intelligit: & quod brutum cognoscit pluribus po
439 1598 1926 1650 tentiis sensitiuis, homo cognoscit vna potentia intellectiua. & sic semper quanto est superior ad plu
443 1644 1917 1696 ra se extendit. Propter quod dicitur in commentario dictae propositionis. In omni propinquo vni principio
444 1684 1923 1739 est infinitas plus quam in virtute longinqua ab eo, quod est: quia quanto magis vnitur, magnificatur & ve
441 1731 1918 1788 hementior sit, & efficit operationes mirabiliores, & quanto magis partitur & diuiditur, minoratur,
446 1779 1920 1830 & debilitatur, & efficit operationes viles virtus vnita. ⁋ Ad secundum quod pluralitas attributorum
443 1821 1913 1876 facit essentiam non esse penitus idipsum &c. Dicendum quod sicut iam distinctum est de vnitate essentiali quod
454 1868 1907 1927 est vel rei vel rationis, sic distinguendum est de idipsum: quod aliquid est idipsum re, vel idipsum
450 1914 1924 1966 ratione. Quod facit rem penitus non esse idipsum re, necessario ponit in ea aliquam compositionem
443 1969 1908 2022 propter diuersitatem secundum rem. De eo vero quod facit rem non esse penitus idipsum secun-
446 2012 1907 2067 dum rationem, distinguendum, aut secundum rationem absolutam, aut secundum rationem re,
447 2057 1904 2113 spectiuam. De eo quod facit ipsam non esse idipsum primo modo, adhuc ponit in re aliquam com
437 2099 1907 2162 positionem propter diuersitatem intentionum. Ratione enim absoluta penitus non differunt nisi
440 2145 1910 2199 diuersa intentione: qualium compositionem est inuenire in omni creatura vt habitum est supra.
444 2196 1905 2251 Secundo autem modo diuersitas rationum in nulla re ponit compositionem: quia respectus nihil
436 2240 1906 2302 realitatis habet praeter realitatem sui fundamenti. vnde super suum fundamentum non dicit rem
435 2291 1912 2344 aliam a suo sundamento: sed solummodo rationem quae est ad aliquid esse: quae est alia a ratione
441 2329 1913 2384 sui fundamenti quae est aliquid absolute esse: sed solummodo ad aliquid esse. Aliter enim necessa-
437 2382 1904 2434 rio faceret compositionem cum suo fundamento: nisi appellemus rem ipsum respectum ad aliud
447 2423 1914 2482 esse. & tunc est solummodo disputatio de nomine. lpse enim respectus purus qui non est nisi ad
438 2475 1906 2527 aliud esse, siue appelletur res siue non, nullam compositionem facit cum absoluto quod est suum
434 2515 1910 2572 fundamentum. & hoc quia ipsa res fundamenti quasi subintrat rationem respectus: vt quae se-
442 2563 1907 2614 cundum se est absolutum quid nullo ei addito omnino: & absque omni sua mutatione, ex solo mo-
437 2616 1911 2664 do habendi aliquid ad ipsum, assumit rationem respectus: vt idipsum quod quantum est ex
440 2653 1907 2707 se nihil respicit, aliquid respicit ex solo modo habendi aliquid ad ipsum. Propter quod dicit Au
437 2698 1899 2768 gustinus septimo de Trinitate capite primo. Omnis essentia quae relatiue dicitur, est etiam
