2017 3193
140 258 1611 313 cie. Propter quod ordo in personis debet dici vere per se: & est ad modum illorum quae habent inter se or
148 303 1614 363 dinem per se in genere causae mouentis. ⁋ Ad Quartum, quod in diuinis non est ordo rationis: quia in
153 347 1631 405 is quae sola ratione differunt, non est accipere rationem principii: Dicendum quod verum est secundum rem, vt pro
151 395 1607 454 cedit obiectio. Sic enim principium habent inter se tantummodo personae quae in diuinis habent ordinem na-
137 440 1602 498 turae. Secundum rationem tamen bene potest in eis aliquid habere rationem principii, vt iam dictum
152 482 1604 539 est, & in quaestionibus sequentibus amplius dicetur. ⁋ Ad quintum, quod ordo rationis non potest es-
149 531 1631 586 se in deo ab ipsa essentia, neque ab intellectu: Dicendum quod immo. eo enim modo quo in diuinis est plu
140 583 1609 633 ralitas rationum originaliter ab ipsa essentia potente sub diuersis rationibus considerari & comple-
134 625 1614 681 tiue ab intellectu considerante ipsum in actu sub diuersis rationibus secundum praedeterminatum mo
130 669 1610 728 dum: sic ratio principii habet esse inter differentia sola ratione in diuinis, originaliter ab essentia, &
134 711 1605 767 completiue a ratione considerante secundum actum id quod natura rei habet in se quasi in potentia absque
138 759 1611 822 intellectus consideratione: & ex consequenti consimiliter est ibi ordo rationis originaliter ex natura rei, sed con
137 804 1601 868 pletiue ex consideratione intellectus. ⁋ Et quod arguebatur, quod non est ab essentia quia non habet nisi vnitatem: Dicen
140 844 1611 903 dum quod verum est realem: & similiter non habet actu ex se nisi vnitatem rationis: sed quasi in potentia
143 885 1620 949 habet in se rationum pluralitatem: quae opere intellectus quasi deducuntur ad actum: secundum quod intel
137 941 1621 1001 lectus vnita & indistincta natus est distinguere. secundum quod determinat Commenta. super. xii. me-
143 998 1618 1042 taphysiy. vbi docet quod secundum illum modum, rationum diuersitas est accipienda. ⁋ Quia etiam ar-
133 1026 1617 1099 guebatur, quod non est ab intellectu: quia potest vario ordine illas rationes concipere: Dicendum quod est
134 1074 1611 1130 conceptus secundum conditionem et naturam concepti procedens in concipiendo: et est conceptus
134 1121 1609 1185 procedens secundum conditionem voluntatis. Primo modo non potest conceptus concipere ratio
139 1167 1608 1224 nes sub alio ordine quam natae sunt habere. Est enim in ipsis aptitudo vt intellectus discurrat ab eo quod
139 1216 1619 1271 habet rationem principii ad alia: vt ab esse ad viuere: a viuere ad intelligere: et ab illo ad velle: et non
146 1254 1616 1315 econuerso: et ab intellectu concipiente ipsa vt talia, habet esse completiue ordo rationis in diuinis si
137 1302 1619 1363 ue fuerit intellectus ille discursiuus siue non. Secundo autem modo intellectus discursiuus potest dif
147 1355 1614 1405 ferentia ratione vario ordine concipere, concipiendo primo velle et vltimo esse: et a tali conceptu
140 1404 1622 1450 non habetur completiue ratio ordinis intenti. Ex quo patet quod ordo rationis non est a puro conceptu in-
149 1436 1617 1495 tellectus: quia tunc non esset nisi vanus et fictitius: sed quodammodo est a re et quasi naturalis, in
139 1494 1610 1541 quantum vna rationum est ratio vt ab ipsa intellectus discursiuus discurrat ad alias, et non econ
139 1526 1596 1589 uerso, vt dictum est, et amplius iam dicetur. ⁋ Alia omnia argumenta sequentia concedenda sunt.
421 1581 1613 1628 lrca tertium arguitur: quod ordo in diuinis non sit sine priori et posteriori, Primo sic.
421 1620 1623 1691 sicut se habent ordinata adinuicem inter se in aliis modis ordinis respectu sui
435 1678 1631 1721 principii: sic (vt videtur) in ordine naturae et rationis. Sed in omnibus aliis ordina
434 1707 1617 1768 tis secundum ordinem est accipere prius et posterius, vt patet in creaturis ordinatis per se
432 1765 1619 1811 et per accidens secundum quodcumque genus ordinis, et etiam in ordinatis secundum tem
437 1807 1631 1855 pus et secundum locum: et secundum alios modos ordinis. ergo &c. ⁋ Secundo sic. in
434 1848 1610 1913 quibuscunque ordinatis non est prius & posterius: est falsitas: quia simul contra-
151 1898 1617 1961 riatur immediate ei quod est prius & posterius in ordine: sicut aequale ei quod est magis & minus in
157 1937 1621 2012 quantitate. Sed non est dicere quod ordinata in diuinis sint simul: quia quaecunque sunt simul in ali-
155 1984 1628 2056 quo ordine, rationem eiusdem respectus & comparationem habent ad principium, respectu cuius dicuntur
155 2033 1622 2094 esse ordinata, vt patet in eis quae sunt simul tempore aut simul loco: prout patet ex definitione
149 2074 1623 2140 eius quod est simul esse. v. physicae. Quaecunque ordinata sunt non habent rationem eiusdem respectus ad
149 2121 1626 2193 principium: secundum alium enim & alium respectum se habent filius & spiritus sanctus ad patrem, & in-
150 2164 1617 2228 telligere & viuere ad esse: quia spiritus inquantum procedit a filio, & ordinem naturae habetad ip-
151 2210 1617 2276 sum, respicit patrem mediante filio. filius autem respicit patrem immediate. similiter secundum ratio
149 2256 1618 2316 nem viuere respicit immediate esse: quia non dicit nisi quasi modum essendi. Intelligere autem secundum rationem respi
146 2300 1619 2360 cit mediate viuere: quia dicit modum viuendi. ergo etc. ⁋ In oppositum est illud quod dicitur in syma
146 2355 1617 2414 bolo Athanasii. In trinitate nihil prius aut posterius. Cum ergo in trinitate sunt & ordinata ordine
143 2402 696 2460 naturae et ordine rationis: ergo etc.
148 2447 1622 2515 ⁋ Quaestio ista & similiter sequens pertinet ad modum explicandi vnumquodque or-
156 2486 1630 2559 dinatorum secundum propriam rationem ordinis sui quam habet respectu principii differentem a pro
145 2537 1625 2605 pria ratione ordinis quam habet quodcumque aliud: quemadmodum in creaturis patet in ordine elementorum: quod propria
149 2590 1629 2642 ratio ordinis quam habet terra differentem a rationibus ordinis quam habent alia elementa, est quod terra dicitur esse in
140 2628 1626 2684 sima, & propria ratio ignis est quod dicitur esse supremus: et comomunis ratio aquae et aeris respectu illorum est quod dicuntur esse
158 2679 1630 2730 media: & proprie rationes vtriusque quibus differunt ordine inter se, est quod aqua dicatur esse sub aere:
156 2720 1631 2792 & aer supra aquam. Vnde cum non habemus dictiones proprias ad explicandum, proprias rationes ordinatorum
