2017 3263
449 292 1907 360 se esse est plusquam perfectum, quia ipsum esse quod est ei, non est ei. tantum: immo etiam omne esse est exuberans ab esse eius
452 345 1904 402 & est eius, & fluit ab illo. De eodem li. iiii. c. xxii. Similiter iuxta. ix. modum solus deus vere perfectus est si-
446 392 1911 446 ne omni imperfectione annexa, quia extra ipsum nihil est quod non habet verius esse in ipso quam in se extra ipsum
449 434 1905 493 ita quod omnino nihil potest esse extra ipsum quod non sit in ipso: quia omnia per ipsum facta sunt, & sine ipso factum
457 485 1911 540 est nihil. Io. i. sicut etiam habet declarari loquendo de exitu creaturarum in esse. Si autem esset tale aliquid extra
460 529 1907 580 ipsum quod non esset ab ipso, neque verius in ipso quam in semetipso, hoc magnae imperfectionis esset in ipso, sicut
455 573 1920 630 secundum Philosophum imperfectionis est in quolibet corpore in vniuerso quod sit cum ipso aliud corpus tagens ipsum quod non
452 625 1906 681 est ab ipso, neque per essentiam in ipso. Sed quod multa sunt extra ipsum quae sunt in ipso, & verius quam in se sunt in
452 661 1917 715 ipso: hoc ex magna perfectione procedit in ipso: & esset magnae imperfectionis si non possent esse ab ipso extra
458 711 1917 761 ipsum, licet per suum esse ab ipso nullam perfectionem apponunt ipsi, vt exponendum est loquendo de creaturis.
453 757 1914 805 Nunc autem etsi non sit aliud corpus extra corpus vniuersi huius continens ipsum, & quo ad hoc corpus
454 809 1916 859 vniuersi est perfectius quolibet corpore contento ab ipso, vt posuit Philosophus & bene, quia tamen posset esse aliud cor
449 843 1919 906 pus extra ipsum continens ipsum, vt coelum maioris ambitus extra vltimum coelum quod modo est vltimum con
459 892 1915 949 tinens ipsum, quod essentialiter esset extra ipsum, & non ab ipso, sed solum a diuina potentia infinita hoc agente,
457 940 1909 997 quod Philosophus non sentiebat, immo contrarium sentiebat, & male: ldcirco quo ad hoc corpus vniuersi cum sua per
454 982 1914 1036 fectione quam dedit ei Philosophus, magna imperfectio est ei annexa: quam non vidit. luxta. x. vero modum solus
457 1033 1906 1087 deus ita perfectus est quod in illa perfectione nulla creatura ei in aliquo participat. Nulla ei creatura alterius
451 1075 1918 1134 naturae perfectionem, propriam habet in se, sicut deus habet perfectiones proprias omnium creaturarum, vt in sequenti
453 1121 1927 1177 quaestione patebit. Vnde dicit Dio. xiii. c. de di. no. Theologia de omnium causa omni & simul omnia praedicat, &
458 1174 1929 1223 vt perfectum & solum perfectum. ergo est non solum vt per seipsum perfectum, & totum per totum perfectissimum, sed vt
455 1209 1926 1270 plusquam perfectissimum, secundum omnium excellentiam & omnem quasi multitudinem terminans, omnium summitati super
442 1264 1926 1314 expansum, & a nullo locatum aut comprehensum, sed extensum in omnia simul & super omnia. Et ideo dicit
458 1303 1918 1357 Auicen. viii. Meta. Necesse esse est plusquam perfectum: quia ipsum esse quod est ei, non est ei tantum: immo etiam omne esse est
459 1347 1917 1393 exuberans ab eius esse, & est eius, & fliuit ab illo. Quia etiam alias perfectiones habeat secundum alios modos
464 1393 1929 1440 praecedentes, hoc est participatione perfectionis huius secundum aliquem gradum attributionis, vt dictum est secundum
458 1440 1928 1503 Philosophum. Dens enim alii modi perfectionis qui creaturis conueniunt ab isto descendunt, & in istum reducuntur
458 1485 1916 1532 tanquam in illo quid habet in se rationes omnium modorum perfectionis sine omni ratione imperfectionis annexa.
482 1531 1934 1592 Ad primum in oppositum quod deus non est perfectus, quia non est factus: dicendum quod si
473 1589 1923 1647 spiciamus ad originem nominis, quantum ad rationem impositionis, deus perfectus dici non potest, quia vt
464 1635 1920 1686 pcedit argumentum, quantum ad nominis impositionem perfectum dicitur aliquid quia ad plenum factum: vt
452 1678 1917 1737 praepositio illa per, in compositione significatum factionis augeat, nec mutet, nec minuat. Et sic quantum
447 1728 1925 1785 ad proprietatem nominis, quod factum non est, perfectum dici non potest. Cum enim aliquid ducitur de potentia
459 1768 1926 1815 in actum & de non esse in esse, tunc sit, & quodammodo factum est, quia secundum Philosophum. vi. physicae. in quoli
459 1814 1922 1875 bet fieri sunt infinita facta esse. Cum vero per tale fieri ad plenum & vltimate factum est in actu, ad quod
449 1863 1916 1923 erat prius in potentia: tunc recte secundum nominis proprietatem dicitur perfectum, quasi plene & totalite
459 1903 1921 1951 factum potentia totaliter ad actum deducta quantum est possibile nihil remanendo de non esse. Si vero inspi
449 1951 1927 2013 ciamus ad naturam rei cui hoc nomen perfectum imponitur, cuiusmodi est actus completus vt actus est
452 1997 1930 2046 absolute, non vt alicui potentiae admixtus, qui verissime habet esse in deo, vt probatum est supra: & vt
448 2047 1925 2104 dicit Diony. xiii. c. de di. no. perfectum dicitur velut non auctum: sed semper perfectum: & vt indiminutum
452 2091 1932 2141 vt omnia in seipso superans secundum eandem superplenam & non minoratam largitatem per quam perfe-
458 2135 1927 2192 cta sunt omnia perficit, & propria replet perfectione: Hoc ergo modo deus propriissime dicitur esse perfe
458 2182 1927 2232 ctus: & creatura secundario & ex consequenti per quandam attributionem: nomine perfecti dicto analogice
458 2228 1933 2274 de actualitate esse creatoris & creaturae, vt perfectum in communitate analogica acceptum non solum no
450 2273 1936 2328 minet existens in actu completo quod fiendo peruenit ad ipsum, sed etiam illud quod ex se sine fieri praeceden-
450 2316 1925 2371 te habet actum completum, quia ex se est necesse esse. Et hoc contingit saepius in creaturis, quod idem quod
449 2368 1924 2429 prius est significatum sub nomine quantum ad nominis famositatem & proprietatem impositionis, posterius est
452 2414 1934 2469 sub ipso quantum ad veritatem rei. Et econtrario in eis quae communiter conveniunt creatori & creatu
453 2458 1926 2505 rae contingit semper, quia nomina non sunt a nobis primo imposita nisi repertis in creaturis tamquam nobis no
456 2503 1932 2550 tis magis. Non enim imponit nomen nisi qui nouit rem. secundum Commen. super. vii. Meta. Consequenter autem
451 2547 1925 2597 cognito ex creaturis quia perfectius habent esse in creatore quae cognouimus in creaturis, nomina imposi
452 2591 1928 2641 ta creaturis transferimus ad significandum ea quae aduertimus esse in creatore, quod non potest esse sine aliqua
442 2632 1922 2689 nominis improprietate, quantum est ex ratione impositionis. Propter quod dicit Gre. quod balbutiendo vt possumus
445 2684 1930 2731 exc: lsa dei resonamus. Vnde idem loquens de hoc nomine perfectum circa deum. xxix. Mora. in principio ait. Hoc
438 2727 1929 2783 ipso quod perfectum dicimus multum ab illius veritatis expressione deuiamus, quia quod factum non est non potest
442 2775 1939 2838 dici perfectum: & tamen infirmitatis nostrae verbis domins condescendens ait. Estote perfecti sicut & pater vester coe
