2017 3118
171 235 1605 311 uae oculis conspici potest. Cum vero additur ly aliquid, exprimitur quod sit a condiuiso aliud quid & in
151 302 1602 358 natura & essentia indiuidua, & in supposito. Quod nullo modo convenit in diuinis vni supposito in con
165 351 1600 404 paratione ad aliud: inquantum ly aliud dicit differentiam in natura & essentia. Etsi enim vnum suppositum
152 390 1610 449 in diuinis sit aliud ab alio in supposito, non tamen in essentia & natura, vt infra patebit. Quare cum
156 436 1607 484 aliud in neutroper se essentialem differentiam nominat: ideo cum absolute ponitur, sicut cum dicitur
159 479 1601 532 hoc aliquid, nullo modo recipitur in diuinis: vt dicatur absolute vnum diuinorum suppositorum esse aliud
154 527 1599 581 quid ab altero: sed solummodo cum determinatione suppositi, vt dicatur vnum eorum esse aliud suppositum
147 575 1613 620 ab altero. Vnde si proprie velimus loqui in diuinis sicut in creaturis, debemus in hoc nomine alius
152 611 1620 660 distinguere rationem generis masculini & neutri: vt sicut in creaturis proprie dicimus indiuiduum suppo
150 656 1597 703 situm esse hoc aliquid, hoc id est in se indiuiduum siue indiuiduatum, sed ab alio supposito aliud quid, hoc
154 701 1605 759 est in essentia communi quid, sed in essentia indiuiduali aliud quod ab essentia condiuisi, sic in deo suppositum
152 751 1603 801 proprie dicatur hic aliquis: hi cid es. in supposito singulare existens, sed ab alio supposito alius quis, &
149 796 1595 846 distinctus ab eo. Caetera vero sex inueniuntur tam in re increata quam in re creata. Sed illud quod est sin-
146 836 1604 890 gulare, inuenitur coniter in accidentibus & in substantiis: alia vero quinque in substantiis tantum. Sin
146 878 1605 933 gularis autem ratio est quod sit vnum aliquid solitarium. Sed intelligendum quod singulare includendo solitarium
145 928 1600 977 potest intelligi absolute, vel cum determinatione. Primo modo non recipitur in diuinis, secundum quod probat
154 968 1595 1023 magister. xxiii. distinctione primi sententiarum in capite lam sufficienter, quia (vt dicit in eodem) singulari
153 1013 1604 1064 tas vel solitudo personarum pluralitatem ostendit exclusam. Vnde & secundum hunc modum fal
158 1056 1611 1105 sitatem ponit in humanis, dicendo Sortes est singularis: quia excluderet consortium aliorum in
146 1101 1605 1154 humana natura: sed aliter in diuinis & aliter in humanis, quia in diuinis non potest esse solitudo
152 1144 1604 1193 neque actu, neque potentia: in humanis potest esse solitudo secundum actum. Posset enim humanitas
147 1189 1605 1240 existere in vnico supposito tantum. Sed secundo modo bene recipitur vtrobique tam circa essentiam quam circa
146 1231 1608 1288 suppositum. Deitas enim singularitas quaedam est, & singularis essentia. Vnde Gregorius super Exechi.
161 1277 1609 1328 parte secunda Homilia. v. Vna eadem vi naturae singularis sic semper dissimilis dissimilia disponit.
152 1322 1607 1373 Et pater est persona quaedam singularis. Nec excludit haec singularitas consortium plurium personarum
145 1365 1597 1416 Sicut nec cum dicitur quod Petrus est persona singularis, excluditur consortium aliorum hominum: sed so
153 1409 1595 1457 lum excludit pluralitatem seu plurificationem eius in quo dicitur esse huiusmodi singularitas, siue fuerit essentia
147 1456 1607 1509 siue suppositum. Sed aliter conuenit essentiae & supposito in deo & in creaturis, quia in deo conuenit
152 1500 1609 1555 essentiae ex se, non ex hoc quod habet esse in persona. Deitas enim est singularitas quaedam siue quaedam singularis essem
154 1548 1605 1597 tia ex se, vt habitum est supra: non sic autem humanitas, quia ex se non est hoc, sed solummodo quia est huius, vt
152 1593 1600 1644 similiter supra habitum est. Aliter similiter habet esse in supposito singularitas in deo & in creaturis, vt
153 1633 1609 1687 declarabitur infra. Res vero naturae differt a ratione singularis: quia vt dictum est, singulare conuenit tam
155 1674 1609 1726 essentiae quam supposito. Res vero naturae tantum supposito convenit. Quare cum ratio suppositi non inuenitur
154 1725 1600 1773 in accidentibus: sed tantum in substantiis: Est enim ipsa essentia natura siue fuerit substantiae siue accidentis:
155 1762 1604 1820 solum vero suppositum substantiae est res naturae, quia essentia siue substantialis siue accidentalis ratitudinem
151 1807 1601 1868 suae existentiae non habet nisi in supposito substantiae: ldeo subsistentia secundum conmunem vsum Graeco-
154 1853 1611 1904 rum & antiquum vsum Latinorum convenit in creaturis coniter vniuersali, gener. scilicet & speciei & diuiduis:
165 1889 1604 1953 ubstantia vero indiuiduis tantum. Dicitur enim subsistere siue subsistentia quasi seipsum tenendo sistere:
163 1944 1613 1993 & convenit omni ei quod est in praedicamento substantiae inquantum substantia est: dicitur vero substantia
152 1985 1611 2035 siue substare quasi sub alio, hoc est sub accidentibus & vniuersalibus stare: quid solum conuenit indiui
152 2035 1607 2088 duae substantiae: propter quod in praedicamentis maxime & principaliter & prima substantia dicitur, quae nec
161 2074 1601 2135 est in alio, nec dicitur de alio, sed alia sunt in ipsa & dicuntur deipsa. Vnde & dicit Boethius de duab. na
148 2130 1605 2175 turis. In solis indiuiduis particularibus substantiae subsistunt. Intellectus enim vniuersalium ex particula
150 2165 1606 2217 ribus sumptus est. Quocirca cum ipsae essentiae in vniuersalibus sint, in particularibus recipiunt substantiam.
157 2213 1616 2269 Substat autem eo quod accidentibus subiectum praestat vt esse valeat. sub illis enim est dum substat. ltaque ge
146 2259 1614 2315 nera & species subsistunt tantum. Neque enim accidentia generibus speciebus ve contingunt. Indiuidua ve
149 2293 1619 2348 ro non solummodo subsistunt, verunetiam substant. ldeo autem (vt dicit ibidem) graeci hypostases & indiuiduas
152 2345 1605 2397 substantias vocant, quoniam caeteris substant & quibusdam quasi accidentibus subiectae sunt. idcirco nos quoque eas
153 2379 1614 2433 substantias nuncupamus quasi suppositas, quas illi hypostases. Suppositum vero apud nos penitus idem est quod
154 2426 1613 2485 subsistentia: & convenit tam vniuersali quam singulari in praedicamento substantiae. Supponunt enim aut signi
158 2473 1604 2535 ficatum aut appellatum. Sed solum refert in hoc, quod in singulari idem est significatum & appellatum: non autem in
159 2519 1609 2578 vniuersalibus. Et est sciendum quod nomine substantiae vsus est alius apud nos modo & apud graecos, quia
149 2571 1609 2616 nos modo substantia non vtimur sicut graeci. secundum quod dicit Augustinus. vii. de Tri. Aliter Graeci ac
158 2606 1607 2661 cipiunt substantiam, quam latini, quia non aliter in sermone nostro. i. latino essentia quam substantia solet intel
165 2649 1611 2720 ligi. Persona autem re idem significat quod hypostasis aut substantia apud graecos, sed solum differunt
