2017 3199
146 283 1605 357 vt pater in persona distinguitur a filio, id est personali proprietate. Et est Magistri sententiarum distin
157 350 1621 402 ctione, xxv. vbi dicit. c. Sciendum. Hoc nomen persona multiplicem non vnam facit intelligen
149 392 1614 437 tiam tantum. Discernentes ergo dicendi causas huius nominis persona, significationem distingui-
150 437 1609 491 mus: dicentes quod proprie per substantiam dicitur, & essentiam significat, cum dicitur: Deus est
147 484 1608 541 persona: pater est persona, &c. Vnde concludit in capitulo Hoc etiam modo. Ex praedictis colli-
149 534 1608 589 gitur quod nomen personae in trinitate triplicem facit intelligentiam. Est enim vbi facit intelligen
148 581 1609 636 tiam essentiae, & est vbi facit intelligentiam hypostasis: & est vbi facit intelligentiam proprie-
136 621 1606 669 tatis. quae confirmat auctoritatibus in cap sequenti. ⁋ Haec opinio supponit quod persona principaliter &
150 664 1608 719 secundum se significat substantiam: sed ex adiuncto hypostasim vel proprietatem. Contra quod arguit Prae
146 709 1608 764 positinus, dicens. Si hoc nomen persona principaliter significat essentiam, quae ratio exigit quod cum hoc ha-
144 752 1614 803 bet eius principalis significatio, eam statim amittat ex adiunctione: Reuera nulla. Falsum etiam
150 801 1609 850 supponit quod essentia sit eius principalis significatio, vt iam patebit. Eadem enim ratione posset
146 847 1609 896 dici idem de hoc nomine homo, & hoc nomine suppositum: quia praedictis tribus modis ponuntur in orationibus.
140 893 1608 948 Quia autem sit aequocum extensione vsus, ponit Praepositinus dicens sic. Hoc nomen persona hodie non signifi
141 940 1609 991 cat essentiam: sed quondam significabat: sed necessitate faciente (vt dicit Augustinus) translatum est a si
137 985 1616 1039 gnificatione essentiae ad significationem distinctionis. Quod non potest stare, qonim ante illam ecclesiae ne
144 1028 1618 1079 cessitatem non accipiebatur in diuinis neque ad significandum substantiam, neque ad significationem istam:
134 1072 1602 1120 sed tantum in creaturis: in quibus constat non significasse substatiam, quae est essentia rei: quia tuno
134 1122 1617 1170 non fuisset aliud dicere, Sortes est persona: quam dicere, Petrus est homo vel Sortes: & esset eadem
133 1165 1601 1221 communitas in persona ad Petrum & ad Paulum & Andream, quae est in homine: quod non est
133 1210 1608 1268 verum, vt iam patebit. Quia vero sit aequiuocum ex consignificatione, dicunt tertii: qui dicunt
141 1256 1610 1312 quod ex se & prima impositione in singulari non significat nisi essentiam: sed in plurali ratione: nu-
141 1302 1614 1351 meri consignificati, significat distinctionem personarum. Quod non potest stare: quoniam con-
137 1345 1616 1404 significatum pluralis numeri nihil apponit super significatum singularis nisi eius geminatio-
134 1389 1612 1448 nem siue multiplicationem: quare non variat significationem. Ponentium vero personam signi-
142 1437 1616 1488 ficare plura vniuoce, omnes dicunt quod illa non significat aeque principaliter & eodem mo-
134 1480 1617 1535 do: aliter enim non posset esse vniuocum si significaret plura, nisi significaret illa sub ratione
148 1525 1614 1575 vnius quod principaliter significatur per nomen. Sed aliqui illorum dixerunt quod substantiam prin
141 1571 1608 1627 cipaliter significat: relationem autem distinctiuam secundario: vt Simon Tornacen. & eius sequa-
134 1616 1615 1667 ces. Vnde dicit in summa sua. Aio personam ratione etymologiae dici per se vnam. Vnde hoc
135 1662 1605 1716 nomen persona duo importat: & significationem vnitatis essentiae, & consignificationem persona
138 1704 1606 1756 lis distinctionis, quam designat iunctura dictionum per se vnum &c. secundum quod ipse prosequitur, &
134 1754 1617 1805 secundum quod Praepositinus positionem illam exponit in summa sua, dicens. Sunt aliqui qui dicunt quod hoc
141 1795 1610 1851 nomen persona significat principaliter essentiam, & consignificat distinctionem: quia cum dico
141 1844 1615 1900 pater est persona: tantum valet quantum pater est vnum & per se. i i. distinctus: vt hoc vocabulum
136 1893 1604 1939 vnum significet essentiam: & hoc pronomen se masculini generis, consignificet distinctionem. In
132 1931 1609 1984 hac positione concordat Magister Quillelmus Altisii. in summa sua: sed modum addit, scili-
135 1972 1605 2028 cet quod cum hoc quod significat distinctionem relationis, significat essentiam quodammodo quasi
131 2026 1608 2079 specificam, scilicet intellectualis naturae. Persona enim (vt dicit) est substantia rationalis siue
134 2067 1607 2120 intellectualis naturae. Sed si ita esset, tunc essentia principaliter daret personae esse personale: in
141 2115 1600 2170 illo enim consistit principaliter esse rerum: quod principaliter nomine eius significatur. Quod fal-
137 2154 1609 2213 sum est: quia in constitutione diuinae personae essentia est quasi genus & materiale. Proprietas
139 2201 1603 2263 vero distinctiua quasi differentia & formale. Eormale autem semper principaliter significatur in termi
137 2250 1601 2303 no, & dat esse rei, secundum determinationem Philosophi in. viii. Metaphysicae. Ricardus vero. iiii.
138 2295 1595 2349 de trinitate. vi. & cap sequentibus, determinat quod significat proprietatem principaliter: sed
135 2340 1607 2396 cum essentia quam in sua significatione includit. Dicit enim in cap. vi. Dictum est ab aliis quod secundum
128 2390 1599 2442 substantiam dicitur, & substantiam significare: nihilominus tamen multum interest inter significa-
125 2433 1593 2488 tionem vnius, & significationem alterius. Quia vt dicit cap. vii. nomine substantiae non tam quis
128 2473 1593 2541 quam quid significatur. Econuerso autem nomine personae non tam quid quam quis designatur. Et vt
125 2522 1608 2578 consequenter determinat, quid pertinet ad qualitatem substantiae: & de ipsa quaerit: quis vero ad
140 2571 1604 2629 proprietatem indiuidualem siue incommunicabilem personae. Vnde etiam quaerit de substantia in
144 2612 1592 2662 creaturis. Primo de generali. Secundo de speciali. Cum eni aliquid longe a nobis fuerit vt discerni
137 2655 1607 2712 non possit, interrogamus quid sit. Et si respondeatur quod sit aliquid, vlterius eadem interrogatione
149 2699 1601 2756 facta, indigemus quod respondeatur esse animal, aut equus, aut huiusmodi. Demum autem cum sci-
153 2745 1602 2811 mus quod est homo interrogamus non quid, sed quis sit: & respondetur Matthias vel Bartholomaeus.
