2017 3177
139 258 1592 338 ⁋ Ad primum: quod persona non significat essentiam vel substantiam: quia tunc persona
134 333 1593 386 significaret in deo essentiam siue substantiam plurificatam: Dicendum quod verum est, si circa il-
141 373 1590 426 lam caderet ratio singularitatis quam nomen illud exprimit. Si autem circa illam non cadit ratio
136 422 1593 478 singularitatis illius, hoc nullo modo oportet. Verbi gratia, Homo singulariter dictus non est natus
131 465 1584 525 plurificari vt pluraliter dicatur homines, nisi quia homo singulariter supponens pro appellato expri-
136 516 1587 565 mit rationem singularitatis essentiae in supposito: qualis est ipsius suppositi. Sicut enim iste homo
140 560 1590 622 est suppositum singulare determinatum: sic animalitas & rationalitas in ipso sunt determina-
137 600 1592 657 ta: vt non solum suppositum sit indiuiduum per determinationem: sed etiam essentia tota speciei tam ex per
137 644 1587 703 te generis quam ex parte differentiae. Et ab hac determinatione convenit homini quod sit singulare, vt sit
138 696 1587 749 vnus aliquis solus, ab alio singularitate discretus, nec in seipso plurificabilis. Et similiter conve
131 734 1593 788 nit essentiae eius quod sit singulare. id est vna aliqua sola ab omni alio & alia in sua singularitate discre-
126 779 1590 839 ta, vt nec in se sit plurificabilis, nec alteri supposito communicabilis. Propter quod cum plurificatur,
134 823 1584 891 plurificari intelligitur omne circa quod in homine cadit huiusmodi determinatio, siue fuerit super
140 872 1599 928 positum, siue essentia. Nunc autem secus est in deo circa hoc nomen persona: quoniam persona singu
137 920 1583 971 lariter dicta non est nata plurificari vt pluraliter dicatur personae, nisi quia persona singulariter
128 961 1592 1018 supponens pro quasi appellato, exprimit rationem singularitatis suppositi: licet non exprimat ta
121 1013 1585 1066 liter rationem singularitatis in essentia, qualis est in supposito, non enim sicut ista persona, vt puta pater,
128 1058 1592 1109 est suppositum singulare determinatum proprietate relatiua: sic & deitas. Ipsa enim quod sit singularis
134 1096 1584 1160 & singularitas quaedam, illud habet ex se, & essentialiter: non per aliquam determinationem: quia nul-
137 1142 1587 1201 lam in se recipit: quia non habet rationem vniuersalis secundum supra determinata. In deo autem
134 1187 1585 1246 suppositum sit incommunicabile per determinationem proprietatis. vt licet in deo non possint plu-
138 1233 1593 1289 res esse patres, vel plures filii, vel plures spiritus sancti, vt infra videbitur: non tamen deitas in perso
129 1277 1595 1338 na vllo modo est incommunicabilis facta per aliquam deteriationem, licet habet etiam ex se & natura sua
141 1323 1596 1388 quod non sit plurificabilis, non enim possunt esse plures deitates. Vnde & per esse suum in supposito
138 1366 1590 1428 vno, non habet quin possit alteri communicari. Quia ergo persona in deo rationem suae singularitatis
133 1411 1586 1476 secundum quam plurificatur, non habet ex parte essentiae sicut in creaturis: sed solum ex parte suppositi
136 1470 1593 1521 & proprietatis relatiuae determinantis suppositum: idcirco quamquam persona significet essentiam in deo, plu-
138 1502 1589 1565 rificata tamen non plurificat essentiam. Propter quod dicit Boethius cica vltimo de trinitate. Facta est tri
128 1552 1592 1608 nitatis numerositas in eo quod est praedicatio relationis: seruata vero vnitas in eo quod est indifferen-
134 1596 1589 1652 tia substantiae. lta igitur substantia continet vnitatem: relatio multiplicat trinitatem. Vnde quo ad ra-
137 1636 1589 1699 tionem singularis & pluralis in nomine personae nihil refert siue substantia fuerit vna plurium, siue di
130 1684 1592 1744 uersae. dicente Ricardo. iiii. de trinitate ca. viii. luxta intelligentiam qua accipimus personam in
136 1724 1593 1789 singulari, accipimus eam & in plurali: nisi quod hic plures, illic vnus solus datur intelligi. Vt cum
134 1770 1592 1833 dicitur persona, profecto datur intelligi aliquis vnus: qui cum sit rationalis substantia, cum nomi
138 1817 1595 1879 nantur tres personae absque dubio intelliguntur tres aliqui: quorum tamen vnusquisque sit substantia ra-
144 1857 1590 1925 tionalis naturae. Sed vtrum sint plures an omnes vna eadem substantia, nihil interest. In natu-
136 1902 1589 1969 ra vero humana quot personae tot substantiae, & compellit quotidiana experientia de diuinis si
138 1950 1592 2015 milia aestimare. & sequitur in ca. ix. Vbicumque sunt tres personae necesse est vt alius sit iste & alius ille
133 1995 1592 2062 & alius tertius: vbicumque vero sunt tres substantiae, omnino necesse est vt aliud sit vna, aliud altera, ali
133 2054 1594 2105 ud sit tertia. Esse aliud & aliud, fecit diuersitas substantiarum: esse alium & alium, fecit diuersitas perso-
137 2082 1591 2153 narum. Propter quod diximus supra: quod in diuinis est hic aliquis: in creaturis vero hoc aliquid. ⁋ Ad secun-
140 2133 1586 2198 dum dicendum quod verum est quod non significat substantiam: aut non solam: sed vtrumque aut neutrum. Et cum
134 2173 1591 2238 arguitur quod non significat vtrunque: quia tunc esset nomen aequiuocum: Dicendum quod verum est
137 2219 1596 2283 nisi significaret illa duo vt constitutiua vnius quod principaliter significat: scilicet substantiam,
138 2272 1586 2333 quae est suppositum incommunicabile. secundum expositionem Ricardi. ⁋ Ad tertium quod non signi
137 2309 1596 2374 ficat relationem: quia non significat eam in creaturis: Dicendum quod si hoc nomen persona in-
134 2354 1584 2420 telligamus significare intentionem, & secundum hoc tranfferri principaliter ad diuina: sic magis
134 2399 1593 2465 secundum significationis rationem tranfferetur a creaturis in deum quam nomina rerum: eo quod verius
136 2449 1593 2511 vniuocantur deus & creatura in intentione quam in re aliqua. Et sic respondendo: non habet lo-
131 2491 1590 2554 cum obiectio: quia procedit de persona secundum quod est nomen rei. In significando enim rem non
121 2536 1593 2603 sit a creaturis principaliter nominis translatio: quoniam pure aequiuoce subsistit secundum rem
133 2581 1586 2652 persona in deo & in creaturis: quia in deo non subsistit nisi relatiue: in creaturis vero non
127 2631 1589 2692 nisi absolute, vt dictum est supra. Nomen autem secundum rem translatum ad diuina, de-
137 2667 1596 2732 bet idem significare in deo & in creaturis, licet antonomatice: & modo supereminenti.
146 2727 1583 2785 Vel si omnino velimus quod secundum quod significat rem, a creatura tranffertur in deum:
