2017 3181
142 279 1587 340 sum. ergo &c. ⁋ In oppositum est: quoniam cum illud suppositum non est nisi naturae intellectualis: ipsum
137 329 1242 377 esset persona. ergo in deo esset personarum quaternitas: quod contra fidem est.
142 375 1585 439 ⁋ Quaestionem istam disputauimus in nostro quinto Quolibet: ex quo aliqua bre-
135 423 1581 488 uiter recolligendo cum supra determinatis: dicamus quod cum secundum iam determinata supra, in
138 470 1584 517 deo non sit ratio vniuersalis: quare nec ratio absoluti suppositi vniuersalis aut communis. secundum
141 513 1591 570 quem modum diximus iam supra suppositum esse in vniuersalibus & singularibus: licet supposi
142 561 1586 614 tum non habet esse proprie nisi in singularibus, vt determinatum est in praedicto Quolibet. Si ergo
131 603 1588 656 in eo sit ratio suppositi absoluti: illud erit singulare & vnicum: quia nihil absolutum in deo plu
144 648 1595 702 rificatur, vt dictum est opponendo. Vnicum autem absolutum in deo non est nisi forma deitatis. Suppositum
147 692 1589 743 ergo absolutum in deo non potest poni nisi in forma deitatis, circunscriptis per intellectum relatiuis proprieta
142 735 1593 785 tibus. Et nihil quaerit ista quaestio, nisi an circunscriptis dictis proprietatibus constitutiuis trium personarum
141 784 1575 841 maneat in deo aliquod suppositum vnum absolutum commune illis tribus. ⁋ Est autem opinio ali
144 827 1575 876 quorum notata super. xxvi. distinctionem primi Sententiarum: quod si tollatur pluralitas nominum quae
135 874 1587 926 sunt pater, & flius, & spiritus sctuns, quae imponuntur a relatiuis proprietatibus & distinctiuis, hoc no-
139 917 1590 973 men deus significat personam quandam distinctam proprietatibus essentialibus ab omnibus aliis
138 964 1581 1013 naturis, creaturarum. scilicet quemadmodum ludaei quidam & gentiles intelligunt vnum deum eminentem pro
138 1010 1581 1060 prietatibus eorum quae sunt. Quod non potest stare: quoniam (vt determinatum est in praedicto Quolibet)
132 1053 1582 1104 nihil habet rationem suppositi nisi habeat rationem entis determinati. Eorma enim non est supposi
142 1097 1589 1143 tum vt nomine formae significatur: sed habens formam tanenmmodo. Habere autem formam nulli convenit
134 1139 1589 1202 nisi per determinatum modum habendi eam. Aliter enim forma esset forma tantum vt humanitas vel
129 1183 1591 1235 asinitas: non autem habita ab aliquo sicut a supposito: veluti ab homine vel asino. Determinatio
138 1232 1584 1282 autem non potest esse nisi in habente formam, nisi per aliquid fundatum in ipsa forma vel essentia, quod ra-
131 1275 1581 1328 tionis alterius est quam sit ipsa forma, quia seipsa ex ratione qua forma est, nullam habet determina
141 1322 1577 1371 tionem. Illa autem ratio non potest esse pure negatiua: quia illa nihil determinat. Est ergo positi-
130 1364 1586 1420 ua absoluta vel respectiua. Non absoluta: quia cu illa non potest esse res alia addita ipsi essentiae for-
138 1410 1590 1460 mae, oportet quod fundetur in ipsa essentia formae: & sic ipsam essentiam formae in se determinaret:
142 1455 1588 1508 quid solum fit in creaturis & in formis creatis: non autem in forma increata: quia illimitata & inde
132 1504 1591 1558 terminabilis est, vt habitum est supra. Alio autem modo non potest constitui ratio suppositi absoluti.
140 1544 1590 1602 Si ergo in deo sit suppositum, oportet quod constituatur per rationem respectiuam in ipsa essentia fun-
135 1588 1586 1637 datam, quae non agit determinationem aliquam rei secundum se consideratae: propter quod non determinat
137 1634 1587 1684 essentiam: sed solum rei comparatae ad alterum secundum relatiuam oppositionem: quae est ipsius relati, quod
135 1681 1585 1731 est ipsum constitutum quasi ex essentia & relatione, & ipsum determinatum atque distinctum, vt infra di-
138 1726 1584 1771 cetur. Ablatis ergo per intellectum proprietatibus & nominibus earum, nullo modo manet in deo ra-
144 1768 1590 1825 tio suppositi: nec possibile est poni in deo aliam rationem suppositi quam relati. Vnde philosophis qui verum
144 1814 1590 1865 habebant intellectum deitatis, etsi non trinitatis personarum relatarum, praecise intelligebant eam vt quan-
144 1857 1590 1908 dam singularitatem absolutam indeterminatam & illimitatam: ita quod falsus & fictitius fuisset eorum in-
140 1901 1593 1947 tellectus, & non essentiam deitatis intellexissent sed figmenti, quod sibi in imaginatione constru
134 1946 1583 1997 xissent si sub ratione suppositi absoluti eam intellexissent: quemadmodum est falso eam intellexissent, si eam
141 1991 1586 2044 intellexissent non intelligendo eam sub proprietatibus relatiuis & in supposito relatiuo subsistenti
142 2036 1588 2085 existere: immo (vt verius dicam) intelligendo eam existere absque relatiuis proprietatibus: nec in
131 2079 1584 2128 supposito relatiuo. Vnde dicit Hil. iii. de trinitate. cap. vii. Numquod nomen dei ignorabatur: Hoc
138 2126 1580 2172 Moyses de rubo audiuit: hoc Genesis in exordio creati orbis nunciauit: hoc lex exposuit: prophe
135 2171 1590 2218 tae praetulerunt: homines in huius mundi operibus senserunt: gentes etiam mentiendo veneratae sunt
138 2214 1588 2268 Non ergo ignorabatur dei nomen: sed plane deus ignorabatur: nam deum nemo noscit, nisi confiteatur & pa
140 2257 1584 2322 trem vnigeniti filii. Et li. v. cap. xvii. Prius confitendus est pater & filius: vt vnus deus possit
138 2304 1588 2353 intelligi. Vnum verum deum non apprehendet euangelicae & apostolicae praedicationis ignara impietas.
138 2348 1584 2409 Sicut enim naturae essentiae creaturae est, vt non existat nisi in supposito absoluto & determinato per
127 2392 1584 2446 naturae participationem: sic naturae deitatis est vt non existat nisi in supposito relatione determi-
128 2438 1574 2495 nato. Vnde abbas loachim quia non potuit intelligere vnam deitatis naturam non cointelli-
135 2488 1584 2538 gendo proprietates personales, nisi intelligendo eam sub ratione suppositi, & personae, vt in di-
139 2529 1581 2577 uinis saluaret personarum trinitatem, & negaret quaternitatem: quamuis concesserit quod pater & fi-
139 2573 1575 2625 lius & spiritus sanctus sint vna essentia, vna substantia, vna natura: vnitatem tamen huiusmodi non
137 2616 1572 2661 veram & propriam quasi vnum aliquod re singulare sit in patre & filio & spiritu sancto: sed quasi conie-
146 2657 1582 2724 ctiuam & similitudinariam esse confessus est: quemadmodum multi homines dicuntur vnus populus, & multi si
136 2715 1591 2777 deles vna ecclesia. Et cecidit in haeresim Arrianam personas separando. Vnde & appellauit Magi-
