2017 3281
468 296 1917 358 strum Petrum Lombardum haereticum: eo quod in suis sententiis dixit: quoniam quaedam sum-
465 355 1908 406 ma res est pater & filius & spiritus sanctus. Vnde asserit quod ille non tam trinitatem quam quater-
465 393 1906 453 nitatem astruebat in deo, videlicet tres personas relatiuas, & vnam communem essentiam, quas
474 439 1919 505 quartam personuam. scilicet absolutam, manifeste protestans quod nulla res est quae sit pater & filius & spiritus
476 492 1921 543 sanctus, nec essentia nec natura. Et hoc ideo: quia si hoc posuisset, visum fuit ei quod necesse habebat
473 527 1908 592 ponere quod esset secundum se persona aliqua, quod non est verum. Est eni in personis non distincta ab ipsis: nen
465 585 1917 630 autem persona. Et sic credit ecclesia, quod quaedam res & natura est pater, filius, spiritus sanctus
466 623 1924 675 ita tres simul sunt illa natura: & quaelibet trium personarum per se: vt vnitas sit in natura, &
472 664 1926 721 distinctio in personis. secundum quod haec omnia expresse habentur in principio Decretalium. c. Damnamus
470 715 1922 768 ergo & reprobamus &c. Et sicut contingebat loachim personas separare cum Arrio, ne poneret
472 755 1925 815 personarum in deo quaternitatem, eo quod essentiae siue naturae vnitatem intelligere non potuit
463 809 1926 858 sine ratione personalitatis: sic contigit contrario modo Sabellio, quod personas confundebat ne negaret
463 849 1923 903 substantiae siue naturae vnitatem, quam non potuit intelligere nisi in vnica personalitate: quam po-
473 893 1923 950 nebat esse in tribus, sicut nos ponimus in tribus ipsam essentiam absque propria personalitate. In eo
477 936 1926 990 enim quod posuit vnam personam absolutam in ipsa essentia, necesse habuit ponere proprietates
471 989 1929 1041 personales relatiuas fundari in illa persona: sicut & nos in ipsa essentia: & ponere illam vnam-
467 1035 1921 1087 sicut & nos ipsam essentiam, esse patrem & filium & spiritum sanctum: ita quod proprietates illae pro
477 1072 1922 1140 prias personas non distinguerent super illam personalitatem essentiae: sed quod illa vna personalitas
466 1124 1929 1180 in illas se diffunderet: & illae simul se in istam confunderent: vt sicut secundum Arrium aliud pa-
471 1163 1925 1223 ter, aliud filius, aliud spiritus sanctus: sic secundum Sabellium, qui pater, ille filius, ille spiritus sanctus.
470 1213 1922 1269 Reuera haec necesse habent ponere ponentes in deo vnam personam absolutam: quia illius esset per se age
464 1265 1920 1312 re actiones diuinas, & esse terminum actionum personalium, vt esset pater quia generat: & filius quia gene
471 1302 1932 1356 ratur: & spiritus sctuns quia procedit. vt relationes sint aduentitiae ipsi personae ex actu, nullo modo rationes elicien
470 1347 1930 1405 di vel terminandi actus: & esset ille qui generat, ille qui generatur: & spirans, qui spiratur: & generaret & spi
473 1397 1927 1451 raret seipsum. quod catholici inducunt tamquam inconveniens & absurdum contra Sabellium. Nos igitur Scyllam
469 1445 1921 1497 vitantes atque charvbdim, mediam viam inter duas pestes teneamus: Dicendo quod in diuinis est essen-
472 1484 1926 1546 tia vna, singularitate essentiae communis tribus personis, ne personas diuidamus sicut Arrius: non
458 1535 1425 1599 singularitate personae, ne ipsas confundamus sicut Sabellius.
481 1587 1931 1682 ⁋ Quia ergo arguitur Primo in oppositum: quod persona est hypostasis proprietate
474 1669 1922 1729 distincta: Dicendum quod non definitur ibi generaliter persona vt consideratur in sua generali-
469 1712 1920 1768 tate siue communitate, prout habet inueniri in omnibus rationalibus & intellectualibus: sed spe
473 1757 1920 1807 cialiter vt habet esse in deo: & hypostasis stat ibi in illa generalitate vt conuenit omni substan
460 1804 1922 1859 tiae indiuiduae subsistenti more latinorum, siue fuerit intellectualis, siue non intellectualis. Vn-
476 1849 1923 1902 de non includit determinatam rationem distinctionis siue per essentiae, siue per naturae deter
472 1896 1932 1956 minationem, vt contingit in creaturis, siue per relatiuas proprietates, vt contingit in diuinis
461 1940 1920 2000 secundum modum supra determinatum. Persona autem diuina includit determinatam rationem distin-
464 1987 1927 2046 ctionis scilicet per relatiuam proprietatem. Et sic in ista definitione personae diuinae cum dicitur quod est
463 2032 1935 2090 hypostasis proprietate distincta, ly Hypostasis distincta, in illa definitione est quasi genus: l pro
475 2078 1918 2123 prietate (subintellige relatiua) quasi differentia: & sic hypostasis supponit ibi vt commune
475 2122 1930 2175 secundum rationem & intentionem: non autem vt aliquid commune secundum rem: quemadmodum est
466 2174 1922 2227 essentia: quod tamen supponit argumentum. aliter enim non esset intellecta vna persona absoluta
480 2213 1925 2264 manens subtractis proprietatibus. ⁋ Ad secundum, quod relatiue dictum est aliquid excepto rela
476 2259 1919 2314 tiuo: Dicendum quod intellectus illius dicti est, quod omne quod relatiue dicitur, praeter rationem respe
482 2306 1921 2357 ctus quo relatiue & ad aliud dicitur, est aliquid in re absoluta in qua fundatur ille respectus.
473 2350 1916 2405 ⁋ Sed ex parte eius quod dicitur aliquid: Sciendum quod potest habere suppositionem simplicem pro
473 2396 1923 2458 essentia vel personalem pro supposito. Primo autem modo sumitur in dicto Aug. Et sic pater
464 2444 1927 2499 in diuinis est aliquid.d i. diuina essentia: quae est aliud quid ab essentia creata excepto relatiuo.
477 2487 1928 2533 hoc est ratione respectus siue relationis: quae formaliter imponitur nomine paternitatis. Secun
466 2529 1920 2596 do modo procedit argumentum non secundum intentionem Augustniuni ⁋ Ad tertium: quod pater alio
464 2576 1913 2640 est aliquis: alio est pater: Dicendum quod falsum est, quemadmodum non est alio persona, alio ista
476 2624 1921 2684 persona patris: licet persona supponat indeterminate pro eo quod supponit determinate per-
471 2675 1914 2731 sona filii, patris, & spiritus sancti. & significat communiter intentionem illam quam signifi-
470 2718 1921 2779 cat determinate quaelibet illarum, secundum quod patet ex supra determinatis. Et quod argui-
470 2757 1920 2837 tur, quod paternitate est pater: non est autem paternitate aliquis: quia tunc filius non esset ali-
