2017 3234
438 258 1929 336 est id quod dicit Augustinus. vii. de trinitate. Propterea dicimus tres personas: quia commune est
440 320 808 392 persona eis id quod est.
449 390 1923 468 ⁋ Dicendum ad hoc: quod triplex est communitas: quaedam rei purae, quaedam rationis pu-
455 455 1920 509 rae, quaedam vero media partim rei, partim rationis. Primo modo est communitas solius essentiae,
449 502 1915 556 & attributorum essentialium tribus personis. Et secundum hanc communitatem dicitur quod pater est
449 546 1916 600 deus: filius est deus: spiritus sanctus est deus. Et haec est remotissima a ratione vniuersalis: quia
440 588 1923 649 in vnitate rei singularis fundatur, non sic autem communitas vniuersalis. Communitas tertio mo
446 634 1920 687 do dicta est communitas relationis tribus personalibus relationibus: quae sunt paternitas, filiatio,
439 680 1922 738 spiratio. Quae relatio est vnum praedicamentum in diuinis, non solum ratio praedicamenti. Secundum hanc
447 729 1935 783 enim communitatem dicimus quod paternitas est relatio, filiatio est relatio, spiratio est relatio: & quasi
445 773 1930 827 in concreto dicimus quod pater est relatiuum, filius est relatiuum, spiritus sanctus est relatiuum. & haec con-
441 825 1935 873 munitas magis appropinquat vniuersali quam praecedens, quia non consistit in vnitate relationis sin-
445 861 1924 921 gularis: sed quasi in abstracta a tribus relationibus singularibus realibus praedictis. Nec tamen in
451 907 1938 966 ea est vera ratio vniuersalis: quia non sunt in ipsis tres realitates in fundamento suppositorum: sed
450 955 1944 1010 vnica tantum, quia in vna re singulari quae deitas est, fundantur, vt infra patebit: & vniuersale verum
452 1000 1945 1056 debet habere diuersam realitatem in suis suppositis, secundum quod de hoc habitum est satis superius.
454 1042 1931 1096 propter quod dicta est ista conmunitas, partim rei, partim rationis: licet non sit in ea vera vniuersa-
441 1095 1935 1149 litas. Quomodo autem illae tres relationes dicuntur reales, & quodam modo tres res, non solum propter
446 1133 1944 1183 realitatem naturae & essentiae quae est earum fundamentum, sed propter realitatem hypostasum quas
449 1182 1943 1241 constituunt, videbitur inferius. Communitas autem secundo modo dicta, est communitas illa quae est
440 1224 1933 1280 in nomine personae. Sed hoc ponunt diuersi diuersimode. Quidam enim dicunt quod communitas perso-
444 1273 1936 1330 nae est secundum negationem: sicut est communitas indiuidui ad Petrum & ad Paulum: quia
448 1316 1935 1368 scilicet non capit essentia singularis eorum partitionem in plures, sicut capit essentia humani-
447 1363 1935 1418 tatis si mpliciter in humanitatem huius & illius, secundum quod supra tactum est. Sed hoc non est ve
440 1405 1938 1456 rum, quod persona in diuinis non consistit in pura negatione, etiam si non significaret nisi intena
452 1455 1940 1510 tionem, sicut significat indiuiduum, immo fundatur in creaturis in ipsius naturae communis po
439 1496 1941 1548 sitiua determinatione, & in diuinis super relationes diuinorum suppositorum: vt praedictum est.
455 1545 1949 1604 ⁋ ldeo aliter respondendum est, alio modo ponendo personam significare substantiam vel essentiam
450 1595 1940 1647 alio vero modo ponendo ipsam significare intentionem. Ponendo vero perfonam significare sub-
448 1639 1944 1695 stantiam vel essentiam, quidam aspiciunt in ponendo eius communitatem ad naturam relationum quae sunt
455 1680 1936 1739 personarum constitutiuae: quidam vero ad ipsas personas siue hypostases singulares constitutas. Ad
459 1726 1941 1782 communem vero essentiam non potest fieri aspectus: quia tenet vnitatem & non multiplicat trini
450 1771 1934 1827 tatem, secundum Boethium: sine qua multiplicatione non est personae communitas: vt dictum est iam su-
459 1815 1950 1867 pra secundum Ricardum. Secundum primum modum dicunt aliqui quod ibi est communitas in re relationum quae
458 1863 1936 1907 sunt constitutiuae personarum: super quas est ibi (vt dictum est) communis ratio relationis ad pa-
465 1905 1932 1954 ternitatem filiationem & spirationem. & illam dicunt significari nomine personae: sicut speciales re-
456 1954 1941 2009 lationes significantur nominibus patris & filii & spiritus sancti. Et ideo personam communem esse ad
460 2007 1940 2055 patrem, & filium, & spiritum sanctum: sicut est relatio simpliciter communis ad paternitatem, filiationem,
459 2047 1938 2101 & communem spirationem. Sed hoc non potest stare, quoniam (vt dictum est secundum Ricar. supra) nomen personae non
458 2088 1935 2145 significat nisi singulare vnicum in se & indistinguibile in se, & distinctum a quolibet alio, & quid tale
461 2132 1929 2190 nullam rem communem significat. Vnde si ita esset vt dicunt, tunc non esset communitas alia praedi-
464 2182 1933 2229 cata cum dicitur, pater est persona, filius est persona, spiritus sanctus est persona, quam illa quae prae-
464 2227 1934 2281 dicatur cum dicitur pater est relatiuum, filius est relatiuum, spiritus sanctus est relatiuum. Quod falsum est:
465 2275 1935 2328 quia esse relatiuum simpliciter nullam rationem distinctionis importat, sicut importat nomen personae. Et
454 2318 1934 2372 reuera si persona proprie & per se significatione prima & absoluta diceretur significare substan
455 2360 1935 2417 tiam quae est hypostasis, aut relationem, tunc non posset esse commune ad tres hypostases relatiuas
458 2406 1933 2453 nisi significando communem relationem ad illarum relationes, aut nihil omnino reale quod est commu
459 2453 1933 2511 ne intelligitur nomine personae: quod proculdubio verum est. ldeo ponentes quod persona significat sub-
456 2497 1935 2551 stantiam vel essentiam, ponunt communitatem eius absque significatione communis alicuius. Magister Gerar-
471 2539 1932 2595 dus La pucelle, qui ponens quod persona significat essentiam non gratia sui, sed gratia suppositorum, ita
467 2587 1932 2644 quod supponat pro personis non pro essentia, vt expositum est supra: ratione huius suppositionis dicit quod
476 2633 1940 2692 pluraliter accipitur, & tamen substantiam significat in plurali sicut & in singulari, & ita quod communitas
472 2678 1929 2729 eius non est in significatione: sed in suppositione. Et arguit contra eum Praepositinus sic. Hoc no-
463 2722 1939 2796 men deus etsi aliquando supponit pro persona, aliquando pro essentia: tamen vbi supponit pro persona,
