2017 3208
106 273 1591 340 adiunctionem alterius: & consequenter in geminis, perfectio vtriusque requirit cohaerendum tertiae. Quia
104 337 1593 391 ergo persona quae non est ab alia sed a qua est alia, & persona quae est ab illa non conveniunt: & per con
110 382 1580 438 sequens nec vniuocantur in suis rationibus perfectionum personalibus: ideo non sequitur quod licet
117 425 1582 475 vna persona propter suam perfectionem requirat quod sit vnica tantum, quod hoc similiter requirat & alia
109 468 1574 519 vt quod si persona quae non est ab alia & a qua est alia, sit vnica, quod similiter persona quae est ab alia sit vni
102 518 1572 573 ca tantu scilicet illa quae prima emanatione procedit: quamuis sua perfectio requirit quod sit tantum vnica in ratio-
105 563 1581 616 ne suae personalitatis. Quemadmodum enim perfectio patris vt pater est, requirit quod in diuinis non sit nisi
96 607 1575 662 tantum vnus pater: sic perfectio filii vt filius, requirit quod in diuinis non sit nisi tantum vnus filius. Non tamen
99 654 1571 709 quemadmodum perfectio patris qua non est ab alio simpliciter, requirit quod non sit in diuinis alius qui
96 699 1573 754 non est ab alio, siue ille alius intelligatur fore pater, siue non pater: Sic perfectio filii qua est ab alio
104 740 1567 791 simpliciter, requirit quod non sit in diuinis alius quid non est ab alio, siue ille alius fuerit filius siue non filius
100 786 1561 841 secundum quod haec omnia melius clarescent inferius. ⁋ Ad secundum dicendum: quod licet in deo sit po
95 832 1566 890 nere rem substantiae vnicam, & rem relationis in personis triplicem: tamen illa res substantiae vt substam
104 880 1569 937 tia est siue essentia, licet sit natura intellectualis non habet propriam rationem personalitatis. Quo
101 923 1573 980 niam (vt supra expositum est) res quae est essentia secundum quod est essentia siue sit singularis siue non-
100 970 1568 1025 non habet rationem personae nisi habeat rationem incommunicabilis: & ideo non connumeratur
93 1022 1580 1074 cum triplici re personali, nec distinguitur contra eas in constituendo personam, vt posuit loachim.
103 1058 1574 1120 ⁋ Ad tertium dicendum, quod si non esset in diuina essentia alia ratio qua esset communicabilis, & alia
110 1108 1582 1164 qua est istis communicabilis: tunc argumentum procederet. Nunc autem non est ita. licet enim sit
106 1155 1582 1205 communicabilis simpliciter propter rationem suae infinitatis & illimitationis: vt propterea in sin-
104 1198 1574 1256 gularitate essentiae procedit communicatio in diuinis: cum tamen in illa statur in creaturis (vt ali
101 1253 1567 1301 bi expressius declarauimus ) non tamen est communicabilis nisi determinatis personis propter
102 1285 1578 1337 determinatum numerum radicum diuinarum emanationum in diuina essentia: cuiusmodi sunt
104 1329 1576 1381 intellectus & voluntas, vt determinauimus in sexto Quodlibet in quaestione de numero persona-
101 1383 1577 1434 rum, & adhuc amplius declarabitur. Rationes autem quas Ricar. adducit de triniitate. quod non possunt per
110 1421 1560 1491 sonae diuinae esse infinitae, logicales sunt omnes, & solum probabilitatem inducunt, sicut & illae per
108 1472 657 1538 quas probat personarum trinitatem.
364 1553 1562 1621 Irca decimum arguitur, quod in diuinis non sit vna persona in alia mutuo & eodem
381 1595 1599 1662 modo, Primo sic. Philosophous. iiii. physicorum assignat octo modos essendi in: & Qui
375 1655 1598 1712 non supponuntur esse plures. sed nullo istorum modorum vna personarum diui A
374 1701 1581 1747 narum est in alia, vt patet inducendo. ergo &c. ⁋ Secundo sic. quod habet esse in sem a
375 1746 1569 1804 per exeundo ab alio, nunquam habet esse in illo: quia esse in, & exire ab, sunt contrariae
349 1788 1575 1846 habitudines: quae non possunt esse in eodem respectu vnius. filius habet esse in sem
356 1834 1560 1884 per exeundo a patre: quia dicitur loanenis. xvi. Exiui a patre. &. xiii. Adeo exiuit. &
111 1879 1569 1939 Micheae. v. Egressus eius ab initio a diebus aeternitatis. qui exitus exponitur de aeterna generatione
100 1926 1563 1983 qua semper filius generatur, & semper generatus est, vt infra videbitur. ergo filius non est in patre
101 1965 1580 2027 nec econuerso per consimilem rationem, vt patet intuenti. ergo &c. ⁋ Tertio sic. si vna persona est
97 2021 1575 2073 in altera: aut ergo ratione substantiae: aut ratione relationis: aut ratione vtriusque, non ratione substantiae: quia ratione
100 2062 1563 2121 substantiae sunt idem: & ratione qua aliqui sunt idem, vnus non est in altero: quia esse in, est nota diffe
105 2109 1566 2159 rentiae siue distinctionis inter illos quorum vnus est in altero. ldem enim inquantum idem non est
101 2150 1575 2209 in seipso: quia tunc aliquid esset in seipso primo & per se: quod est impossibile secundum Philosophum
101 2196 1575 2254 iiii. physicorum. Eo autem quo sunt idem non distinguuntur aut differunt. Non ratione relationis
101 2241 1568 2303 quia ratione relationis opponuntur: & oppositum non habet esse in opposito inquantum oppositum
107 2295 1577 2351 est. ergo non ratione vtriusque secundum Auctorem lib. vi. principiorum. ergo &c. ⁋ Quarto sic. si
100 2341 1570 2395 pater est in filio, cum pater sit deus & filius deus: ergo deus est in deo. consequens est falsum, quia
101 2389 1573 2436 non est nisi vnus & idem deus: & sic idem esset in seipso: quod est contra Philosophum. iiii. physi-
93 2421 1569 2478 corum. ergo & caetera. ⁋ Quinto sic. si aliquid est in alio quod est in eo quod est in, est & in illo in
105 2478 1562 2532 quo est illud. si ergopater est in filio, & filius in patre, pater est in seipso,. quod est impossibile se-
100 2516 1576 2568 cundum iam dicta. ergo &c. ⁋ Sexto sic. Si filius est in patre, non autem est filius nisi vbi est filiatio
100 2559 1570 2622 ergo filiatio in patre est. ille autem est filius in quo est filiatio. pater ergo est filius. Eodem modo
112 2602 1568 2661 potest argui quod pater est filius si pater est in filio: & similiter de generatione actiua & passiua, quod sci
98 2647 1559 2712 licet generatio passiua sit in patre: & ita quod pater generetur: & quod generatio actiua sit in filio: & ita
114 2693 1584 2751 quod filius generet. consequens est falsum. ergo & antecedens. ⁋ Septimo sic. opposita & repugnantia
106 2744 1584 2806 sicut ex se non possunt esse in eodem: sic nec per aliquid vnum. calidum enim & frigidum nunquam per
