<?xml version="1.0" encoding="UTF-8" standalone="yes"?>
<PcGts xmlns="http://schema.primaresearch.org/PAGE/gts/pagecontent/2013-07-15" xmlns:xsi="http://www.w3.org/2001/XMLSchema-instance" xsi:schemaLocation="http://schema.primaresearch.org/PAGE/gts/pagecontent/2013-07-15 http://schema.primaresearch.org/PAGE/gts/pagecontent/2013-07-15/pagecontent.xsd">
    <Metadata>
        <Creator>prov=University of Rostock/Institute of Mathematics/CITlab|PLANET AI GmbH/Gundram Leifert/gundram.leifert@planet-ai.de:name=Badius1520-m2(htr_id=24043)::::v=2.6.6
prov=University of Rostock/Institute of Mathematics/CITlab|PLANET AI GmbH/Tobias Gruening/tobias.gruening@planet-ai.de:name=de.uros.citlab.module.baseline2polygon.B2PSeamMultiOriented:v=2.6.6
prov=University of Rostock/Institute of Mathematics/CITlab|PLANET AI GmbH/Tobias Gruening/tobias.gruening@planet-ai.de:name=/net_tf/LA73_249_0mod360.pb:de.uros.citlab.segmentation.CITlab_LA_ML:v=2.6.6
Transkribus</Creator>
        <Created>2020-04-15T01:41:55.108+02:00</Created>
        <LastChange>2020-05-22T20:39:43.736+02:00</LastChange>
        <TranskribusMetadata docId="369791" pageId="14432451" pageNr="164" tsid="29519581" status="IN_PROGRESS" userId="25065" imgUrl="https://files.transkribus.eu/Get?id=AQHMTBIBIKXMEQZVCNXTDTCE&amp;fileType=view" xmlUrl="https://files.transkribus.eu/Get?id=OCQMRDGFYYNRRSMJNVVDTWBC" imageId="10395601"/>
    </Metadata>
    <Page imageFilename="163.jpg" imageWidth="2017" imageHeight="3275">
        <ReadingOrder>
            <OrderedGroup id="ro_1590235552333" caption="Regions reading order">
                <RegionRefIndexed index="0" regionRef="TextRegion_1587347424426_2111"/>
            </OrderedGroup>
        </ReadingOrder>
        <TextRegion orientation="0.0" id="TextRegion_1587347424426_2111" custom="readingOrder {index:0;}">
            <Coords points="455,295 1923,295 1923,2780 455,2780"/>
            <TextLine id="r3l2" custom="readingOrder {index:0;}">
                <Coords points="464,344 1911,352 1880,300 464,278"/>
                <Baseline points="473,336 544,335 615,335 687,333 758,333 830,332 901,332 973,332 1044,332 1116,333 1187,333 1258,333 1330,335 1401,335 1473,336 1544,337 1616,338 1687,339 1759,341 1830,341 1902,342"/>
                <TextEquiv>
                    <Unicode>ris aliquid est in alio: quemadmodum locatum est in loco. sed sic nihil potest esse in seipso, vt probat</Unicode>
                </TextEquiv>
            </TextLine>
            <TextLine id="r3l3" custom="readingOrder {index:1;}">
                <Coords points="457,395 1753,408 1910,403 1927,354 458,348"/>
                <Baseline points="467,381 539,380 612,378 684,378 757,377 829,377 902,377 974,377 1047,378 1119,378 1192,378 1264,380 1337,380 1409,381 1482,383 1554,383 1627,384 1699,386 1772,386 1844,387 1917,387"/>
                <TextEquiv>
                    <Unicode>Philosophous. iiii. physicorum. Sed &amp; nec isto modo in diuinis contingit aliquid vel aliquem esse in se</Unicode>
                </TextEquiv>
            </TextLine>
            <TextLine id="r3l4" custom="readingOrder {index:2;}">
                <Coords points="470,445 1917,445 1885,392 470,390"/>
                <Baseline points="479,426 550,425 621,425 693,423 764,423 836,423 907,423 979,423 1050,423 1122,424 1193,425 1264,425 1336,426 1407,426 1479,428 1550,428 1622,429 1693,431 1765,431 1836,432 1908,434"/>
                <TextEquiv>
                    <Unicode>ipso sicut neque in creaturis. Et propter easdem rationes neque etiam possibile est isto modo in diui-</Unicode>
                </TextEquiv>
            </TextLine>
            <TextLine id="r3l5" custom="readingOrder {index:3;}">
                <Coords points="457,481 1926,486 1846,438 457,443"/>
                <Baseline points="467,471 539,470 612,470 684,470 757,470 829,470 902,470 974,470 1047,470 1119,471 1192,471 1264,471 1337,473 1409,473 1482,474 1554,474 1627,476 1699,476 1772,477 1844,477 1917,479"/>
                <TextEquiv>
                    <Unicode>nis personam vnam esse in alia: licet sit possibile in creaturis. Quia cum aliquid totum est in alio</Unicode>
                </TextEquiv>
            </TextLine>
            <TextLine id="r3l6" custom="readingOrder {index:4;}">
                <Coords points="464,537 1913,545 1925,500 465,490"/>
                <Baseline points="474,518 546,518 618,516 690,516 762,516 834,516 906,516 978,516 1050,516 1122,516 1195,516 1267,518 1339,518 1411,519 1483,519 1555,521 1627,521 1699,522 1771,522 1843,524 1916,525"/>
                <TextEquiv>
                    <Unicode>primo &amp; per se, &amp; quicquid est eius similiter aeque primo &amp; per se est in illo: vt si in loco centri pri-</Unicode>
                </TextEquiv>
            </TextLine>
            <TextLine id="r3l7" custom="readingOrder {index:5;}">
                <Coords points="471,570 1812,587 1916,581 1917,546 471,536"/>
                <Baseline points="480,563 551,563 622,561 694,561 765,561 837,561 908,561 979,563 1051,563 1122,563 1194,563 1265,564 1336,564 1408,566 1479,566 1551,566 1622,567 1693,567 1765,569 1836,569 1908,569"/>
                <TextEquiv>
                    <Unicode>mo &amp; per se est tota terra, &amp; quaelibet pars eius aeque primo &amp; per se est in centro: licet non separatim.</Unicode>
                </TextEquiv>
            </TextLine>
            <TextLine id="r3l8" custom="readingOrder {index:6;}">
                <Coords points="488,629 1919,625 1885,577 489,575"/>
                <Baseline points="498,606 568,606 639,606 709,606 780,608 851,608 921,608 992,608 1063,609 1133,609 1204,609 1275,611 1345,611 1416,611 1487,612 1557,612 1628,614 1699,614 1769,614 1840,615 1911,615"/>
                <TextEquiv>
                    <Unicode>uare si persona filii tota esset per se &amp; primo in prie, &amp; proprietas filii simiter vt filiatio, primo &amp; per se esset in perse, &amp;</Unicode>
                </TextEquiv>
            </TextLine>
            <TextLine id="r3l9" custom="readingOrder {index:7;}">
                <Coords points="476,674 1834,678 1916,669 1917,625 477,627"/>
                <Baseline points="485,654 556,654 627,653 698,653 769,653 840,653 911,653 982,654 1053,654 1124,654 1196,656 1267,656 1338,656 1409,657 1480,657 1551,657 1622,659 1693,659 1764,659 1835,659 1907,660"/>
                <TextEquiv>
                    <Unicode>eque primo sicut &amp; deitas filii: quare &amp; denominaret patrem sicut &amp; deitas: &amp; esset pter filiatione filius sicut dei</Unicode>
                </TextEquiv>
            </TextLine>
            <TextLine id="r3l10" custom="readingOrder {index:8;}">
                <Coords points="476,711 1908,726 1922,674 476,674"/>
                <Baseline points="485,699 556,699 627,698 699,698 770,698 842,699 913,699 984,699 1056,699 1127,701 1199,701 1270,701 1341,702 1413,702 1484,703 1556,704 1627,704 1698,704 1770,705 1841,705 1913,705"/>
                <TextEquiv>
                    <Unicode>tate deus. Praeterea si aliquid est in alio per se &amp; primo, impossibile est vice versa quod illud in quo est</Unicode>
                </TextEquiv>
            </TextLine>
            <TextLine id="r3l11" custom="readingOrder {index:9;}">
                <Coords points="470,755 1919,761 1879,712 470,709"/>
                <Baseline points="479,746 550,744 622,744 693,744 765,746 837,746 908,746 980,746 1051,746 1123,746 1195,747 1266,747 1338,747 1409,749 1481,749 1553,749 1624,750 1696,750 1767,752 1839,752 1911,753"/>
                <TextEquiv>
                    <Unicode>aliquod aliud sit per se &amp; primo in eo quod est in ipso: quia idem esset continens &amp; contentum per se &amp; primo</Unicode>
                </TextEquiv>
            </TextLine>
            <TextLine id="r3l12" custom="readingOrder {index:10;}">
                <Coords points="459,807 1925,802 1911,760 460,762"/>
                <Baseline points="468,791 540,789 612,789 685,789 757,789 830,789 902,791 974,791 1047,791 1119,791 1192,792 1264,792 1336,793 1409,794 1481,794 1554,794 1626,795 1698,795 1771,795 1843,795 1916,795"/>
                <TextEquiv>
                    <Unicode>respectu eiusdem: &amp; esset idem respectu vnius totum exterius &amp; totum interius. quod est impos-</Unicode>
                </TextEquiv>
            </TextLine>
            <TextLine id="r3l13" custom="readingOrder {index:11;}">
                <Coords points="469,846 1929,850 1914,802 469,803"/>
                <Baseline points="477,834 549,834 621,834 693,834 765,834 837,835 909,836 981,836 1053,836 1125,837 1198,837 1270,839 1342,839 1414,840 1486,840 1558,840 1630,842 1702,842 1774,842 1846,842 1919,842"/>
                <TextEquiv>
                    <Unicode>sibile &amp; in corporalibus corporaliter, &amp; in spiritualibus spiritualiter. Et ita si vna persona esset secun</Unicode>
                </TextEquiv>
            </TextLine>
            <TextLine id="r3l14" custom="readingOrder {index:12;}">
                <Coords points="470,893 1917,903 1886,850 470,846"/>
                <Baseline points="479,882 550,881 621,881 693,881 764,881 836,881 907,881 978,881 1050,881 1121,882 1193,882 1264,882 1335,884 1407,884 1478,885 1550,885 1621,887 1692,887 1764,887 1835,887 1907,888"/>
                <TextEquiv>
                    <Unicode>dum totum per se &amp; primo in alia, vt filius in patre, non posset econverso pitr per se &amp; primo esse in filio secundum </Unicode>
                </TextEquiv>
            </TextLine>
            <TextLine id="r3l15" custom="readingOrder {index:13;}">
                <Coords points="461,937 1925,946 1889,895 462,893"/>
                <Baseline points="470,927 542,927 614,926 686,926 759,926 831,926 903,926 976,927 1048,927 1120,927 1193,928 1265,929 1337,929 1409,930 1482,930 1554,932 1626,932 1699,933 1771,933 1843,933 1916,935"/>
                <TextEquiv>
                    <Unicode>totum vllo modo vel saltem eodem modo, quod non est tenendum in diuinis: quia mutuo &amp; vniformiter singulae personae</Unicode>
                </TextEquiv>
            </TextLine>
            <TextLine id="r3l16" custom="readingOrder {index:14;}">
                <Coords points="477,983 1886,1000 1914,944 477,939"/>
                <Baseline points="486,972 560,972 635,972 710,972 784,972 859,972 934,972 1008,972 1083,972 1158,974 1232,974 1307,975 1382,975 1456,977 1531,977 1606,978 1680,978 1755,980 1830,980 1905,980"/>
                <TextEquiv>
                    <Unicode>diuinis ponendae sunt esse in singulis. Quia vero secundo modo aliquid sit in alio scilicet per se sed non primo, quia per aliquid </Unicode>
                </TextEquiv>
            </TextLine>
            <TextLine id="r3l17" custom="readingOrder {index:15;}">
                <Coords points="459,1028 1873,1041 1927,995 459,983"/>
                <Baseline points="468,1019 540,1019 612,1017 685,1017 757,1017 830,1017 902,1017 975,1017 1047,1019 1120,1019 1192,1019 1264,1020 1337,1020 1409,1022 1482,1022 1554,1023 1627,1023 1699,1023 1772,1025 1844,1025 1917,1025"/>
                <TextEquiv>
                    <Unicode>sui quod primo &amp; per se habet esse in illo, hoc potest esse dupliciter: aut quod illud aliquid sit vnius &amp; non sit alte-</Unicode>
                </TextEquiv>
            </TextLine>
            <TextLine id="r3l18" custom="readingOrder {index:16;}">
                <Coords points="461,1076 1929,1078 1903,1032 462,1032"/>
                <Baseline points="470,1065 542,1065 614,1064 687,1064 759,1064 832,1064 904,1064 977,1064 1049,1064 1122,1065 1194,1065 1266,1065 1339,1067 1411,1067 1484,1068 1556,1068 1629,1070 1701,1070 1774,1070 1846,1071 1919,1071"/>
                <TextEquiv>
                    <Unicode>rius: aut quod sit vnius, ita quod sit etiam alterius. Primo modo in creaturis habet aliquid esse in alio</Unicode>
                </TextEquiv>
            </TextLine>
            <TextLine id="r3l19" custom="readingOrder {index:17;}">
                <Coords points="460,1120 1926,1130 1926,1079 1864,1075 461,1076"/>
                <Baseline points="470,1110 542,1110 614,1109 686,1109 759,1109 831,1109 903,1109 976,1109 1048,1109 1120,1110 1193,1110 1265,1112 1337,1112 1409,1113 1482,1113 1554,1115 1626,1115 1699,1116 1771,1116 1843,1116 1916,1116"/>
                <TextEquiv>
                    <Unicode>secundum quod auis dicitur esse in laquao, quia pes eius est in laquao. sed isto modo in diuinis non contingit vnam personam es</Unicode>
                </TextEquiv>
            </TextLine>
            <TextLine id="r3l20" custom="readingOrder {index:18;}">
                <Coords points="464,1165 1906,1181 1921,1130 464,1120"/>
                <Baseline points="473,1157 544,1155 616,1155 688,1154 760,1154 832,1154 904,1154 976,1155 1048,1155 1120,1155 1192,1157 1263,1157 1335,1158 1407,1158 1479,1160 1551,1160 1623,1161 1695,1161 1767,1161 1839,1161 1911,1160"/>
                <TextEquiv>
                    <Unicode>se in alia, quia in diuinis personis nihil est vnius quod non sit alterius, per quid scilicet persona vna ha- </Unicode>
                </TextEquiv>
            </TextLine>
            <TextLine id="r3l21" custom="readingOrder {index:19;}">
                <Coords points="470,1219 1927,1219 1869,1169 471,1166"/>
                <Baseline points="479,1203 550,1202 622,1200 694,1200 766,1200 838,1200 910,1200 982,1200 1054,1201 1126,1202 1198,1202 1269,1203 1341,1204 1413,1205 1485,1206 1557,1206 1629,1206 1701,1208 1773,1208 1845,1208 1917,1208"/>
                <TextEquiv>
                    <Unicode>bet esse in alia, quia in diuinis personis illud quod est vnius &amp; non alterius, non est nisi personalis pro</Unicode>
                </TextEquiv>
            </TextLine>
            <TextLine id="r3l22" custom="readingOrder {index:20;}">
                <Coords points="471,1255 1926,1266 1884,1213 471,1220"/>
                <Baseline points="480,1250 551,1248 623,1247 695,1247 767,1247 839,1247 911,1247 982,1247 1054,1247 1126,1248 1198,1248 1270,1250 1342,1251 1414,1251 1485,1253 1557,1253 1629,1253 1701,1253 1773,1253 1845,1253 1917,1253"/>
                <TextEquiv>
                    <Unicode>prietas: &amp; proprietas vnius personae non est primo, &amp; per se in alio, vt per illam persona possit esse in </Unicode>
                </TextEquiv>
            </TextLine>
            <TextLine id="r3l23" custom="readingOrder {index:21;}">
                <Coords points="473,1306 1920,1311 1882,1260 473,1263"/>
                <Baseline points="482,1293 553,1292 624,1292 696,1292 767,1290 839,1290 910,1292 982,1292 1053,1293 1125,1293 1196,1295 1267,1295 1339,1296 1410,1296 1482,1298 1553,1298 1625,1299 1696,1299 1768,1299 1839,1299 1911,1298"/>
                <TextEquiv>
                    <Unicode>persona illa per se, etsi non primo. non enim filiatio est primo &amp; per se in patre, vt per illam totus filius &amp;</Unicode>
                </TextEquiv>
            </TextLine>
            <TextLine id="r3l24" custom="readingOrder {index:22;}">
                <Coords points="467,1347 1924,1355 1886,1305 468,1309"/>
                <Baseline points="476,1340 547,1338 619,1337 691,1337 763,1337 835,1337 907,1337 979,1337 1051,1338 1123,1338 1195,1340 1266,1341 1338,1341 1410,1343 1482,1344 1554,1344 1626,1346 1698,1346 1770,1346 1842,1346 1914,1346"/>
                <TextEquiv>
                    <Unicode>diuinitas ipsius sint in patre per se, licet non primo. Quia cum filiatione distinguitur filius a patre, ipsa</Unicode>
                </TextEquiv>
            </TextLine>
            <TextLine id="r3l25" custom="readingOrder {index:23;}">
                <Coords points="457,1395 1760,1411 1915,1401 1916,1354 458,1349"/>
                <Baseline points="467,1385 539,1383 611,1382 683,1382 755,1382 827,1382 899,1382 971,1382 1043,1382 1115,1383 1187,1385 1259,1386 1331,1386 1403,1388 1475,1389 1547,1389 1619,1391 1691,1391 1763,1392 1835,1392 1907,1392"/>
                <TextEquiv>
                    <Unicode>filiatio primo &amp; per se quantum est ex parte sui potius est extra patrem, quam in patre: &amp; per eam filius</Unicode>
                </TextEquiv>
            </TextLine>
            <TextLine id="r3l26" custom="readingOrder {index:24;}">
                <Coords points="456,1440 1857,1458 1921,1450 1922,1399 456,1394"/>
                <Baseline points="464,1431 536,1430 608,1428 681,1427 753,1427 826,1427 898,1427 971,1427 1043,1428 1116,1429 1188,1430 1260,1431 1333,1433 1405,1433 1478,1434 1550,1435 1623,1436 1695,1437 1768,1437 1840,1437 1913,1437"/>
                <TextEquiv>
                    <Unicode>extra patrem quam in patre: licet intra &amp; extra non recipiantur proprie in diuinis. Si vero sit aliquid i </Unicode>
                </TextEquiv>
            </TextLine>
            <TextLine id="r3l27" custom="readingOrder {index:25;}">
                <Coords points="459,1495 1853,1503 1928,1494 1929,1448 460,1441"/>
                <Baseline points="468,1478 540,1475 613,1473 685,1473 758,1472 831,1472 903,1472 976,1473 1048,1473 1121,1475 1194,1476 1266,1477 1339,1478 1411,1479 1484,1481 1557,1482 1629,1482 1702,1484 1774,1484 1847,1484 1920,1482"/>
                <TextEquiv>
                    <Unicode>alio per aliquid sui quid sit vnius eorum ita quod simul sit etiam alterius, isto modo essendi in, nihil in crea</Unicode>
                </TextEquiv>
            </TextLine>
            <TextLine id="r3l28" custom="readingOrder {index:26;}">
                <Coords points="470,1532 1923,1545 1923,1496 1828,1489 471,1490"/>
                <Baseline points="479,1521 550,1520 622,1518 694,1517 765,1517 837,1517 909,1517 980,1518 1052,1520 1124,1520 1196,1521 1267,1523 1339,1524 1411,1526 1482,1527 1554,1527 1626,1529 1697,1529 1769,1529 1841,1529 1913,1527"/>
                <TextEquiv>
                    <Unicode>turis habet esse in alio: quia duobus differentibus in creaturis, nihil in re est commune singula-</Unicode>
                </TextEquiv>
            </TextLine>
            <TextLine id="r3l29" custom="readingOrder {index:27;}">
                <Coords points="461,1578 1932,1587 1932,1550 1828,1536 461,1530"/>
                <Baseline points="470,1568 542,1566 615,1565 687,1563 760,1563 833,1563 905,1563 978,1565 1051,1565 1123,1566 1196,1568 1269,1569 1341,1571 1414,1572 1487,1572 1559,1574 1632,1575 1705,1575 1777,1575 1850,1575 1923,1574"/>
                <TextEquiv>
                    <Unicode>re vtrisque per quod vna creatura possit esse in altera vllo modo. Et hoc modo proprie in diuinis vna</Unicode>
                </TextEquiv>
            </TextLine>
            <TextLine id="r3l30" custom="readingOrder {index:28;}">
                <Coords points="473,1629 1933,1630 1900,1581 473,1576"/>
                <Baseline points="482,1614 554,1611 626,1611 698,1610 770,1610 842,1610 914,1610 986,1611 1058,1611 1130,1613 1202,1614 1274,1616 1346,1617 1418,1617 1490,1619 1562,1620 1634,1620 1706,1620 1778,1620 1850,1620 1923,1619"/>
                <TextEquiv>
                    <Unicode>persona habet esse in alia &amp; tota in tota: sed non per se &amp; primo tota in tota: immo per aliquid sui quod habet cone</Unicode>
                </TextEquiv>
            </TextLine>
            <TextLine id="r3l31" custom="readingOrder {index:29;}">
                <Coords points="458,1676 1854,1687 1929,1677 1929,1631 458,1634"/>
                <Baseline points="467,1659 539,1658 612,1656 684,1656 757,1656 830,1656 902,1656 975,1656 1048,1658 1120,1659 1193,1659 1266,1661 1338,1662 1411,1664 1484,1665 1556,1666 1629,1667 1702,1667 1774,1668 1847,1668 1920,1667"/>
                <TextEquiv>
                    <Unicode>cum illa in qua est, quod est in illa per se &amp; primo: &amp; per illud ipsa habet esse tota in illa per se, licet non pri</Unicode>
                </TextEquiv>
            </TextLine>
            <TextLine id="r3l32" custom="readingOrder {index:30;}">
                <Coords points="459,1718 1887,1733 1914,1680 459,1682"/>
                <Baseline points="467,1707 538,1704 610,1703 682,1703 754,1701 826,1701 898,1702 969,1703 1041,1704 1113,1704 1185,1706 1257,1707 1329,1709 1401,1709 1472,1710 1544,1712 1616,1712 1688,1713 1760,1713 1832,1713 1904,1713"/>
                <TextEquiv>
                    <Unicode>mo &amp; hoc ratione illius quod habet commune cum illa. Dico igitur concludendo propositum: quod in</Unicode>
                </TextEquiv>
            </TextLine>
            <TextLine id="r3l33" custom="readingOrder {index:31;}">
                <Coords points="458,1762 1929,1770 1929,1725 1862,1720 458,1725"/>
                <Baseline points="467,1752 539,1750 612,1749 684,1748 757,1748 830,1748 902,1748 975,1748 1047,1749 1120,1751 1193,1751 1265,1753 1338,1754 1410,1755 1483,1757 1556,1758 1628,1758 1701,1758 1773,1760 1846,1760 1919,1758"/>
                <TextEquiv>
                    <Unicode>diuinis persona vna habet esse in alia secundum substantiam &amp; secundum relationem simul. Secun</Unicode>
                </TextEquiv>
            </TextLine>
            <TextLine id="r3l34" custom="readingOrder {index:32;}">
                <Coords points="463,1804 1927,1812 1882,1766 464,1761"/>
                <Baseline points="473,1796 545,1794 617,1793 689,1793 761,1793 834,1793 906,1793 978,1794 1050,1796 1122,1796 1195,1797 1267,1799 1339,1800 1411,1802 1483,1803 1556,1805 1628,1805 1700,1805 1772,1805 1844,1803 1917,1802"/>
                <TextEquiv>
                    <Unicode>dum substantiam, vt secundum illud secundum quod principaliter persona vna habet esse in alia: quia</Unicode>
                </TextEquiv>
            </TextLine>
            <TextLine id="r3l35" custom="readingOrder {index:33;}">
                <Coords points="467,1859 1924,1860 1891,1814 468,1819"/>
                <Baseline points="477,1842 548,1841 620,1839 692,1838 764,1838 836,1838 908,1838 979,1839 1051,1841 1123,1842 1195,1844 1267,1845 1339,1847 1411,1848 1482,1850 1554,1850 1626,1851 1698,1851 1770,1850 1842,1850 1914,1847"/>
                <TextEquiv>
                    <Unicode>ipsa substantia eius est in illa primo &amp; per se, &amp; per illam ipsa tota persona: quae nec secundum se totadi</Unicode>
                </TextEquiv>
            </TextLine>
            <TextLine id="r3l36" custom="readingOrder {index:34;}">
                <Coords points="452,1894 1916,1908 1900,1857 452,1858"/>
                <Baseline points="461,1889 533,1886 605,1884 677,1883 750,1883 822,1883 894,1884 967,1884 1039,1886 1111,1887 1184,1889 1256,1890 1328,1892 1400,1893 1473,1895 1545,1896 1617,1897 1690,1898 1762,1898 1834,1896 1907,1896"/>
                <TextEquiv>
                    <Unicode>ceretur esse in illa secundum substantiam communem: sed potius diceretur esse vnum &amp; idipsum</Unicode>
                </TextEquiv>
            </TextLine>
            <TextLine id="r3l37" custom="readingOrder {index:35;}">
                <Coords points="460,1942 1917,1950 1897,1904 461,1900"/>
                <Baseline points="470,1932 541,1931 613,1929 685,1929 757,1929 829,1929 901,1929 973,1931 1045,1932 1117,1934 1189,1935 1260,1937 1332,1938 1404,1940 1476,1941 1548,1941 1620,1943 1692,1943 1764,1943 1836,1941 1908,1940"/>
                <TextEquiv>
                    <Unicode>cum illa, si non esset in ea. Secundum relatiuam proprietatem qua differt ab illa: vt secundum il-</Unicode>
                </TextEquiv>
            </TextLine>
            <TextLine id="r3l38" custom="readingOrder {index:36;}">
                <Coords points="446,1991 1916,1993 1903,1951 447,1938"/>
                <Baseline points="455,1979 527,1977 600,1976 672,1974 745,1974 818,1974 890,1976 963,1977 1035,1977 1108,1979 1181,1980 1253,1982 1326,1983 1398,1985 1471,1986 1544,1988 1616,1988 1689,1989 1761,1989 1834,1989 1907,1988"/>
                <TextEquiv>
                    <Unicode>lud secundum quod persona vna habet esse in alia non tamen primo: quia ipsa proprietas vni-</Unicode>
                </TextEquiv>
            </TextLine>
            <TextLine id="r3l39" custom="readingOrder {index:37;}">
                <Coords points="461,2037 1810,2057 1910,2041 1911,1996 462,1993"/>
                <Baseline points="470,2024 541,2022 613,2021 684,2021 756,2021 827,2021 899,2022 970,2022 1042,2024 1113,2025 1185,2027 1257,2028 1328,2030 1400,2031 1471,2031 1543,2033 1614,2034 1686,2034 1757,2034 1829,2034 1901,2034"/>
                <TextEquiv>
                    <Unicode>us personae non est in alia persona nisi quia substantia quae est eius in qua fundatur sua proprie.</Unicode>
                </TextEquiv>
            </TextLine>
            <TextLine id="r3l40" custom="readingOrder {index:38;}">
                <Coords points="460,2080 1789,2104 1913,2086 1914,2040 461,2036"/>
                <Baseline points="470,2070 541,2069 613,2067 685,2067 757,2067 828,2067 900,2067 972,2069 1044,2070 1115,2072 1187,2073 1259,2075 1331,2075 1402,2076 1474,2078 1546,2079 1618,2079 1689,2081 1761,2079 1833,2079 1905,2078"/>
                <TextEquiv>
                    <Unicode>tas, est in illa persona. Substantia enim vna numero &amp; singularis, non potest esse in aliquo quin </Unicode>
                </TextEquiv>
            </TextLine>
            <TextLine id="r3l41" custom="readingOrder {index:39;}">
                <Coords points="458,2124 1764,2148 1910,2139 1911,2086 458,2080"/>
                <Baseline points="467,2117 538,2115 610,2114 682,2112 753,2112 825,2114 897,2114 968,2114 1040,2115 1112,2117 1184,2118 1255,2120 1327,2121 1399,2123 1470,2124 1542,2124 1614,2126 1685,2126 1757,2126 1829,2126 1901,2124"/>
                <TextEquiv>
                    <Unicode>in illo simul sit quicquid fundatur in illa substantia. &amp; non solum secundum hoc vna persona est</Unicode>
                </TextEquiv>
            </TextLine>
            <TextLine id="r3l42" custom="readingOrder {index:40;}">
                <Coords points="459,2170 1924,2190 1925,2141 460,2124"/>
                <Baseline points="468,2162 540,2160 612,2159 685,2159 757,2159 830,2160 902,2160 974,2162 1047,2162 1119,2163 1192,2165 1264,2166 1336,2168 1409,2169 1481,2169 1554,2171 1626,2171 1698,2172 1771,2172 1843,2172 1916,2171"/>
                <TextEquiv>
                    <Unicode>in alia: sed singulae mutuo sunt in singulis. Vnde Hila. ista intimius perquirens quam alii sancti, qui non </Unicode>
                </TextEquiv>
            </TextLine>
            <TextLine id="r3l43" custom="readingOrder {index:41;}">
                <Coords points="452,2221 1881,2235 1918,2188 452,2177"/>
                <Baseline points="461,2207 533,2205 605,2205 678,2205 750,2205 822,2205 895,2207 967,2207 1039,2208 1112,2210 1184,2211 1256,2213 1329,2213 1401,2214 1473,2216 1546,2217 1618,2217 1690,2217 1763,2217 1835,2217 1908,2216"/>
                <TextEquiv>
                    <Unicode>exprimunt personam esse in persona nisi secundum substantiam, vt patet in primo Sententiarum</Unicode>
                </TextEquiv>
            </TextLine>
            <TextLine id="r3l44" custom="readingOrder {index:42;}">
                <Coords points="448,2267 1916,2274 1862,2227 449,2220"/>
                <Baseline points="458,2250 530,2250 602,2250 675,2250 747,2250 820,2252 892,2252 965,2253 1037,2255 1110,2256 1182,2258 1254,2258 1327,2259 1399,2261 1472,2262 1544,2262 1617,2264 1689,2264 1762,2265 1834,2265 1907,2265"/>
                <TextEquiv>
                    <Unicode>distinctione. xix. cap. Et inde est. vbi ista materia tractatur: etiam exponit vnam personam esse in </Unicode>
                </TextEquiv>
            </TextLine>
            <TextLine id="r3l45" custom="readingOrder {index:43;}">
                <Coords points="459,2315 1870,2331 1920,2275 460,2264"/>
                <Baseline points="468,2297 540,2296 612,2295 684,2295 756,2296 828,2297 900,2298 972,2298 1044,2300 1116,2301 1189,2303 1261,2304 1333,2306 1405,2307 1477,2309 1549,2309 1621,2310 1693,2310 1765,2310 1837,2309 1910,2307"/>
                <TextEquiv>
                    <Unicode>alia secundum relationem, in libro. iii. de trinitate cap. primo, sic inquiens. Cognoscendum itaque est</Unicode>
                </TextEquiv>
            </TextLine>
            <TextLine id="r3l46" custom="readingOrder {index:44;}">
                <Coords points="457,2358 1805,2375 1913,2365 1914,2316 457,2313"/>
                <Baseline points="467,2343 538,2342 610,2342 682,2342 754,2342 826,2343 898,2343 970,2345 1042,2346 1114,2348 1186,2349 1257,2351 1329,2352 1401,2352 1473,2354 1545,2355 1617,2355 1689,2355 1761,2355 1833,2355 1905,2354"/>
                <TextEquiv>
                    <Unicode>atque intelligendum quid sit illud, ego in patre, &amp; pater in me. Si tamen comprehendere ita vt est</Unicode>
                </TextEquiv>
            </TextLine>
            <TextLine id="r3l47" custom="readingOrder {index:45;}">
                <Coords points="461,2402 1799,2426 1910,2416 1911,2365 462,2360"/>
                <Baseline points="470,2391 541,2390 613,2388 684,2388 756,2388 827,2388 899,2390 970,2391 1042,2392 1113,2393 1185,2394 1257,2396 1328,2397 1400,2399 1471,2400 1543,2401 1614,2402 1686,2402 1757,2402 1829,2402 1901,2400"/>
                <TextEquiv>
                    <Unicode>valebimus: vt quod natura rerum non pati posse existimatur, id diuinae veritatis ratio consequatur. &amp;</Unicode>
                </TextEquiv>
            </TextLine>
            <TextLine id="r3l48" custom="readingOrder {index:46;}">
                <Coords points="456,2456 1916,2460 1916,2411 456,2403"/>
                <Baseline points="465,2438 537,2436 609,2435 681,2435 753,2435 825,2435 897,2436 969,2436 1041,2438 1113,2439 1186,2441 1258,2442 1330,2444 1402,2445 1474,2445 1546,2447 1618,2447 1690,2448 1762,2448 1834,2447 1907,2447"/>
                <TextEquiv>
                    <Unicode>post pauca subiugit. Quod in patre est, hoc in filio est: quod in ingenito, hoc in vnigenito, alter ab altero, &amp;</Unicode>
                </TextEquiv>
            </TextLine>
            <TextLine id="r3l49" custom="readingOrder {index:47;}">
                <Coords points="460,2491 1819,2511 1916,2501 1917,2459 460,2455"/>
                <Baseline points="470,2481 541,2480 613,2480 685,2480 757,2481 829,2481 901,2483 973,2483 1045,2484 1117,2486 1189,2487 1260,2488 1332,2489 1404,2490 1476,2492 1548,2492 1620,2493 1692,2493 1764,2493 1836,2493 1908,2492"/>
                <TextEquiv>
                    <Unicode>vterque vnum non duo vnus, sed alius in alio, quia non aliud in vtroque. Ecce vnus in alio est secundum substantiam. &amp;</Unicode>
                </TextEquiv>
            </TextLine>
            <TextLine id="r3l50" custom="readingOrder {index:48;}">
                <Coords points="453,2537 1847,2562 1914,2552 1915,2501 453,2491"/>
                <Baseline points="461,2526 533,2525 605,2525 677,2526 749,2526 822,2527 894,2528 966,2529 1038,2531 1110,2531 1183,2532 1255,2534 1327,2535 1399,2537 1471,2537 1544,2538 1616,2538 1688,2538 1760,2538 1832,2538 1905,2537"/>
                <TextEquiv>
                    <Unicode>sequitur continue. Etr in filio: quia ex eo filius: &amp; filius in patre: quia non aliunde filius: vnigenitus in igenito quia ab in</Unicode>
                </TextEquiv>
            </TextLine>
            <TextLine id="r3l51" custom="readingOrder {index:49;}">
                <Coords points="446,2590 1923,2592 1892,2544 447,2539"/>
                <Baseline points="455,2573 531,2571 608,2571 685,2571 762,2573 838,2573 915,2574 992,2576 1069,2577 1146,2579 1222,2580 1299,2580 1376,2582 1453,2583 1530,2585 1606,2585 1683,2585 1760,2585 1837,2585 1914,2585"/>
                <TextEquiv>
                    <Unicode>genito vnigenitus. Ecce quia vnus in alio est secundum relationem. &amp; libro. vii. cap. xix. Insunt sibi</Unicode>
                </TextEquiv>
            </TextLine>
            <TextLine id="r3l52" custom="readingOrder {index:50;}">
                <Coords points="446,2632 1920,2656 1921,2596 446,2591"/>
                <Baseline points="455,2618 527,2618 600,2618 673,2618 746,2619 819,2619 891,2621 964,2622 1037,2622 1110,2624 1183,2625 1255,2627 1328,2627 1401,2628 1474,2630 1547,2630 1619,2631 1692,2631 1765,2631 1838,2631 1911,2630"/>
                <TextEquiv>
                    <Unicode>inuicem dum non est nisi ex patre natiuitas. Ecce in, secundum proprietatem. Dum in deum al-</Unicode>
                </TextEquiv>
            </TextLine>
            <TextLine id="r3l53" custom="readingOrder {index:51;}">
                <Coords points="448,2675 1912,2695 1857,2640 449,2635"/>
                <Baseline points="458,2663 530,2663 602,2664 674,2664 746,2665 819,2666 891,2667 963,2667 1035,2669 1107,2670 1180,2672 1252,2672 1324,2673 1396,2675 1468,2675 1541,2676 1613,2676 1685,2676 1757,2676 1829,2676 1902,2676"/>
                <TextEquiv>
                    <Unicode>terum natura vel exterior vel dissimilis non subsistit. Ecce in, secundum substantiam. Et propterea</Unicode>
                </TextEquiv>
            </TextLine>
            <TextLine id="r3l54" custom="readingOrder {index:52;}">
                <Coords points="450,2725 1904,2746 1905,2697 451,2676"/>
                <Baseline points="459,2709 530,2709 602,2709 674,2709 746,2709 818,2711 889,2712 961,2712 1033,2715 1105,2715 1177,2717 1248,2718 1320,2720 1392,2721 1464,2723 1536,2723 1607,2723 1679,2723 1751,2723 1823,2723 1895,2721"/>
                <TextEquiv>
                    <Unicode>quod vna persona est in altera non solum secundum substantiam, sed est secundum proprietatem, vt sit tota in tota: contigit quod</Unicode>
                </TextEquiv>
            </TextLine>
            <TextLine id="r3l55" custom="readingOrder {index:53;}">
                <Coords points="451,2781 1896,2806 1915,2735 451,2726"/>
                <Baseline points="461,2754 533,2756 605,2756 677,2757 749,2759 822,2760 894,2761 966,2762 1038,2763 1110,2765 1183,2766 1255,2766 1327,2768 1399,2768 1471,2769 1544,2769 1616,2769 1688,2769 1760,2769 1832,2769 1905,2768"/>
                <TextEquiv>
                    <Unicode>etiam subsistendo vna est in altera, &amp; subsistit in ea. Propter quod dicit in fine libri, nihil differ-</Unicode>
                </TextEquiv>
            </TextLine>
            <TextEquiv>
                <Unicode>ris aliquid est in alio: quemadmodum locatum est in loco. sed sic nihil potest esse in seipso, vt probat
Philosophous. iiii. physicorum. Sed &amp; nec isto modo in diuinis contingit aliquid vel aliquem esse in se
ipso sicut neque in creaturis. Et propter easdem rationes neque etiam possibile est isto modo in diui-
nis personam vnam esse in alia: licet sit possibile in creaturis. Quia cum aliquid totum est in alio
primo &amp; per se, &amp; quicquid est eius similiter aeque primo &amp; per se est in illo: vt si in loco centri pri-
mo &amp; per se est tota terra, &amp; quaelibet pars eius aeque primo &amp; per se est in centro: licet non separatim.
uare si persona filii tota esset per se &amp; primo in prie, &amp; proprietas filii simiter vt filiatio, primo &amp; per se esset in perse, &amp;
eque primo sicut &amp; deitas filii: quare &amp; denominaret patrem sicut &amp; deitas: &amp; esset pter filiatione filius sicut dei
tate deus. Praeterea si aliquid est in alio per se &amp; primo, impossibile est vice versa quod illud in quo est
aliquod aliud sit per se &amp; primo in eo quod est in ipso: quia idem esset continens &amp; contentum per se &amp; primo
respectu eiusdem: &amp; esset idem respectu vnius totum exterius &amp; totum interius. quod est impos-
sibile &amp; in corporalibus corporaliter, &amp; in spiritualibus spiritualiter. Et ita si vna persona esset secun
dum totum per se &amp; primo in alia, vt filius in patre, non posset econverso pitr per se &amp; primo esse in filio secundum 
totum vllo modo vel saltem eodem modo, quod non est tenendum in diuinis: quia mutuo &amp; vniformiter singulae personae
diuinis ponendae sunt esse in singulis. Quia vero secundo modo aliquid sit in alio scilicet per se sed non primo, quia per aliquid 
sui quod primo &amp; per se habet esse in illo, hoc potest esse dupliciter: aut quod illud aliquid sit vnius &amp; non sit alte-
rius: aut quod sit vnius, ita quod sit etiam alterius. Primo modo in creaturis habet aliquid esse in alio
secundum quod auis dicitur esse in laquao, quia pes eius est in laquao. sed isto modo in diuinis non contingit vnam personam es
se in alia, quia in diuinis personis nihil est vnius quod non sit alterius, per quid scilicet persona vna ha- 
bet esse in alia, quia in diuinis personis illud quod est vnius &amp; non alterius, non est nisi personalis pro
prietas: &amp; proprietas vnius personae non est primo, &amp; per se in alio, vt per illam persona possit esse in 
persona illa per se, etsi non primo. non enim filiatio est primo &amp; per se in patre, vt per illam totus filius &amp;
diuinitas ipsius sint in patre per se, licet non primo. Quia cum filiatione distinguitur filius a patre, ipsa
filiatio primo &amp; per se quantum est ex parte sui potius est extra patrem, quam in patre: &amp; per eam filius
extra patrem quam in patre: licet intra &amp; extra non recipiantur proprie in diuinis. Si vero sit aliquid i 
alio per aliquid sui quid sit vnius eorum ita quod simul sit etiam alterius, isto modo essendi in, nihil in crea
turis habet esse in alio: quia duobus differentibus in creaturis, nihil in re est commune singula-
re vtrisque per quod vna creatura possit esse in altera vllo modo. Et hoc modo proprie in diuinis vna
persona habet esse in alia &amp; tota in tota: sed non per se &amp; primo tota in tota: immo per aliquid sui quod habet cone
cum illa in qua est, quod est in illa per se &amp; primo: &amp; per illud ipsa habet esse tota in illa per se, licet non pri
mo &amp; hoc ratione illius quod habet commune cum illa. Dico igitur concludendo propositum: quod in
diuinis persona vna habet esse in alia secundum substantiam &amp; secundum relationem simul. Secun
dum substantiam, vt secundum illud secundum quod principaliter persona vna habet esse in alia: quia
ipsa substantia eius est in illa primo &amp; per se, &amp; per illam ipsa tota persona: quae nec secundum se totadi
ceretur esse in illa secundum substantiam communem: sed potius diceretur esse vnum &amp; idipsum
cum illa, si non esset in ea. Secundum relatiuam proprietatem qua differt ab illa: vt secundum il-
lud secundum quod persona vna habet esse in alia non tamen primo: quia ipsa proprietas vni-
us personae non est in alia persona nisi quia substantia quae est eius in qua fundatur sua proprie.
tas, est in illa persona. Substantia enim vna numero &amp; singularis, non potest esse in aliquo quin 
in illo simul sit quicquid fundatur in illa substantia. &amp; non solum secundum hoc vna persona est
in alia: sed singulae mutuo sunt in singulis. Vnde Hila. ista intimius perquirens quam alii sancti, qui non 
exprimunt personam esse in persona nisi secundum substantiam, vt patet in primo Sententiarum
distinctione. xix. cap. Et inde est. vbi ista materia tractatur: etiam exponit vnam personam esse in 
alia secundum relationem, in libro. iii. de trinitate cap. primo, sic inquiens. Cognoscendum itaque est
atque intelligendum quid sit illud, ego in patre, &amp; pater in me. Si tamen comprehendere ita vt est
valebimus: vt quod natura rerum non pati posse existimatur, id diuinae veritatis ratio consequatur. &amp;
post pauca subiugit. Quod in patre est, hoc in filio est: quod in ingenito, hoc in vnigenito, alter ab altero, &amp;
vterque vnum non duo vnus, sed alius in alio, quia non aliud in vtroque. Ecce vnus in alio est secundum substantiam. &amp;
sequitur continue. Etr in filio: quia ex eo filius: &amp; filius in patre: quia non aliunde filius: vnigenitus in igenito quia ab in
genito vnigenitus. Ecce quia vnus in alio est secundum relationem. &amp; libro. vii. cap. xix. Insunt sibi
inuicem dum non est nisi ex patre natiuitas. Ecce in, secundum proprietatem. Dum in deum al-
terum natura vel exterior vel dissimilis non subsistit. Ecce in, secundum substantiam. Et propterea
quod vna persona est in altera non solum secundum substantiam, sed est secundum proprietatem, vt sit tota in tota: contigit quod
etiam subsistendo vna est in altera, &amp; subsistit in ea. Propter quod dicit in fine libri, nihil differ-</Unicode>
            </TextEquiv>
        </TextRegion>
    </Page>
</PcGts>
