2017 3200
128 274 1594 349 re esse & inesse: inesse autem non aliud in alio, vt corpus in corpore: sed ita esse & subsistere, vt in sub
119 347 1585 405 sistente insit: ita vero inesse vt & ipse subsistat. vt secundum hoc eodem modo persona habet esse in per-
127 395 1592 446 sona mutuo & secundum substantiam & secundum relationem, non aliter ptr in filio quam filius in pre: licet cum alia rela
123 438 1586 488 tione pitur est in filio. Et hoc ideo: quia substantia per quam personae ipsae & proprietates suae cum ipsis sibi inuicem in
119 484 1586 537 sunt, eodem modo est in ipsis quantum pertinet ad modos essendi in Quamuis enim pro tanto alio modo sit essen
119 529 1587 582 tia in personis: quia in vna est vt communicata ab alia vel ab aliis: in alia vero vt non communicata ab al
126 573 1578 625 tera: hoc non refert ad propositum. Si autem diuersimode esset in illis, secundum hoc diuersimode
132 619 1579 669 esset pater in filio & filius in patre. ⁋ Et est hic aduertendum, quod licet in patre persona quae inest & qua
120 665 1582 718 si continetur, non inest aut continetur principaliter ratione totius: sed ratione alicuius quod est eius
130 707 1587 767 sicut dictum est: persona tamen cui inest & quae quasi continet primo & principaliter ratione to-
134 751 1583 813 tius quod est in eo, non autem ratione alicuius eorum propter quod continens, secundum quod per se
132 800 1581 855 & primo continet, quasi excedit contentum secundum quod primo & per se continetur: & est continens quasi
123 844 1581 903 extra contentum: & continet per aliquid quod differt a contento: & excedens id quo primo & per se
122 889 1581 948 continetur. Contentum vero econuerso est quasi intra continens, & non continetur primo & per se
119 933 1581 996 nisi per aliquid in quo conuenit cum continente, & exceditur ab eo quo primo & per se continet.
121 981 1580 1041 ⁋ Secundum hoc soluitur difficultas summe disturbans intellectum intelligendo patrem esse in fi
130 1028 1586 1085 lio & filium in patre mutuo. secundum quod dicit Hilarius. iii. de trinita. in principio. Affert pleris-
122 1076 1580 1125 quod obscuritatem sermo Domini cum dicit. Ego in patre, & pater in me est: & non immerito, natu
130 1114 1592 1172 ra enim intelligentiae humanae rationem dicti huius non capit. Videtur enim non posse effici vt quod
118 1157 1596 1216 in altero sit aeque idipsum sit extra alterum: & cum necesse sit ea de quibus agitur non solitaria sibi es
121 1210 1589 1263 se, numerum tamen suum in quo sint conseruantia, non posse se inuicem continere: vt qui aliquid aliud habeat
123 1249 1583 1299 intra se, atque ita maneat, manensque semper exterior, ei vicissim quem intra se habeat, maneat aeque
131 1295 1582 1356 semper interior. Haec quidem sensus hominum non consequitur: nec exemplum aliquod rebus di-
121 1344 1585 1394 uinis comparatiohumana praestabit. & hoc quia talis modus essendi in, non potest inueniri in crea
125 1385 1579 1434 turis, maxime corporalibus. Sed in diuinis quoquo modo consequitur intellectus. dicente Hila. libro
119 1432 1581 1487 septimo cap. xxiii. Pater in filio est, et filius in patre deus in deo: non per duplicem convenientium ge
125 1476 1585 1529 nerum coniunctionem (vt patet in vino & amphora) neque per insitiuam capacioris substantiae natu
126 1519 1580 1571 ram (vt patet de vapore in aere) quia per corporalem necessitatem exteriora fieri his quibus con-
124 1569 1589 1620 tinentur interiora non possunt: sed per natiuitatem viuentis de viuente natura dum res non differt
127 1609 1584 1679 dum naturam dei non degenerat natiuitas: dum non aliud aliquid quam ex deo deus nascitur. Ex iam
129 1657 661 1724 dictis plane patet difficultas dicta.
137 1738 1573 1807 ⁋ Ad primum ergo: quod in diuinis persona non est in persona secundum aliquem octo
130 1789 1599 1850 modorum essendi in: Dicendum quod verum est secundum quod iam expositum est. Annumerat enim
134 1838 1599 1899 Aristote. sufficienter modos essendi in, qui in creaturis habent inueniri: a quibus omnibus iste est l
134 1884 1581 1939 diuersus: qui in creaturis inueniri non potest: sed solum in substantia increata. Volunt tamen aliqui
124 1930 1586 1986 quod ad aliquem illorum reduci possit: sed hoc diuersimode, inquantum persona habet esse in perso-
131 1976 1595 2032 na secundum substantiam & secundum relationem. Primo modo dicunt quod quia pater est in filio &
135 2018 1589 2075 econuerso: eo quod substantia patris est in filio & econuerso: substantia habet esse in patre & filio secun
126 2071 1577 2123 dum modum quo forma communis habet esse in speciebus, quamuis enim in diuinis non sit genus
127 2116 1593 2166 aut species, quodlibet tamen diuinum suppositum quasi vnam speciem relationis continet: & dei-
126 2154 1596 2209 tas inquantum est communis tribus differentibus quasi specie, est quasi forma generis, licet alio
120 2210 1593 2261 & alio modo communitatis, vt tactum est superius & adhuc amplius tangetur. Secundo vero mo
118 2250 1595 2305 do dicunt quod quia pater est principium originatiuum filii, & filius principiatum quid & origina-
110 2300 1587 2349 tum ab eo: idcirco filius est in patre sicut originatum in originante: & pater in filio sicut originans
119 2336 1581 2386 in originato. & reducitur ad illum modum quo aliquid habet esse in primo mouente, aut econuerso.
116 2386 1595 2436 ⁋ Neutrum horum sufficit, nec pertinet ad propositum. Non primum. licet enim pater est in filio
116 2424 1586 2481 & econuerso secundum substantiam: & ita eo quod substantia eadem est in vtroque: non tamen secun-
118 2468 1577 2521 dum eundem modum filius habet esse in patre & econuerso, quo substantia habet esse in patre &
123 2515 1585 2569 in filio: quia substantia est in persona sicut aliquid quod est de constitutione eius: non sic autem persona in per
123 2560 1584 2619 sona: sed sicut continens distinctum in continente distincto, quod non potest esse secundum modum
129 2610 1585 2670 quo forma est in supposito: nec potest (vt dicit Hila. exemplum inueniri in creaturis: nec est in eis aliquis
132 2654 1596 2705 modus essendi in, similis in aliquo quantuncunque remota similitudine, ad quem potest reduci, vt patet ex iam
126 2697 1593 2750 dictis. Similiter secundum dictum nihil valet ad propositum. hic enim non quaeritur de esse vnam personam in
123 2748 1588 2808 altera, nisi inquantum vna existit intima alteri, non autem vt emanans ab ipsa. Vnde licet secun-
