2017 3276
451 309 1898 388 iinis. sed non minoris dignitatis est & perfectionis in diuinis quod persona non sit ab alia, quam quod sit ab alia: immo
451 381 1904 440 potius maioris, vt iam infra patebit. ergo cum illud quod est dignius & perfectius, potius debet poni in di
451 422 1906 484 uinis: cum ergo in deo necesse sit ponere plures personas quae sunt ab alia, consiliter necesse est ponere plures per
451 472 1903 528 onas quae non sunt ab alia: & sic plures innascibilitates. ⁋ Contra. si in diuinis essent plures personae non ab
451 518 1904 572 lia: cum quaelibet persona quae non est ab alia, est innascibilis: essent ergo in diuinis plures innascibiles & simliter plu
451 574 1915 617 res inascibilitates, quare cum illae non essent nisi vnius rationis, & convenientes specie, nunero autem solo differentes
451 609 1908 664 & diuina essentia est vna natura singularis: in vna ergo natura singulari essent plures proprietates eius-
450 652 1915 713 dem rationis & speciei. hoc autem est impossibile, siue fuerint absolutae siue relatiuae, vt patet in creatu-
451 706 1905 760 ris. ergo &c. ⁋ ltem persona quae in diuinis non est ab alia, est principium primum omnium aliorum.
450 742 1905 803 ergo duo essent principia prima si essent duae personae non ab alia in diuinis. consequens falsum est
450 801 1588 853 & impossibile, secundum superius determinata circa vnitatem dei. ergo &c.
447 837 1923 910 ⁋ Dicendum ad hoc: quod non ab alio esse in diuinis secundum Ricar. v. de trinitate
457 904 1908 955 cap. iii. incommunicabile est, nec potest pluribus conuenire. Quod probat Ricar. ibidem capitulo 4. ex ratio-
451 942 1916 999 ne potentiae principiandi alia a se: quia cum tale sit potens per essentiam non per participationem, ha-
434 995 1922 1046 bet ipsius posse plenitudinem: quare habet in se omne posse: quare & ex ipsa est omne posse & omne
450 1030 1906 1082 aliud esse & omnis alia persona: & sic oportet quod sit sola talis. Huius alia ratio est assignata ex na-
451 1074 1916 1139 tura relationis, quae plurificat personas in diuinis, in vi. Quodlibeto. Vnde sicut secundum illud quod supra de
451 1125 1909 1176 terminatum est de vnitate dei, debet poni quod in vniuerso non sint plures quam vnus deus: consimiliter po
450 1164 1907 1218 ni debet hic quod non sit possibile ponere in deo plures quam vnam personam quae non est ab alia. Et fere
453 1211 1907 1274 illae eaedem rationes per quas ibi declaratum est quod non sit possibile ponere plures deos, possunt hic ad
456 1256 1907 1315 duci ad probandum quod non sit possibile ponere in diuinis plures personas quae non sunt ab alia, vt plures in
458 1302 1912 1367 nascibiles, quoniam si essent plures, necessario haberent plures innascibilitates: quae necessario sunt in
452 1350 1908 1411 alia & alia substantia deitatis. Propter quod egregie dixit beatus Hila. in libro de synodis. Qui consitetur
450 1398 1908 1457 in diuinis duos innascibiles, confitetur duos deos. vnum enim deum praedicari, natura vnius inascibilis dei exigit.
476 1441 1920 1511 ⁋ Ad primum in oppositum: quod sicut productio omnis requirit terminum ad quem
461 1498 1917 1553 sic & terminum a quo: hoc verum est: quia sicut non potest esse sine vno illorum, sic nec sine alio. Non
462 1548 1922 1600 tamen sequitur vlterius forma argumentandi: quod sicut requirit plures & diuersos terminos ad quem, sic
458 1589 1925 1644 & plures atque diuersos terminos a quo. immo est fallacia figurae dictionis commutando quid in quo. Nec
451 1631 1911 1682 etiam sequitur ex ratione materiae: quia maior distinctio requiritur in principiatis quam in principian
462 1678 1906 1736 te: eo quod ab vnitate nata est procedere omnis multitudo & reduci in ipsam, vt habitum est supra de
469 1725 1916 1780 vnitate dei. Vnde licet sint plures personae ad quas terminantur emanationes diuersae, vt iam infra vi
471 1773 1918 1830 debitur: potest tamen esse vna persona a quae plures, & in ipsa plures rationes principiandi simli, vt iam videbitur. ⁋ Ad se
471 1817 1916 1871 cundum, quod plures esse personas in deo quae sunt ab alia, est de dignitate & perfectione diuinae na
470 1859 1917 1914 turae, vt iam videbitur: bene verum est. & similiter bene verum est quod non est minoris perfectionis in di-
467 1902 1914 1967 uinis, quod persona sit non ab alia. Non tamen sequitur quod sit perfectionis in diuinis plures personas esse non
466 1953 1907 2012 ab alia: sicut est perfectionis plures esse ab alia. imo peccat forma argumenti secundum fallaciam figurae di
461 2002 1921 2059 ctionis commutando quale in quot. ac si sic argueretur. Sicut est in diuinis perfectionis & dignitatis
469 2043 1911 2104 personam esse ab alia: sic & dignitatis & perfectionis personam in diuinis non esse ab alia. ergo sicut di
469 2088 1905 2153 gnitatis & perfectionis est plures esse ab alia: sic dignitatis atque perfectionis est plures non esse
454 2134 1918 2198 ab alia. quod non est verum: sicut nec dignitatis aut perfectionis esset in diuinis diuinam substan-
465 2183 1912 2240 tiam posse plurificari in plures deos. Immo quod dignitatis & perfectionis est ex parte principiantis
465 2227 1914 2282 non oportet quod sit dignitatis atque perfectionis ex parte principiati: propterea quia licet non sit nisi vna
456 2276 1918 2335 dignitas atque perfectio in diuinis: tamen est alia ratio eius vt est in principio, alia vt est in principiato. sem
457 2321 1851 2382 per enim aliquod in principio sub ratione maioris vnitatis vel aequalis natum est esse quam in principiato.
728 2367 1916 2456 lrca tertium arguitur: quod in diuinis ab illa persona quae non est emanans ab alia, non emanat
731 2439 1914 2496 aliqua alia, primo sic, necesse esse (vt habitum est supra in quaestionibus de vnitate dei) non con
722 2484 1916 2548 uenit nisi vni soli: nec potest plurificari, quare cum nihil sit in deo quind sit necesse esse, non
738 2532 1916 2587 est ergo magis ratio eius quod est necesse esse in deo ex parte essentiae, quam ex parte personae. cum ergo
727 2577 1909 2636 de ratione essentiae in deo est quod ipsa diuina essentia plurificari non possit vt ema
722 2619 1919 2680 net ab ipsa alia essentiadiuina: quia est in se quoddam necesse esse, vt habitum est
689 2663 1923 2723 es supra: similiter & de ratione personae quae non est ab alia in deo, est quod ipsa persona quae
455 2720 1921 2774 non est ab alia, plurificari non possit vt emanet ab ipsa alia persona diuina. ergo &c. ⁋ Secundo sic. vt
471 2762 1918 2816 dictum est ibidem, impossibile est idem esse necesse esse a se & ab alio. quare cum in diuinis non fit per
461 2803 1914 2880 sona quae non sit necesse esse a se: quia tunc ex se posset esse & non esse: ergo non est in diuinis persona
