2017 3194
164 272 1638 350 quae habet esse ab alia. ⁋ Tertio sic. si a persona quae in diuinis non est ab alia, emanet alia persona, cum
170 344 1629 398 psa sit deus, & ab ipsa non emanet alia nisi per productionem intra manentem, quia productione trans
159 384 1635 443 eunte extra emanant creaturae, de qua non est hic sermo: illa ergo persona quae emanat ab alia aut
162 432 1638 479 est deus aut non est deus. sed neutrum est ponere, ergo &c. Non quod non sit deus: cum productio di
149 471 1631 541 uina nihil producit nisi in ipsa diuina substantia. In diuina autem substantia nihil potest produci, nisi qui deus
155 522 1635 578 est. Non quod est deus: quia tunc deus produceret deum, ergo aut se deum, aut alium a se deum. Non
152 568 1634 612 se deum, quia nulla res seipsam producit. dicente Augustino id eist de Trinita. cap. i. Nulla res est quae se-
146 613 1626 669 ipsam gignit vt sit. & per eandem rationem neque alia aliqua actione producit vt sit. Non similiter alium
156 665 1639 713 a se deum, quia sic non tantum est vnus deus, quod falsum est secundum supra determinata. ⁋ ltem si deus
154 703 1634 762 producit deum, aut ergo producit deum qui est deus pater, aut qui non est deus pater. Si secundo
146 746 1631 806 modo ergo ille qui productus est, deus est, qui non est deus pater: non est ergo vt prius tantum vnus
146 791 1639 852 deus. Si primo modo: ergo producit seipsum: quod est impossibile. ergo &c. ⁋ ltem si persona quae non
157 837 1627 891 emanat ab alia, producit deum, aut ergo quia est deus, aut quia est innascibilis & non ab alia producta.
146 883 1634 933 Non quia deus: quia cum deus (vt dictum est) non producit nisi deum: eadem ratione ille productus deum produ
150 932 1628 980 ceret: & ille productus similiter: & essent personae diuinae infinitae. Non quia innascibilis, quia tunc innascibilem
152 975 1638 1037 produceret: quia productio diuina est perfectissima: cuius non est nisi sibi simillimum producere. ⁋ ltem verum
149 1021 1619 1079 in diuinis est necessarium, quia in deo nihil est contingens. si ergo haec est vera, deus generat deum, ipsa
149 1069 1627 1124 est necessaria: quia negatiua sibi respondens est impossibilis, deus non generat deum. hoc autem falsum est
141 1113 1630 1169 quia sicut illa deus generat deum, est vera pro persona solius patris, & ista, deus non generat, pro per
149 1154 1629 1212 sona filii & spiritus sancti. ⁋ ltem si deus produceret deum, cum producere & produci relationes
152 1199 1620 1251 distinguentes in diuinis important circa terminos suos, deus ergo esset distinctus a deo: hoc autem
146 1246 1639 1295 falsum est. ergo &c. ⁋ ltem si deus produceret deum, aut ergo voluntate libera, aut natura, aut necessita
155 1292 1635 1348 te, quia plures non sunt modi agendi. Non natura aut necessitate, quia deus cum sit agens potentis
145 1338 1634 1385 simum, perfecte dominatur suae actioni: hoc autem solum conuenit agenti libere & voluntarie non
160 1388 1629 1438 naturaliter aut necessario. Similiter non voluntate, quia actio productionis personae in diuinis non
149 1430 1629 1487 potest non esse, quia in aeternis non differunt esse & posse. talis actio est necessaria necessitate naturae
166 1474 1628 1529 quare non voluntaria, quia voluntas & natura sunt ex opposito distincta, vt habetur. vii. Metaphy
161 1528 1639 1575 sicae. ⁋ ltem si deus producat deum, aut ergo de nihilo aut de sua substantia aut de aliqua substan-
158 1563 1624 1615 tia aliena, non de nihilo, quia tunc productio personae diuinae creatio esset, & esset ipsa persona pro
161 1609 1627 1667 ducta creatura non deus, non de sua substantia, quoniam id de quo aliquid generatur est in poten-
157 1654 1629 1704 tia ad illud: & per agens exiret in actum. substantia diuina quae est substantia patris, cum sit pura
152 1701 1628 1750 forma purus actus est, & ita ad nihil est in potentia, ergo &c. Non de substantia aliena, quia non
153 1744 1638 1799 esset patri consubstantialis. ⁋ Tertio ad principale sic. actus nobilissimus non est nisi propter seipsum
146 1793 1622 1847 non propter aliquid, secundum Philosophum. i. &. x. Ethicorum. Actio dei manens intra se nobilissima
161 1840 1627 1888 est, quia circa nobilissimum obiectum, quod est diuina essentia siue in intelligendo siue volendo siue quo
153 1877 1633 1940 cunque alio modo agendo. ergo actio diuina manens intra est propter se & in se perfecta non propter
155 1930 1631 1978 aliquid actum siue productum. sed omnis actio per quam aliquid producitur, est propter ipsum pro
152 1974 1639 2030 ductum. ergo &c. ⁋ Quarto sic. emanatio significat fieri quoddam siue motum siue exitum: quae in
159 2015 1639 2072 diuinis penitus esse non potest. ergo &c. ⁋ Quinto sic. si in diuinis ab illa persona quae non habet esse ab i
161 2055 1628 2115 alia habet emanare alia, ergo aut emanat ab illa procedendo de non esse ad esse, aut de esse ad esse. & hoc
164 2107 1620 2161 de eodem esse in idem esse, aut de alio esse in aliud. Non primo modo, quia tunc persona in diuinis emanans
163 2151 1623 2205 ab alia incepisset esse, quia omne procedens de non esse in esse incipit esse. Non secundo modo, quia tunc cir-
151 2195 1622 2252 ca illam esset mutatio. Et non tertio modo, quia tunc haberet esse antequam produceretur in esse: quod est
157 2247 1638 2296 impossibile. ergo &c. ⁋ In contrarium est. quoniam si a persona quae in diuinis a semetipsa est, non ema-
161 2296 1628 2351 naret alia, cum ipsa non possit esse nisi vnica, vt iam ostensum est: non esset ergo in diuinis nisi vnica
160 2345 1227 2391 persona, & ideo non nisi absoluta, cuius contrarium supra ostensum est.
151 2375 1626 2449 ⁋ Quaestio ista non quaerit nisi vtrum in diuinis sit aliqua emanatio quae est actio
139 2426 1642 2498 diuina manens intra, qua vna persona nata est procedere ab alia, large sumendo processionem vt comnl
151 2484 1625 2532 munis est ad generationem & spirationem. Et est dicendum quod sic necesse habet ponere fides catho
148 2527 1628 2576 lica, quamquam sit difficile eam hoc mysterium capere, & hoc primo ratione accepta ex ratione personae. Ex
148 2570 1622 2629 quo enim persona quae in diuinis non est ab alia, non est constituta in sua personalitate nisi ex respectu
159 2618 1626 2666 ad aliam a qua distinguitur, quarum alietas non potest sumi nisi penes rationem originis vnius ab alia
146 2662 1635 2712 secundum praedeterminata, origo autem vnius ab alia non est nisi per actum emanandi vnam ab alia
145 2710 1638 2763 non extra transeuntem, quia hoc est proprium emanationis creaturae, oportet igitur ponere in di-
146 2750 1626 2819 uinis actum emanationis, & hoc vnius personae ab alia manentem intra, & hoc ab illa quae non ema-
