2017 3266
435 291 1908 375 nat ab aliqua, ne sit processus in infinitum, vt habitum est supra. Si enim in diuinis sit actus emana-
437 355 1914 418 tionis, illud quod per ipsum emanat intra, necessario est persona subsistens: quia in diuina essentia ni-
439 402 1923 469 hil potest esse productum inhaerens: & propter diuinae emanationis perfectionem oportet esse si-
441 448 1919 513 millimum producenti. Secundum diuersitatem enim naturarum, diuersitatem oportet esse modo
439 493 1921 562 rum emanandi in rebus: & quanto natura est altior, tanto emanans in ipsa perfectius est & magis inti
439 553 1936 610 mum, vt patet procedendo ab emanatione in infima natura, inanimata. scilicet vt ignis ab igne, vsque ad ge
452 587 1922 643 nerationem quae habet esse in supremis. ⁋ Ad idem est ratio accepta ex ratione diuinae naturae, quae est
443 643 1931 694 summe actiua: & ideo suiipsius summe diffusiua. Summa autem diffusio non est nisi per emana-
449 677 1932 736 tionem communicando alteri suam naturam in diuersitate personae. Vnde Ricar. aspiciens ad ema
443 730 1929 793 nationem in creaturis dicit primo de trinita. cap. ix. Qui huic naturae fructum foecunditatis dona-
441 765 1934 832 uit, in se omnino sterilis manebit: quasi dicat nequaquam, quia dicitur Esaiae vltimo. Nunquid ego qui
443 818 1929 877 alios parere facio: ipse non pariam: Si ego qui generationem caeteris tribuo sterilis ero: ait domins deus.
445 877 1922 934 ⁋ Ad primum in oppositum: quod necesse esse plurificari non potest: quare si essentia non po
458 916 1925 973 test plurificari in deo, quia est necesse esse: neque persona similiter: Dicendum quod verum est secundum
455 963 1922 1021 eandem rationem esse. secundum tamen diuersam rationem esse non est inconueniens. Vnde quia, esse es
450 1018 1932 1068 sentia in deo non potest esse nisi vnius rationis, sicut neque ipsa essentia: esse autem personae non lo
447 1065 1935 1111 quendo de esse essentiae vel existentiae, sed de esse subsistentiae, potest esse plurium rationum: idcirco
444 1112 1937 1163 licet necesse esse in deo non potest plurificari ex parte essentiae, vt in ipso deo ponantur plures dii: po
443 1148 1938 1204 test tamen necesse esse plurificari ex parte personae vt in ipso ponantur personae plures, non secundum
452 1194 1934 1251 vnam rationem personae vt sint plures innascibiles aut plures nati: sed secundum plures rationes per
458 1238 1938 1297 sonales. ⁋ Ad secundum, quod in diuinis non est persona quin sit necesse esse, & hoc ex se: ergo non habet
446 1289 1934 1343 illud ab alio: Dicendum ad hoc secundum praedicta in quaestionibus de esse dei, quod dictum illud, Ne
446 1330 1938 1393 cesse esse ex se non potest habere necesse esse ab alio, solum verum est de necesse esse quod habetur ratio
445 1380 1931 1432 ne essentiae, quia ab alio esse principiatiue repugnat diuinae essentiae. Quod enim ratione essentiae ha-
452 1415 1951 1484 bet esse ab alio, deus esse non potest, vt habitum est supra secundum Auicen. in quaestionibus de vni
452 1476 1949 1527 tate dei. De necesse esse quod habetur ratione personae, non est verum: sic enim filius & spiritus sanctus ha
447 1527 1946 1576 bent necesse esse ex se formaliter, licet ab alio principiatiue, vt expositum est supra circa esse dei, &
449 1561 1940 1621 amplius exponetur infra. ⁋ Ad tertium, quod persona producta ab illa quae non est ab alia, aut est deus:
459 1616 1937 1667 aut non deus: Dicendum quod est deus. & sic concedendum est quod illa est vera, deus producit deum, quia
455 1652 1943 1712 licet hoc nomen quod est deus significat solam essentiam simpliciter: significat tamen eam per modum
452 1699 1944 1756 suppositi in commund scilicet vt habens in se deitatem, & ideo supponit pro supposito. & secundum hoc potest veri
453 1746 1948 1806 ficare locutionem pro alio & alio supposito in subiecto & praedicato, vt cum dicitur, deus producit deum, quia deus pa
456 1793 1944 1854 ter deum filium, vt exponit Magister Sententiarum formando quaestionem de generatione. Sed nos
457 1845 1952 1901 generalius eam ponimus, vt communiter sub ipsa comprehendamus generationem & spirationem
459 1882 1949 1944 & in summa tractemus hanc materiam. Vnde si deus non supponeret nisi idem, sicut non significat nisi idem
462 1937 1938 1993 falsa esset: sicut illa est falsa, essentia generat essentiam, quia non idem significat & superponit. Et pe-
464 1985 1935 2037 nes hoc fundamentum procedunt rationes Magistri pri. Sententiarum distinctione. v. in primis. 4. ca.
467 2019 1935 2088 quibus probat quod essentia nec generat nec generatur. Cuius causa est, quia non potest habere ratio
462 2077 1929 2125 nem suppositi nec in significando nec in supponendo: nec etiam extendi potest ad rationem suppo-
455 2113 1939 2173 siti sicut extenditur lumen & sapientia: eo quod de suo significato ponunt rationem diffusiuam: non
462 2162 1941 2212 autem substantia aut essentia. propter quod non potest dici essentia de essentia sicut lumen de lumine. Et
462 2208 1935 2268 quod assumitur: ergo aut se deum aut alium a se deum: Respondet Magister Sententiarum pri. Ii. distinctio
467 2249 1936 2309 ne. 4. capitulo i. dicendo quod neutrum concedendum est, quia vtraque est falsa, & neutra sequitur ex pri-
455 2292 1940 2355 mo: quia non est diuisio per immediata. Est enim media propositio inter illas, propter quam illa pri
469 2353 1938 2407 ma est vera: scilicet quia producit alium a se qui est deus: non autem alius, sed idem deus cum ge-
459 2387 1945 2442 nerante. Vnde aliqui distinguunt hanc, producit alium deum: quod ly alium possit teneri adiectiue
458 2439 1944 2493 & tunc esset falsa: quia ly alium dicit in generali diuersitatem quae determinatur per substantiuum ad-
467 2474 1944 2538 iunctum, notando alietatem in eo quod significatur per substantiuum. & sic in proposito notat alietatem i
471 2529 1950 2589 deitate. vel substantiue, & tunc vera: quia tunc dat intelligere suppositum pro suo substantiuo: & no
461 2582 1947 2633 tat solum alietatem in personalitate, & incidit in sensum quem dicimus medium. ⁋ Sed sensus iste violen
462 2614 1946 2673 ter est extortus faciendo subdistinctionem post ly alium. Vnde de virtute sermonis solummodo pri
468 2665 1944 2729 mun sensum prius praetendit: nec valet distinctio ad propositum: licet possit valere in se & in alio pro
463 2704 1947 2771 posito vbi absque subdistinctione posset vtrumque sensum praetendere. Si enim arguatur sic, Deus generans est
464 2761 1944 2817 deus genitus, ergo idem est deus generans & deus genitus: ergo a simili deus generans non deus
467 2809 1938 2872 genitus: ergo alius est deus generans & deus genitus: quia ly alius potest teneri substantiue & no
