2017 3287
137 321 1654 401 tare alietatem in persona, sic est ista vera. alius est deus generans & alius est deus genitus. & repetendum est alius in hac
159 376 1657 438 secunda parte copulatiue: & sequitur ex prima, quia verificatur negatiua pro suppositis. Vel potest teneri
158 426 1653 486 adiectiue, vt suum substantiuum sit ly deus. sic notat alietatem in substantia, & est falsa, vt patet: & ideo non sequtur
160 471 1650 538 ex prima. Et consimili modo posset distingui illa conclusio: idem est deus generans & deus genitus, & contrario
153 515 1655 585 modo vera & falsa: & vno modo sequitur ex praemissis, alio vero modo non. Vnde quia in proposi-
164 562 1657 625 to non valet illa distinctio ex parte ly alium, ideo dicit Praepositinus, quod dicit alietatem tam in substan
156 607 1655 672 tia quam in persona, quia alietas in substantia non est sine alietate in persona: vt sit sensus. produxit alium
145 646 1652 710 deum. i. alium in persona & alia deitate deum. Vnde statuit regulam, quod sicut relatio identitatis refert per identi-
146 698 1648 764 tatem signatum & appellatum: Propter quod illa est falsa, produxit se deum, quia sensus est, produxit se in eadem perso
159 747 1657 813 nalitate, & in eadem deitate deum: Ex quo apud veteres inoleuit regula talis: Non habet locum omnimoda
152 798 1647 850 vnio vbi simul cum vnione est distinctio: Consimiliter relatio diuersitatis refert per diuersitatem signatum &
147 837 1651 897 appellatum. Et notat differentiam secundum vtrumque: propter quod illa est falsa, produxit alium a se deum, vt dictum est. Sed
158 886 1644 950 uaelibet earum falsa est contrario modo pro altera parte copulatiuae. Prima propter identitatem in persona
154 936 1654 999 quam refert lyse: secunda propter alietatem in substantia quam refert ly alium. Propter quod coniungendo partes pro
140 981 1653 1034 quibus singulae habent veritatem, constituitur ex ambobus propositio tertia media & vera praedicta, quia pro
147 1025 1649 1081 duxit alium a se in persona, & hoc ex secunda, quid est deus, & hoc ex prima. Et sic est media propositio ac
149 1065 1644 1126 cipienda in diuinis ratione materiae propter substantiae identitatem in pluralitate personarum: quod non esset
147 1120 1649 1175 necessarium in alia materia: vt in creaturis vbi diuersitas personae necessario ponit diuersitatem substantiae
152 1158 1641 1220 Vt si homo producat hominem & quaeratur: aut ergo se hominem aut alium a se hominem: illa simpliciter danda est, alium
135 1203 1639 1261 a se hominem, quia producit alium in persona & substantia: & contraria propter ambo simul neganda. Quare nec pro
135 1252 1643 1309 ducit se secundum identitatem personae, neque secundum identitatem substantiae. Propter quod non est media propositio
131 1293 1641 1354 accipienda in creaturis, sicut in diuinis, in quibus etiam non esset propositio media accipienda si diuisio
132 1342 1641 1402 fieret per contradictoria quaerendo, aut ergo produxit se deum, aut non se deum. & est concedenda ista: non se deum
143 1388 1638 1449 propter diuersitatem in persona. siue quaerendo: aut ergo alium a se deum, aut non alium a se deum
141 1443 1645 1500 & est concedenda ista, non alium a se deum, propter identitatem substantiae. Ex quo inoleuit alia regula anti
137 1489 1641 1543 quorum praedictae contraria, talis. Non habet locum omnimoda diuisio, vbi non est ex diuersis causis vnio. I
139 1527 1641 1591 lam autem mediam propositionem accipiendam in diuinis expressit Augustinus cum dixit de patre in epistola ad
137 1572 1639 1635 Maximinum. Genuit de se alterum se. i. secundum quod exponit Magister primo sententiarum distinctione. iiii.
138 1619 1640 1674 in fine, genuit alterum, scilicet in persona, qui est hoc quod ipse est, scilicet in substantia. Nam etsi alius
139 1665 1641 1728 pater sit quam filius, non tamen aliud sed vnum: vt hoc quod est qui est hoc quod ipse est, sit expositiuum eius quod est
131 1716 1642 1769 se: vt ly se intelligatur esse neutri generis, & reciprocatiuum substantiae circa personam patris: dan
138 1757 1634 1816 do illam intelligi circa substantiam. Vnde concedenda est illa, pater genuit alterum se: sicut ista, pater ge-
127 1800 1635 1866 nuit hunc qui est id quod ipse. propter identitatem ei substantiae est quasi ipse. Propter quod etiam vt propria
135 1847 1639 1909 accipienda est illa quam profert Augustinus, xv. de Trini. Tanquam se dicens pater verbum genuit. Et secundum
137 1896 1641 1953 hunc modum propter amoris conformitatem dicit Philosophus. viii. Ethicorum, quod amicus amico est alter ipse. &
139 1941 1632 1994 poeta dilectam suam finxit esse seipsum, vbi dixit. Dii faciant sine me ne moriatur ego. Est igitur in dictis illis
137 1988 1639 2041 Augustinus sermo proprius & verus quantum est ex parte rei: sed non quantum est ex parte sermonis. quia vt dicit Simodn
146 2032 1629 2090 Tornacen. alterum ibi intelligitur esse masculini generis, & ita personale: se vero neutri generis, & ita essentia
125 2077 1640 2141 le. & sic inuenitur ibi ex parte sermonis improprietas: sicut ibi, Semini tuo qui est Christus, quia re
134 2124 1632 2185 latiuum non conformatur suo antecedenti in genere. Si autem mutemus hoc masculinum hunc, in hoc neu
134 2172 1632 2220 trum quod est id, & dicamus pater genuit id quod ipse est, secundum quod dicit Augustinus in ser-
122 2221 1632 2281 mone de Symbolo, proprie loquendo sermo falsus est: quia sequitur quod genuisset diuinam essentiam
129 2262 1638 2324 secundum quod arguit Magister id est sententiarum distinctione. v. cap. iii. Vnde vt veritatem habcat exponendus
123 2309 1623 2362 est & extendendus commutando neutrum in masculinum, secundum quod magister exponit, dicendo pater ge
132 2358 1633 2410 nuit id quod ipse estid i. filium qui est illud quod pater est. Nam quod pater est, & filius hoc est: sed non qui pa
124 2402 1620 2460 ter est, & filius hic est. Si autem sumamus relatiuum medio modo, quod non refert simul personam & substam
128 2450 1621 2504 tiam vt facit pronomen se propter reciprocationem: neque solam substantiam sicut facit ly id, quia neutri generis
125 2496 1631 2548 est: sed quod indifferenter possit referre vnum vel alterum: illa bene potest recipi. Secundum enim quod dicit An
122 2537 1629 2597 selmus in prosol. cum dicitur deus de deo, non intelligimus alium deum: sed eundem de seipso. Si
122 2584 1618 2635 vero mutetur neutrum pronominis in rem nominis: dicendo quod essentia est de essentia, aut substantia
126 2629 1629 2680 de substantia, secundum quod dicit Augustinus. vii. &, xv. de Trini. & habetur cap v. proprie loquendo sermo est
121 2678 1627 2730 simpliciter falsus & nimium extensus, & exponendus violenter. secundum quod exponit magister cap. vi. i. filius
133 2725 1633 2776 qui est substantia seu essentia, de patre qui est substantia seu essentia. Et hoc modo vel consimili ex
140 2774 1622 2828 ponendae sunt omnes propositiones, & dicta sanctorum quae insinuant essentiam generantem aut genitam. secundum quod
143 2814 1628 2883 auctoritas Hil. ad hoc adducta in. vi. ca. exponitur in viii. Et cum assumitur in secundo medio, aut ergo produ
