2017 3216
147 262 1639 336 Primo modo deus preoducit deum de necessitate. & haec necessitas a quibusdam appellatur necessitas
153 329 1630 384 immutabilitatis: & ab Anselmo appellatur necessitas inuertibilitatis seruandi constantiam. Sed se
149 368 1639 422 cundum quod natura & voluntate sumuntur aduerbialiter, hoc modo ambo concurrunt in omni pro
155 416 1631 484 ductione dei de deo: quia deus deum naturaliter & voluntarie generat, & similiter spirat. Quia enim deus
161 470 1638 517 nihil agit nisi vt natura intelligens & voluntaria, cuius natura non patitur violentiam aut indi-
165 517 1631 576 gentiam, cuius intellectus non errat per ignorantiam, cuius voluntas non impeditur per impotentiam:
165 561 1629 610 & sunt penitus idem re in deo pertinentia ad attributa essentialia secundum rationem praecedentia vt
144 606 1626 655 fundamenta, & principia actuum personalium: impossibile est quod in deo aliquod agat natura quod non sciat
153 653 1629 711 & intelligat per intellectum, & quod non velit siue in ipsum non consentiat per voluntatem, neque volun-
147 699 1640 760 tate de ipsa sua substantia, quin natura concurrat & intellectus sciat. De hoc autem minus dubium
145 740 1638 806 est in productione spiritus sancti ab vtroque, quod scilicet productio eius sit natura & intellectu cum hoc quod
147 791 1638 837 est voluntate: quam filii a patre. scilicet quod productio eius cum hoc quod est natura & intellectu, sit etiam vo-
136 835 1632 895 luntate: quia illa est modo voluntatis, & ista modo naturae & intellectus: vt infra videbitur. Natu
150 882 1641 934 ra autem & intellectus ratione absolui possent a voluntate & agere sine illa: quia ordine quodam
136 933 1637 986 rationis natura & intellectus in deo praecedunt voluntatem: vt iam visum est supra, & amplius vi-
140 972 1638 1026 debitur infra: non econverso. dicente Augustino ad Orosium. Praeire voluntas sapientiam non potest
139 1020 1639 1067 Propter quod auctores magis sollicite affirmabant productionem filii cum hoc quod est natura & intel-
144 1067 1636 1118 lectu etiam esse voluntate. In hoc enim haeretici magis errabant: vt patet per Magistrum. id est sententiarum
134 1111 1638 1164 distin. vi. per totum. Hic dicit Hila. de Syno. Eos quid dicunt quod neque consilio, neque voluntate pater genuit
135 1159 1644 1213 filium, anathematizat sancta ecclesia. Et Ric. vi. de triniitate. c. xvii. Producenti qui est ipsa omnipotentia
145 1204 1645 1258 idem est de se alium producere quod ex ordinatissima causa idipsum velle: ex principaliori autem
142 1249 1630 1299 causa id velle idem est quod generare. Nam cum vterque procedendi modus constet in voluntate, diffe-
131 1292 1632 1344 runt tamen pro causae alteritate. Vnde & in causa principaliori consistit principalior modus procedendi. Vul-
141 1342 1642 1393 tis super his audire verbum abbreuiatum: Ingenitum velle habere sibi conformen, idem mihi vide-
140 1384 1636 1447 tur quod gignere filium: tam genitum quam ingenitum velle habere condilectum, idem mihi videtur quod produ
139 1436 1639 1489 cere spiritum sanctum. & cap. xviii. Videtur mihi esse deo patri filium gignere quod personam de per
134 1481 1635 1540 sona sua naturaliter & pro voto producere. Est autem aduertendum quod licet ambo, natura scilicet &
136 1524 1641 1570 voluntas, simul concurrunt in duplici productione dei de deo, non tamen eodem modo, sed diuersi-
144 1570 1642 1628 mode. secundum quod differunt principia elicitiua illarum productionum. In productione enim principali quae
143 1618 1635 1670 est generatio, quae elicitur a principio quod est natura, deus producit deum naturaliter primo & prim
142 1664 1634 1712 cipaliter: voluntarie vero secundario & consequenter. In productione secunda quae est spiratio, econver-
140 1711 1637 1761 so vis elicitiua actus est voluntas vt est potentia libera: naturalis tamen necessitas impellens est in
134 1753 1641 1817 actum. In generatione enim vis elicitiua actus est intellectus vt est natura, naturali impetu impellens in
138 1803 1647 1861 actum: in spiratione vero econverso. Sed in generatione voluntas est coniuncta naturae vt consentiens natu-
147 1848 1651 1901 rae in actum generationis. In spiratione vero natura est coniuncta voluntati vt inclinans cum volun-
134 1894 1635 1952 tate in actum spirationis. Et sic generans primo & principaliter generat naturaliter, voluntarie au
141 1942 1641 1996 tem concomitanter: econverso autem spirans spirat: Sed tamen aliter & aliter voluntas est coniuncta naturae in
133 1984 1644 2044 generatione: & natura voluntati in spiratione: quia voluntas in generatione est coniuncta naturae non
147 2038 1635 2092 vt coagens: sed vt complacens in actione: natura autem in spiratione est voluntati coniuncta vt
140 2079 1638 2130 naturali quasi impetu voluntatem liberam inclinans in suam actionem: vt propterea ambae emana-
143 2122 1637 2172 tiones naturales dici possunt. Propter quod dicit Ric. vi. de triniitate. capitulo i. quod in diuinis nihil est iuxta
139 2172 1638 2230 donum largientis gratiae: sed totum iuxta proprietatem exigentis naturae. Et Hila. v. de triniitate. Ex
147 2225 1651 2277 virtute naturae in eandem naturam subsistit filius natiuitate, & ex virtute naturae in eandem na
145 2268 1641 2317 turam processione subsistit spiritus sanctus. ⁋ Quia ergo inducebatur in argumento, quod deus non
145 2313 1641 2367 producit deum natura aut necessitate: quia producit eum libere: Dicendum quod libere producit, & ita volun-
140 2357 1630 2406 tarie: sed voluntate consentiente non eliciente in prima productione, & per hoc voluntarie. dicente Rioar-
154 2396 1635 2456 lib. vi. ca. iii. Hoc proculdubio erit ei prolemo producere, in eoipso sibi omnia complacere. Per quod non excluditur
146 2449 1638 2505 quin a natura eliciente, & per hoc etiam necessario & naturaliter: secundum modum necessitatis qui dictus est ca
152 2488 1640 2542 dere in deo. Voluntate autem eliciente in secunda productione, & per hoc voluntarie: per quod non excluditur a natura
152 2537 1635 2598 concomitante, & per hoc naturaliter & necessario: vt patet ex iam dictis, & in sequenti quaestione amplius decla
150 2586 1631 2642 rabitur. Quia autem additur quod natura siue necessitas & voluntas ex opposito distiguuntur, & in eadem actione
148 2630 1635 2691 non concurrunt, dicendum quod voluntas operatur aut vt libera absolute, aut vt libera arbitrio. Isto secundo modo
147 2673 1635 2735 non concurrunt in eadem actione natura siue necessitas & voluntas. sic enim deus nihil opeatur voluntate intra
146 2714 1634 2771 se: siy solum circa creaturas. Et secundum hoc Hila. de Syno. & Anselmus ii. cur de. homo, dicunt quod nulla est in
149 2762 1641 2831 deo faciendi vel non faciendi necessitas. ltem Anselmus ibidem. In deo sola operatur voluntas. Primo autem
