2017 3288
460 309 1929 377 mortalia sunt, hoc potest conuenire: quemadmodum patris & filii & spiritus sancti diuinitati le-
467 368 1916 429 gem cuiusdam necessitatis imponunt: scilicet diuersa initia. Secundum autem formam respectiuam in diuinis
458 415 1929 476 bene potest esse & est distinctio secundum speciem vel quasi. Sicut enim paternitas & filiatio sunt relationes di-
463 456 1933 511 uersae quasi specie: sic pater & filius constitutae personae per illa sunt personae quasi specie diuersae: sed con
462 505 1932 560 tinentes totam speciem suam in singulis indiuiduis non plurificabilem in aliis, vt infra dicetur. & tali diuersi
459 554 1930 607 tate secundum speciem diuersus modus emanationis secundum speciem, vt sunt generatio & spiratio, bene distiguunt
472 602 1929 658 emanans secundum speciem. ⁋ Ad quintum: quod vnius naturae non est nisi vnus modus conicandi eam: Rndendum
464 645 1930 704 est distiguendo & ex parte modi communicandi, & ex parte naturae communicatae. Ex parte naturae conicatae
462 693 1911 746 dicendum quod natura dupliciter conicatur per actum productionis aut emanationis. Vno modo vt quae habet esse per pro
455 741 1923 794 ductionem non solum in principaliter producto: sed etiam secundum id quod est. Alio modo vt quae habet esse secundum id quod
452 783 1923 841 est absque productione: licet non in producto. Primo modo omnes formae creaturae habent esse per productionem:
459 840 1923 884 quia non solum habens formam, habet esse per productionem, sed etiam ipsa forma: quia ex se non habet esse omnino.
462 883 1924 935 Secundo modo forma deitatis habet esse per productionem: quia in ipso producto: non autem in se: quia ex se habet
461 924 1923 979 esse etiam in supposito producto. Propter quod dictum est supra, quod in diuinis forma deitatis nullo modo pro
454 969 1935 1018 ducitur: sicut neque materia in naturalibus: sed solum habetur per productionem. Forma vero naturalis
461 1013 1921 1076 quodammodo generatur. Sed primo modo proprietas personalis personae productae quodammodo habet
458 1061 1932 1113 esse per productionem, vt supra dictum est: sed illa nullo modo est comunicabilis nec in se: quia singula-
459 1103 1929 1165 ris est, in quo convenit cum deitate: nec in suppositis diuersis: & in hoc differt ab eadem. Ex parte ve
448 1155 1929 1215 ro modi conicandi dicendum quod modus conicandi naturam potest dici vnus vel diuersus aut tantum ex parte conicam
449 1200 1932 1255 tis & producentis id cui conicatur: aut tantum ex parte ipsius actus producendi illud: aut vtroque modo. Isto
459 1243 1932 1300 tertio modo vnius naturae bene est diuersus modus communicandi in creaturis, vt patet in exen-
459 1290 1930 1345 plis Ambrosii iam positis de productione eiusdem volatilis secundum speciem modo cle aquis: modo de terra
449 1340 1930 1397 modo per coniunctionem maris & foeminae. Sed hoc non contingit in illis quae non fiunt natura
445 1384 1935 1441 liter in creaturis absque sexuum conmixtione, nisi vbi agens est supnaturale. In diuinis etiam vnius
455 1434 1939 1491 naturae bene est diuersus modus conicandi, vt deitatis a patre in filium per generationem, & ab vtroque
449 1476 1939 1520 in spiritum sanctum per spirationem. Primo modo adhuc eiusdem naturae est diuersus modus communicam
457 1522 1925 1571 di in creaturis: et hoc vel altero agente supnaturaliter, vel vtroque naturaliter. De primo po-
445 1569 1939 1617 nit Ambrosius exemplum de veritate naturae carnis humanae quae in Christo & nobis diuersis est
454 1614 1926 1664 orta principiis: erat tamen vnus modus formandi eam. Suppleuit enim spiritus sanctus id quid semen
463 1659 1927 1715 virile egisse potuisset: & per hoc virgo quantum erat in se naturalis mater fuit. Si vero vtroque
449 1705 1921 1751 agente naturaliter: sic quaecumque generantur ex propagatione maris & fceminae, si virtute solius so
461 1750 1923 1815 lis, stellarum, & corporum caelestium eadem posset in materia produci commixtionis proportio secundum ca
457 1796 1931 1853 lidum frigidum humidum & siccum: & talis virtus qualis cum naturali calore a generantibus effun-
449 1841 1924 1901 ditur in semine: eadem secundum speciem possent produci virtute solis, caeli, & stellarum absque maris &
463 1885 1929 1949 foeminae coniunctione. Et hoc quia ex parte agentis intra & ipsius productionis, iste modus produ-
459 1930 1934 1984 cendi idem est cum illo qui est per propagationem. Sed illud negarent philosophi posse fieri: et ideo non posse
455 1982 1919 2028 eandem naturam conmunicari per propagationem & sine. Propter quod dicit Auerrois: quod mus ex putrefa
458 2025 1917 2081 ctione generatus & fine non est eiusdem speciei: quod forte non est verum in speciebus vilibus saltem. Si vero
449 2073 1919 2120 modo praedicto est diuersus modus communicandi ex parte actus producendi tantum, si agens sit supna-
452 2117 1923 2173 turale, bene potest communicare eandem naturam secundum diuersos modos producendi eam, vel ex mate
456 2164 1922 2213 ria praecedente, vel per creationem ex nihilo. Si vero sit agens naturale creatum, nequaquam. Et per hunc
464 2211 1914 2270 modum pater eandem naturam deitatis communicat filio & spiritui sancto secundum diuersas pro
456 2255 1916 2306 ductiones. cuius ratio est foecunditas & perfectio vtriusque principii, scilicet naturae & volun-
454 2301 1920 2351 tatis in deo: cum in creaturis non possit esse foecunditas communicandi naturam nisi secundum prin-
461 2349 1917 2398 cipium quod est natura: non autem secundum principium aliud, etiam si principium quod est voluntas
458 2396 1926 2453 sit in illa: & hoc propter eius imperfectionem naturalem. ⁋ Ad sextum: quod persona quae non est
464 2439 1915 2487 ab alia, non est nisi vnica, quare neque illa quae est ab alia: Non est simile: & patet quomodo non est
466 2485 1923 2531 simile, & per consequens solutio argumenti ex eis quae iam dicta sunt ad corpus quaestionis, & in
462 2528 1923 2576 dissolutione secundae rationis huius quaestionis, & etiam ex dissolutione primi argumenti ad
467 2577 1920 2631 quaestionem. ix. praecedentis tituli. ⁋ Ad septimum: quod tria principia sunt emanationum, natura,
463 2626 1917 2681 ars, & voluntas: ergo tres emanationes & tres personae ad minus procedunt ab illa: Dicendum
466 2668 1917 2729 quod in intellectualibus natura, ars, & intellectus sunt vnum principium & idem, non autem natura
462 2714 1920 2775 & voluntas. & hoc ideo: quia intellectus per obiectum sibi praesens impetu quodam siue quadam
467 2759 1920 2813 immutabilitate naturalis necessitatis elicit actum suum, sicut & natura absoluta non intelle-
468 2806 1912 2870 ctualis: non sic autem voluntas, sed libere fertur in ipsum, secundum quod inferius amplius declarabitur.
