2017 3268
460 281 1928 346 deum esse indicat: & pluralitas pluralitatem: sic vnitas dei requirit vnitatem improductib ilis vt vnus sit
461 337 1924 388 improductibilis secundum vnam rationem singularem & vnum modum improductibilitatis: & vnus improducti-
463 383 1922 442 bilis secundum vnam rationem vnum deum esse indicat, & pluralitas pluralitatem, vt idcirco omnino sit in-
464 435 1913 494 conueniens & impossibile vt a persona illa quae non est ab alia, emanent duae aliae aeque primo princi
472 484 1915 540 paliter & immediate. ⁋ Et secundum hoc descendendo ad quaestionem dico ad primum argumentum quaestio
469 525 1914 586 nis de aeque primo: quod quia vna productio illarum necessario (si sic fas esset loqui) praesupponit aliam &
467 571 1904 623 non econuerso: propterea non aeque primo emanant illae duae ab illa quae non est ab alia: sed ordine quo
463 612 1920 665 dam naturae: vt l primo, & similiter secundo explicent dispositionem ordinatorum secundum naturalem ordinem ori
462 664 1927 728 ginis. sic enim licet in diuinis exprimere ordinata in tali origine, vt habitum est supra. Sed quia di
459 707 1919 769 cit Ricar. v. de triniitate. cap. vii. In illa personarum pluralitate, & vera aeternitate nihil ibi aliud praecedit.
458 753 1924 807 nihil ibi alteri succedit, & deo nihil ibi tempore prius, nihil ibi tempore posterius, sed quod non
464 804 1920 862 potest esse prius temporaliter, potest prius esse causaliter, & eo ipso naturaliter: persectio enim per
458 846 1919 903 sonae vnius exigit vtique consortium alterius, & ita sit vt vna sit causa alterius: ex hoc videtur quod ipse
457 890 1920 943 velit quod non solum ordinata naturaliter secundum rationes originum possint explicari secundum statum ordinis
455 927 1918 998 sui per illa quae sunt primum, secundum, tertium, per quae absque dubio explicari possunt: sed per illa quae
461 976 1906 1034 sunt prius & posterius, quod reputatur absurdum, quia istud sancti negant, illud vero ponunt. Hila. in si
458 1030 1901 1077 ne. xii. de triniitate. cap. penul. loquens de filii dei natiuitate dicit sic. Natiuitas deum testetur auctorem
460 1080 1920 1133 non praeposterum aliquid ab auctore significet. Et quidem confessione communi, secunda quidem ab auctore na-
454 1113 1908 1173 tiuitas est quia ex deo est. & capit. vltimo. Hilius ex te deo patre deus verus: & a te in naturae tuae
468 1164 1912 1215 veritate genitus post te ita confitendus vt tecum: quia aeternae originis suae es auctor aeternus. nam
464 1204 1914 1271 dum a te est, secundus a te est. Reuera si prius & posterius ex se nihil dicerent nisi circunstantias il-
457 1250 1914 1304 larum rationum quibus inter se differunt ordinata inquantum ordinem habent, & hoc indetermina-
459 1299 1911 1356 te ad rationes ordinatorum in quocumque ordine, ita quod determinaretur earum circunstantia secundum modum
453 1349 1908 1397 ordinis & ordinatorum quibus adiunguntur: tunc si adiugerentur eis quae sunt ordinata secundum locum, dice
454 1390 1917 1452 rent prius & posterius secundum locum: si secundum tempus siue durationem, aut secundum naturam: consimiliter dice
451 1432 1916 1502 rent prius & posterius secundum tpres seu durationem, aut secundum naturam. Si vero secundum originem, aut secundum
452 1485 1907 1535 rationem tantum, similiter dicerent prius & posterius secundum originem, aut secundum rationem tantum. Et sic proculdu-
452 1525 1908 1593 bio intelligit Ri. quod bene indicat per hoc quod dixit. Quod non potest esse prius temporaliter, potest esse
457 1579 1904 1638 prius causaliter, & eo naturaliter. Et sumit ibi causaliter large pro originaliter: eo enim quo origi
451 1623 1914 1675 naliter, eo ipso naturaliter. Vnde lib. vi. cap. vii. dicit. Prius & posterius hoc loco intelligi volumus
454 1672 1911 1719 non temporum successione, sed ordine naturae. & hoc secundum modum quo ordo naturae ponendus est
455 1716 1921 1767 in diuinis, prout supra in quaestionibus de ordine attributorum determinauimus. Nec etiam sic inueni
442 1754 1918 1825 aliquem sanctum negantem expresse prius & posterius poni in ordine circa diuina. secundum quod notat prae
440 1808 1904 1865 cise circunstantiam illius ordinis. Sed quod negant: hoc est maxime secundum quod notant circunstantiam cir
448 1843 1913 1906 ca ordinata tempore, aut duratione, aut aliquo aliorum modorum ordinis: quae non cadunt aut re
450 1893 1911 1963 cipiuntur in diuinis: quos tamen in eis ponebant haeretici, & hoc in articulo propositae quaestionis. Quoniam
446 1937 1898 2008 (vt dicit magister pri. senten. distinctione. xii. Arrius arguebat sic. Si processit spiritus sanctus a pa
443 1990 1902 2047 tre, aut ergo iam nato filio, aut non nato filio. Si iam nato filio, ante natus est filius quam processit ipi
443 2029 1902 2097 ritus sanctus. Si autem non nato filio, ante processit quam filius genitus fuit. Quod bene etiam exprimit
448 2074 1902 2139 Hila. in eo quod post praedictam sententiam suam adiungit in penultimo capit. dicens. Solus hic ita-
449 2128 1892 2192 quod de deo pius sermo est scire patrem, & cum eo eum qui ex eo est filium. Neque in illud vnquam stul-
446 2173 1896 2222 titiae atque impietatis erumpam, vt te aliquando sine sapientia & virtute & verbo tuo vnigenito deo do
443 2211 1904 2265 mino meo lesu Christo fuisse praesumam. Nam cum verbum & sapientia & virtus in nobis interio-
446 2259 1892 2325 ris motus nostri opus sit: tecum tamen perfecti dei qui & verbum tuum & sapientia & virtus est, absoluta ge
445 2308 1908 2365 neratio est, vt inseparabilis semper a te sit, qui in his aeternarum proprietatum tuarum nominibus ex
443 2346 1904 2401 te natus est. ltem post praedictam sententiam in capi. vltimo dicit sic. Dum verus tuus est non sepa-
440 2395 1892 2466 rabilis ab eo es: quia nec sine tuo confitendus fuisse aliquando es: ne aut imperfectus sine generatio
445 2442 1904 2492 ne: aut supersiuus post generationem arguaris. ldem etiam bene exprimit Augustinus respondens
435 2491 1901 2545 dictae rationi haereticorum. xv. lib. de trinita. vbi dicit. In illa summa trinitate quae deus est interualla
446 2531 1889 2600 temporum nulla sunt per quae possit ostendi vtrum prius de patre natus filius sit, & postea de am-
437 2573 1900 2645 bobus procedit spiritus sanctus. Et aliquibus interpositis subdit. Non possunt prorsus ista ibi quaeri
438 2632 1892 2674 vbi nihil tempore inchoatur: vt consequenti proficiat in tempore. Cum ergo quaerit vtrum processit spiritus
439 2666 1883 2725 sanctus iam nato filio, aut iam non nato filio, neutra concedenda est. Sed habendo iuxta eius intel
428 2713 1893 2783 lectum aspectum ad ante in tempore, ambae negandae sunt: & illa concedenda est, non processit iam na
441 2765 1900 2841 to filio, quia simultate aeternitatis ambo processerunt simul: licet originaliter prima fuerit processio filii.
