2017 3195
415 244 1895 307 solum ex distinctione eorum dicto modo connotata. & sic pater & filius non spirant spiritum san
415 304 1906 350 ctum vt sunt plures in actionem eliciendo, licet concurrant in vnam rationem qua eliciunt actum:
407 348 1896 403 sed vt sunt plures in vna voluntate, quae est ratio eliciendi actum concordando & amorem suum
422 395 1892 441 in illa mutuando: quod iam patebit amplius. ⁋ Ad. ix. aut procedit ab eis vt ab vno principio: aut vt a
413 439 1904 497 pluribus: Dicendum quod in talibus maxime aspiciendum est ad significatum termini. Est ergo intelligen
420 485 1885 544 dum propter significatum huius nominis principium, quod in diuinis est aliquod nomen quod pure si
425 533 1877 593 gnificat essentiam puram & per modum essentiae: & non supponit nisi pro essentia: vt hoc nomen
416 577 1881 632 deitas. Est & aliud nomen quod significat essentiam non per modum essentiae: sed per modum sup-
411 628 1877 685 positi: & supponit pro supposito: vt hoc nomen deus. Est autem tertium nomen quod significat relationem
419 682 1901 732 puram & per modum relationis: & supponit solum pro relatione: vt hoc nomen paternitas. Quartum
419 713 1897 762 est nomen quod significat medio modo, scilicet essentiam principaliter: sed sub ratione & modo respe-
407 762 1879 821 ctus siue relationis: vt hoc nomen potentia, & hoc nomen principium. sed differenter. Quoniam potentia signifi
419 804 1883 851 cat substantiam sub ratione respectus ad actum principaliter: hoc nomen vero principium sub ratione re-
404 853 1873 910 spectus ad productum principaliter. Et iterum potentia significat substantiam sub ratione respectus
407 898 1881 944 & per modum respectus quantum est de ratione formali a qua nomen imponitur ad significandum
407 942 1886 1002 Propter quod determinauimus supra habendo respectum ad hoc, quod potentia non est quid sed ad aliquid
412 990 1884 1036 non quod significet puram relationem: vt hoc nomen paternitas: sed quia licet significat substantiam
410 1036 1877 1088 & supponit pro substantia: significat tamen ipsam sub ratione & modo respectus. Principium ve-
406 1084 1875 1140 ro significat substantiam similiter & sub ratione respectus: sed per modum suppositi: vnde & suprpo
410 1126 1886 1170 nit pro supposito. Vnde tam hoc nomen potentia quam hoc nomen principium significant substan-
410 1170 1884 1221 tiam principaliter: sed sub ratione respectus: & hoc sub indifferentia quadam & indeterminatio-
402 1218 1887 1271 ne: quemadmodum hoc nomen persona significat suppositum simpliciter sub indifferentia & in-
412 1257 1890 1312 determinatione quadam. & determinatur ista determinatio per adiunctum: & cum hoc, hoc nomen
412 1310 1877 1356 principium supponit pro supposito sub indifferentia & indeterminatione quadam: sicut hoc nomen deus.
427 1352 1891 1410 uia igitur hoec nomen principium principaliter significat essentiam: licet sub modo relationis: & per hoc di
409 1399 1884 1459 cit de suo significato potius rationem elicitiuam quam suppositum in quo est, quod per ipsam actum elicit: quamuis eti
416 1440 1888 1495 am pro ipso supponit: ipsa autem essentia vna est in diuinis, & prima ratio elicitiua omnium diui
412 1489 1881 1550 norum actuum: vt habitum est supra: & ratio principii maxime primo attribuitur: quia quanto
401 1547 1881 1596 aliquid habet magis rationem primi: tanto habet magis rationem principii: primum enim & prin
407 1577 1879 1641 cipium idem, secundum philosophum. i. Posteriorum: Idcirco dico quod in diuinis non est nisi vna ra
411 1632 1885 1690 tio principii propriissime accepti: & non dicitur nisi singulariter: & hoc siue verificat locutionem
413 1668 1883 1719 significando essentiam sub ratione vnius respectus siue plurium: & siue supponat pro vno supposi-
403 1720 1868 1772 to verificando locutionem siue pro pluribus simul, duobus aut tribus: licet accepto principio non
412 1760 1870 1825 sic proprie, scilicet pro simpliciter primo & remoto, sed pro proximo & immediato actui proprio prin
407 1807 1879 1868 cipia dicuntur esse plura: sicut & plures dicuntur esse potentiae. Econtrario enim contingit in ratione principii,
400 1854 1867 1906 & ratione potentiae: quia tanto vnumquodque magis habet rationem principii, quanto magis habet ratio
407 1901 1868 1948 nem primi & remoti a principiato, vt iam dictum est. Tanto vero vnumquodque magis habet ratio-
402 1942 1870 1993 nem potentiae, quanto magis habet rationem proximi & immediati ipsi principiato. Propter quid se
398 1993 1866 2041 cundum philosophum. ix. Metaphy. acetum non est proprie in potentia vinum: sed aqua existens in
398 2032 1870 2097 stipite. Vnde pater dicitur esse vnum principium filii, spiritus sancti, & creaturarum: quia vna est
394 2089 1879 2144 diuina essentia, quae in ipso est vnica ratio principiandi illa omnia: licet sub ratione alterius respectus est ra
401 2126 1861 2180 tio principiandi filium: & sub ratione alia spiritum sanctum: & sub tertia creaturarum. Similiter pater
399 2172 1860 2234 & filius sunt vnum principium spiritus sancti & creaturarum, licet sub alia ratione spiritus sancti, &
395 2216 1869 2271 sub alia creaturarum, & licet sint diuersa supposita: & hoc quia in ipsis vnica essentia est ratio pri
399 2270 1864 2321 ma illorum elicitiua: nec referret in aliquo quin dicerentur esse vnum principium spiritus sancti,
395 2314 1873 2373 etiam si sub pluribus rationibus respectiuis in patre & filio esset principiandi & originandi ratio
401 2350 1868 2407 spantum sanctum: quemadmodum non refert in patre quin dicatur vnum principium filii & spiritus sancti: quamuis
399 2402 1873 2464 essentia in ipso secundum diuersas relationes sit ratio originandi ipsos. Et sic praecisa ratio qua pater
396 2446 1867 2502 & filius dicuntur principium vnum spiritus sancti, est ipsa essentia sub ratione respectus & relationis sim
396 2493 1872 2545 pliciter, quem habent ad spcntum sanctum in producendo ipsum. Non dico sub ratione relationis vnius quae est
390 2542 1868 2599 communis notio vtriusque: hoc enim incidit quod sit vna: quia (vt dictum est) si non esset vna sed plures nihilomi
391 2587 1873 2644 nus propter essentiam vnam quae habet rationem principii primi, dicerentur vnum principium eius. ⁋ Ex quo pa
384 2629 1865 2676 tent quaetuor. Primum quod vnitas principii per se sumitur & praecise ex vnitate eius quod est prima ratio principiandi: licet
385 2674 1872 2724 non nisi vt consideratur sub ratione respectus & relationis ad id cuius est ratio originandi. Propter quod licet eadem
379 2722 1868 2796 essentia sit in principiato: non tamen eadem ratio principii: quia non est in illo sub ratione eiusdem respe ctus.
