2017 3148
184 256 1613 336 Secundum est, quod alio & alio modo pater & filius dicuntur spirare spiritum sanctum vt sunt vnum
185 318 1615 387 & vt sunt vnum principium: quia spirant spicnitum sanctum vt sunt vnum in essentia: & sub vna ra-
185 367 1619 429 tione relationis communis qua referuntur coniter ad spcntum sanctum: spirant autem spcntum sanctum vt sunt vnum
185 406 1614 467 principium in essentia, distincti propriis relationibus quibus inter se referuntur. Propter quod pa
184 459 1608 509 tet tertium scilicet quod non bene dicunt quod eadem est notio in patre & filio secundum quam dicuntur vnum
191 502 1604 553 principium spiritus sancti. hoc enim incidit vt dictum est: licet incommutabiliter. Propter quod dicit
185 546 1609 598 Augustinus v. de triniitate. cap. xiiii. Pater ad filium principium est: quia genuit eum. Ex quo concludit Magi
188 584 1604 646 ster senten. lib. i. distinctione. xxix. ca. Deinde. Qua ergo notione est pater, ea filii principium dicitur. i
180 635 1599 690 generatione. Et cap. Vnum autem. dicit sic. Sane intelligi potest & patrem & filium eadem no-
187 680 1595 732 tione vel relatione dici principium spiritus sancti. vbi multum de hac materia per totam distinctio
182 714 1592 777 nem. Quartum est, quod cum dicitur quod pater & filius spirant spntum sanctum vt sunt vnum id e. vnus deus: li
186 757 1595 823 cet in libro de spiritu sancto hoc dicat Anselmus, non exprimitur praecisa ratio vnitatis patris & filii in spi
187 810 1604 874 rando spnitum sanctum: quoniam illud in quo sunt vnum, si praecise exprimatur, oportet quod exprimatur sub ratione
173 860 1608 915 respectus qui soli patri & filio conuenit. Deus autem etsi supponat pro relatiuis suppositis, tamen non si-
177 902 1602 961 gnificat aliquid sub ratione relationis: & cum hoc non significat essentiam vt praecise convenit patri & filio: sed
176 947 1605 1007 etiam vt convenit spiritui sancto. Propter quod etiam cu dicitur quod spirant vt vnum id i. vnum principium, non
179 984 1601 1045 exprimitur praecisa ratio vnitatis eorum in spirando spinitum sanctum: quia etsi principium significat
181 1030 1607 1094 essentiam sub ratione relationis: non tamen praecise illius qua pater & filius referuntur ad spiritum
175 1071 1596 1138 sanctum: sed generaliter qua pater refertur ad filium, & ambo ad spiritum sanctum, & tota trini-
169 1113 1604 1180 tas ad creaturas: & etiam vna creatura ad aliam. Vnde quia Anselmus ponit praecisam rationem spi-
179 1161 1605 1225 randi spiritum sanctum in patre & filio quod sunt vnus deus: per hoc probat quod oportet quod spiritus san
170 1207 1604 1257 ctus sit de filio aut econuerso aequali necessitate qua pater est de filio & econuerso: & similiter spiritus
170 1248 1590 1319 sanctus de patre aut econuerso. Et manifestum est quod non tenent de forma argumenti. Si enim aliquis
173 1298 1589 1353 dicat quod spiritus sanctus non procedat ratione deitatis simpliciter: sed solum vt est sub ratione no
167 1344 1595 1404 tionis relatiuae: & illa ponatur esse in solo patre: sicut est notio generationis actiuae, & cum hoc dicat quod
170 1379 1596 1450 illae duae notiones in patre nullum habent ordinem inter se: talis potest concedere quod necesse est a pa
175 1434 1595 1485 tre procedere filium & spiritum sanctum: ita tamen quod neuter ab altero, non obstantibus rationi
170 1470 1590 1533 bus Anselmus vt patet inspicienti. Vnde si consimiles quaestiones fierent de patre respectu filii & spiri
167 1523 1593 1589 tus sancti, vtrum produceret eos vt est vnus, an plures, respondendum esset vt prius: quod ipse
169 1567 1592 1630 qui produceret eos, esset vnus. Si vero quaereretur vtrum produceret eos vt est vnum, an vt est
165 1612 1599 1664 plura: Dicendum quod vt est vna essentia sicut prius: sed vt sub rationibus diuersarum relationum
171 1654 1593 1718 siue proprietatum. Si vero quaeratur an procedunt ab eo vt ab vno principio, an vt a pluribus: Di-
174 1704 1599 1752 cendum quod vt ab vno, ratione vnitatis essentiae: licet sub diuersis rationibus relationum: ita quod si pa
168 1744 1598 1803 ter diceretur esse plura principia: pluralitas diuinarum essentiarum implicaretur esse in ipso. Vn
165 1785 1596 1850 de de vnitate principii patris & filii respectu spiritus sancti dicit Anselmus de processione spiritus
162 1830 1596 1886 sancti. Sicut non credimus spcnitum sanctum esse de hoc vnde duo sunt pater & filius: sed de hoc in quo
167 1870 1590 1944 sunt vnum: ita non dicimus duo esse eius principia sed vnum principium: si tamen debeat dici de
160 1913 1584 1985 us habere principium. Principium nanque videtur non nisi rei incipientis esse. Propter quod innuit quod non
160 1964 1595 2026 sumuntur omnia in diuinis vniuoce secundum modum quo vsitantur in creaturis: sed eminentio-
168 2008 1590 2068 rii. vnde subdit. Si tamen ineffabili quodam modo intelligatur, quoniam aliter proferri nequit, non incon
167 2055 1582 2108 grue potest dici principium. Sed est intelligendum dictum illud Anselmi de hoc in quo sunt vnum
159 2103 1586 2165 non absolute: sed solum ratione respectus. Propter quod etiam nomen principii respectum importat. secun-
161 2143 1583 2206 dum quod dicit Augustinus v. de triniitate. cap. xiii. Dicitur relatiue pater: idemque relatiue dicitur principium.
161 2184 1589 2251 & cap. xiiii. Eatendum est patrem & filium esse principium spiritus sancti non duo principia: sed
170 2223 1592 2290 sicut pater & filius vnus deus, & ad creaturam dicitur vnus creator & vnus deus: sic relatiue ad
159 2268 1590 2333 spiritum sanctum vnum principium: ad creaturam vero pater & filius & spiritus sanctus vnum
170 2323 1586 2383 principium: sicut vnus creator & vnus deus. ⁋ Quia arguitur iuxta hoc: si pater & filius es-
167 2355 1591 2430 sent vnum principium spiritus sancti, aut ergo vnum principium quod est pater, aut quod non
156 2412 1580 2474 est pater: Dicendum quod vtrunque praecise & separatim loquendo negandum est vt procedit obie-
156 2447 1583 2521 ctio: sed vtrunque concedendum est coniunctim: quia pater & filius vnum sunt principium spi-
153 2493 1576 2555 ritus sancti quod est pater pro vno, & quod non est pater pro alio: quia relatio quae includitur
163 2536 1589 2611 in nomine principii: non est determinata ad vnam singularem vel communem aut ad plures:
158 2587 1584 2653 nec principium determinate supponit pro aliquo suppositorum: vt dictum est: licet determine-
152 2628 1587 2699 tur per adiunctum. ⁋ Ad vndecimum: quod si spiritus sanctus procedit ab vtroque, aut ergo vt ab
165 2671 1592 2752 vno spiratore: aut vt a duobus: Dicendum quod in hoc argumento non solum diuersi contrarian-
