2017 3304
423 287 1917 360 tur inter se: immo ex magnis doctoribus idem contrariatur sibiipsi: qui dixit super. i. Sent. quod actus
429 350 1904 398 recipit numerum a suppositis: actus autem significatur & in verbo, & in participio, & in nomine vere
428 383 1916 455 bali: & ideo non possumus dicere quod pater & filius spiret spiritum sanctum: vel quod sint spirans, vel
430 435 1905 501 quod sint spirator: sed quod spirant & quod sint spirantes & quod sint spiratores: quamuis sit vnus actus quo spirant. In
441 485 1905 538 prima autem parte summae suae repetit eandem sententiam dicens. Pater & filius licet sint vnum prin-
431 524 1908 590 cipium spiritus sancti: sunt tamen duo spiratores propter distinctionem suppositorum, sicut duo spi
425 576 1908 634 rantes: quia actus referuntur ad supposita. Reuocando autem dictum suum in hoc, statim dicit con
434 623 1907 680 trarium subdens. Sed melius dicendum videtur quod quia spirans adiectiuum est, spirator vero sub
438 669 1915 728 stantiuum, possumus dicere quod pater & filius sunt duo spirantes propter pluralitatem supposi-
431 715 1906 772 torum: non autem duo spiratores propter vnam spirationem. ⁋ Postmodum autem superuenit qui-
437 765 1906 815 dam alius, qui detestans dictam contrarietatem super id eis. senten. scripsit sic. In hac quaestione iidem
422 804 1904 869 sibiipsis contrariantur: nam cum prius dixissent patrem & filium esse plures spiratores: postea di-
437 859 1919 912 xerunt esse melius dicendum, quod pater & filius sunt vnus spirator. Vbi continuo subdit dicens, &
437 909 1923 956 bene, quod tota causa quare nos dubitamus concedere patrem & filium esse plures spiratores, est quia
433 954 1910 1009 sicut vna est potentia spirandi in patre & filio: ita est vna potentia creandi in tribus personis: sed pro
434 1000 1907 1055 pter vnitatem potentiae creandi dicuntur omnes tres personae vnus creator: ergo propter vnita-
429 1047 1911 1097 tem potentiae spirandi, pater & filius debent dici vnus spirator. Huius autem varietatis quod tres per
428 1090 1914 1144 sonae dicuntur vnus creator, duae autem non dicuntur vnus spirator, rationem subdit dicens: quod sicut
426 1129 1926 1191 tres personae non creant in eo quod plures: sed in eo quod vniuntur in aliquo absoluto, puta in deitate: ita
434 1187 1922 1241 pater & filius non spirant in eo quod plures, sed in eo quod vniuntur in aliquo absoluto: sed hoc aliter &
429 1232 1930 1286 aliter: nam prout tres creant sunt vnum in deitate, ita quod ipsa deitas creat: sed duo non sunt
441 1278 1919 1331 vnum in deitate vt deitas spiret. Vt igitur dicit, ratione deitatis cui competit creare, non autem
441 1317 1925 1379 spirare, potuerunt plures personae dici vnus creator, non autem vnus spirator. Sed manifestum
435 1368 1919 1428 est ex supra determinatis circa diuinas actiones in generali, quod principium diuinae actionis vt agens
441 1418 1920 1474 a qua emanat, non potest esse diuina essentia: licet sit ratio eliciendi omnes: sed solum suppositum
431 1461 1917 1521 subsistens. forma enim rei non agit: sed habens formam agit per formam. Vnde nec actum intelligendi
443 1509 1925 1562 (de quo magis videtur) attribuit philosophus animae coniunctae sed composito: non enim differt (secundum
437 1558 1920 1613 quod dicit) dicere animam intelligere, & texere, aut aedificare. Etsi ergo plures vt plures non creant: vel
431 1603 1923 1655 spirant: sed solum secundum quod vniuntur in vno, scilicet in deitate: non tamen (secundum quod iam
441 1653 1921 1705 declaratum est) vt in penitus absoluta: sed sub ratione alicuius respectus. Non plus tamen actus crean-
429 1693 1929 1751 di poterit attribui essentiae diuinae: dicendo quod essentia creat: quam actus spirandi dicendo quod essentia spi
438 1737 1928 1799 rat: licet de creare validior sit apparentia: eo quod essentia est ratio creandi in tribus personis: non autem
433 1791 1917 1845 ratio spirandi nisi in duabus. Vnde si alicubi propterea inuenitur quod creatrix dicatur essentia: aut quod
447 1834 1914 1885 creat: exponendus est sermo vt essentia stet improprie pro eo cuius est. Aliam ergo rationem diuer
434 1878 1915 1932 sae praedicationis creatoris in singulari de tribus, & spiratoris in plurali de duobus, oportet assignare,
439 1926 1918 1981 quae non solum ostendat rationem quare sic possit esse: sed quare sic & non aliter debeat esse. ⁋ Ad
434 1975 1910 2023 cuius intellectum sciendum est: quod licet nomina verbalia eundem actum significent quem verba &
434 2020 1905 2076 participia: vt aedificator & aedificans: creator & creans: spirator & spirans: alio tamen & alio mo-
430 2062 1924 2121 do significant ipsum: quoniam verbum & participium significant ipsum vt actu egreditur ab agen
441 2116 1908 2173 te: nomen autem verbale vt solum ab ipso egreditur etiam habitu. Aedificator enim aptus est aedi-
425 2156 1921 2206 ficare: etsi non actu aedificet. Aedificans autem non est, nisi actu aedificet. Et similiter in diuinis: quamuis
434 2203 1918 2259 ibi actus vt est intra non distet ab habitu: nomen tamen verbale de ratione sua non indicat nisi agen-
437 2257 1920 2310 tem habitu: secundum quod spirans non est nisi a quo actu emanat actus spirandi: spirator autem et
427 2304 1912 2350 si semper sit in actu spirandi: nomen tamen hoc non indicat nisi spirantem habitu. & secundum hoc verbum &
427 2346 1921 2398 participium aliter comparantur ad agere debentem: siue aliter respiciunt ipsum: & nomen verbale. Cum enim (vt
431 2392 1919 2446 supra determinatum est) actus vt est in agere per se sit suppositi: verbum & participium nominant actum vt per
436 2435 1909 2487 se respicientem suppositum prout suppositum est. Propter quod generaliter ad plurificationem sup
428 2487 1905 2546 positi sequitur in praedicatione plurificatio in consignificatione pluralis numeri verbi & partici-
431 2526 1915 2593 pii: vt infra declarabitur loquendo de modo loquendi de deo. Nomen autem verbale quia signifi-
441 2579 1905 2633 cat actum in habitu qui semper per se respicit vim elicitiuam actus, non autem suppositum: non enim di
428 2620 1914 2681 citur aedificator nisi qui habet vim & potentiam aedificandi secundum quam aptus est huiusmodi
434 2671 1905 2729 actum elicere: idcirco non generaliter ad plurificationem suppositi sequitur in praedicatione pluri
424 2715 1914 2778 ficatio in consignificatione numeri pluralis huiusmodi nominum: sed quandoque sic, quandoque non Ad cognoscendum
434 2759 1918 2822 autem quando sic & quando non, est aduertendum ex parte ipsius virtutis vel rationis agendi eli
422 2804 1925 2878 citiuae actus. Aut enim ipsa est diuersa in diuersis: & tunc generaliter nomen verbale pluraliter
