2017 3252
117 284 177 83 alicuius
250 284 88 83 ab
294 284 118 83 alio
368 284 192 83 absolute:
515 284 177 83 priuatio
648 284 133 83 autem
737 284 133 83 notat
825 284 265 83 possibilitatem
1046 284 162 83 essendi
1164 284 118 83 eius
1238 284 118 83 quod
1312 284 177 83 priuatur
1445 284 88 83 in
1489 284 177 83 subiecto
1607 284 44 83 a

125 351 98 64 quo
181 351 182 64 priuatur,
321 351 168 64 secundum
447 351 224 64 Philosophum.
630 351 126 64 iiii.
714 351 238 64 Metaphysicae.
910 351 84 64 Et
952 351 98 64 sic
1008 351 140 64 iterum
1106 351 140 64 dictum
1204 351 182 64 Augustini
1345 351 98 64 est
1401 351 140 64 verum,
1499 351 140 64 filius
1583 351 70 64 non

127 410 158 51 genuit
238 410 110 51 non
301 410 126 51 quia
380 410 110 51 non
443 410 173 51 potuit,
569 410 110 51 sub
632 410 110 51 hoc
695 410 142 51 sensu
790 410 126 51 quem
868 410 142 51 ponit
963 410 189 51 Magister
1105 410 252 51 sententiarum
1310 410 158 51 primo:
1420 410 110 51 non
1484 410 95 51 ex
1515 410 142 51 impoten

124 450 98 59 tia
180 450 98 59 sua
236 450 112 59 fuit
306 450 112 59 quod
376 450 140 59 filius
474 450 98 59 non
529 450 154 59 genuit:
641 450 112 59 quod
711 450 112 59 bene
781 450 168 59 ostendit
907 450 168 59 deductio
1033 450 182 59 rationis:
1173 450 98 59 sed
1229 450 112 59 quia
1298 450 98 59 non
1354 450 196 59 oportuitid
1508 450 84 59 i,
1550 450 98 59 non
1592 450 56 59 ei

119 491 237 52 conveniebat:
311 491 103 52 hoc
371 491 103 52 est
430 491 103 52 non
489 491 222 52 conueniebat
666 491 118 52 suae
740 491 237 52 proprietati:
932 491 74 52 &
962 491 118 52 ideo
1036 491 103 52 non
1095 491 163 52 potuit.
1213 491 133 52 sicut
1302 491 148 52 filius
1405 491 103 52 non
1465 491 148 52 potest
1553 491 89 52 esse

131 540 137 56 pater
222 540 107 56 non
283 540 152 56 vtique
390 540 91 56 ex
435 540 152 56 aliqua
542 540 228 56 impotentia,
725 540 107 56 sed
786 540 91 56 ex
831 540 228 56 proprietate
1014 540 228 56 natiuitatis
1197 540 107 56 qua
1258 540 183 56 oportuit
1395 540 107 56 eum
1456 540 107 56 non
1517 540 122 56 esse
1578 540 76 56 pa-

126 584 121 60 trem
201 584 106 60 sed
262 584 151 60 filium
368 584 166 60 tantum.
489 584 121 60 Vnde
564 584 91 60 in
610 584 166 60 diuinis
731 584 166 60 aliquid
852 584 106 60 non
912 584 197 60 oportere,
1063 584 106 60 vel
1124 584 106 60 non
1184 584 166 60 congrue
1305 584 151 60 fieri,
1411 584 106 60 vel
1472 584 106 60 non
1517 584 136 60 conueni

119 630 84 55 re
161 630 84 55 vt
203 630 126 55 fiat,
287 630 112 55 idem
357 630 98 55 est
413 630 112 55 quod
483 630 168 55 oportere
610 630 98 55 vel
666 630 182 55 congruere
806 630 98 55 non
862 630 140 55 fieri,
960 630 70 55 &
988 630 98 55 ita
1044 630 112 55 quod
1114 630 210 55 impossibile
1283 630 98 55 sit
1339 630 140 55 fieri.
1437 630 98 55 Sed
1493 630 154 55 ponendo
1591 630 56 55 po

119 683 167 55 tentiam
241 683 107 55 non
301 683 122 55 esse
378 683 228 55 substantiam
560 683 107 55 nec
621 683 198 55 econuerso
773 683 122 55 nisi
849 683 107 55 sub
910 683 167 55 ratione
1032 683 213 55 respectus,
1200 683 107 55 ita
1260 683 122 55 quod
1337 683 107 55 sub
1397 683 122 55 alio
1474 683 183 55 respectu
1595 683 46 55 &

124 723 114 59 alio
195 723 128 59 eadem
280 723 199 59 substantia
436 723 114 59 bene
507 723 99 59 est
564 723 114 59 alia
635 723 71 59 &
664 723 114 59 alia
735 723 185 59 potentia:
877 723 99 59 non
934 723 142 59 refert
1033 723 142 59 dicere
1133 723 142 59 filium
1232 723 128 59 posse
1317 723 185 59 generare,
1459 723 114 59 &que
1530 723 85 59 in
1559 723 85 59 ipso

129 770 100 56 sit
186 770 172 56 potentia
315 770 115 56 quae
387 770 100 56 est
444 770 86 56 ad
487 770 186 56 generare:
630 770 100 56 nec
687 770 143 56 refert
788 770 172 56 quaerere
916 770 86 56 an
959 770 143 56 filius
1060 770 143 56 possit
1160 770 186 56 generare,
1303 770 72 56 &
1332 770 86 56 an
1375 770 86 56 in
1418 770 129 56 filio
1504 770 100 56 sit
1547 770 100 56 poten

126 820 100 51 tia
183 820 85 51 ad
225 820 128 51 actum
311 820 199 51 generandi,
467 820 114 51 quia
538 820 171 51 loquendo
666 820 85 51 de
709 820 114 51 tali
780 820 185 51 potentia,
922 820 213 51 cuiuscunque
1093 820 100 51 est
1150 820 185 51 potentia,
1292 820 114 51 eius
1363 820 100 51 est
1420 820 71 51 &
1449 820 128 51 actus
1534 820 114 51 sibi
1591 820 57 51 re

128 861 189 63 spondens,
274 861 102 63 nec
332 861 102 63 est
391 861 175 63 potentia
522 861 87 63 in
566 861 146 63 aliquo
668 861 117 63 nisi
740 861 102 63 sit
799 861 262 63 applicabilitas
1017 861 117 63 eius
1090 861 87 63 ad
1134 861 131 63 actum
1221 861 87 63 in
1265 861 146 63 eodem.
1367 861 87 63 Et
1411 861 102 63 sic
1469 861 131 63 circa
1542 861 102 63 dicta

113 905 88 53 in
157 905 161 53 ratione
275 905 132 53 nulla
363 905 103 53 est
421 905 235 53 difficultas:
612 905 161 53 quoniam
729 905 132 53 sicut
817 905 147 53 filius
920 905 103 53 non
978 905 147 53 potest
1081 905 176 53 generare
1213 905 103 53 sed
1272 905 191 53 generari,
1418 905 103 53 sic
1477 905 103 53 nec
1536 905 88 53 in
1565 905 88 53 ipso

118 958 92 53 est
170 958 158 53 potentia
289 958 105 53 quae
354 958 92 53 est
407 958 79 53 ad
446 958 171 53 generare,
577 958 92 53 sed
630 958 105 53 quae
696 958 92 53 est
748 958 79 53 ad
788 958 171 53 generari,
919 958 66 53 &
945 958 118 53 habet
1024 958 118 53 pater
1103 958 144 53 aliquam
1208 958 171 53 potentiam
1339 958 105 53 quam
1405 958 92 53 non
1457 958 118 53 habet
1523 958 118 53 filius,

113 1000 99 52 nec
170 1000 99 52 est
226 1000 128 52 eadem
311 1000 170 52 potentia
439 1000 156 52 penitus
552 1000 85 52 in
595 1000 128 52 patre
680 1000 99 52 qua
737 1000 142 52 potuit
836 1000 128 52 pater
921 1000 170 52 gignere,
1049 1000 71 52 &
1077 1000 85 52 in
1119 1000 128 52 filio
1204 1000 99 52 qua
1261 1000 142 52 potuit
1360 1000 142 52 filius
1460 1000 142 52 gigni:
1545 1000 99 52 sicut

122 1050 88 54 nec
173 1050 100 54 sunt
235 1050 100 54 idem
298 1050 138 54 gignere
399 1050 63 54 &
424 1050 126 54 gigni,
511 1050 75 54 vt
549 1050 88 54 non
599 1050 88 54 sit
650 1050 151 54 dicendum
763 1050 100 54 quod
825 1050 113 54 eadem
901 1050 151 54 potentia
1014 1050 100 54 quae
1076 1050 88 54 est
1126 1050 75 54 in
1164 1050 126 54 patre,
1252 1050 88 54 est
1302 1050 63 54 &
1327 1050 75 54 in
1365 1050 126 54 filio,
1453 1050 113 54 licet
1528 1050 75 54 ad
1553 1050 88 54 alium

128 1096 119 53 actum,
211 1096 95 53 quia
271 1096 95 53 esse
330 1096 71 53 ad
366 1096 107 53 alium
437 1096 107 53 actum
509 1096 83 53 sub
556 1096 95 53 alio
616 1096 155 53 respectu,
735 1096 83 53 est
782 1096 95 53 esse
842 1096 107 53 aliam
913 1096 167 53 potentiam.
1044 1096 95 53 Quia
1104 1096 71 53 ei
1139 1096 155 53 potentiae
1258 1096 202 53 distinguuntur
1425 1096 83 53 per
1472 1096 107 53 actus
1532 1096 107 53 secundu

109 1138 205 49 Philosophum,
276 1138 90 49 hoc
327 1138 115 49 solum
404 1138 115 49 facit
481 1138 103 49 quod
545 1138 154 49 potentia
660 1138 90 49 sit
711 1138 115 49 alia,
788 1138 90 49 qud
840 1138 154 49 scilicet
955 1138 90 49 est
1006 1138 77 49 ad
1045 1138 115 49 alium
1122 1138 128 49 actum.
1237 1138 77 49 Ad
1275 1138 128 49 formam
1365 1138 103 49 vero
1429 1138 90 49 arg
1468 1138 179 49 respondendum

118 1185 89 58 est
169 1185 114 58 sicut
245 1185 114 58 prius
322 1185 153 58 secundum
436 1185 165 58 Magistrum
563 1185 216 58 sententiarum.
741 1185 76 58 Et
779 1185 114 58 sicut
856 1185 127 58 nullum
945 1185 89 58 est
996 1185 203 58 inconveniens
1161 1185 140 58 aliquam
1263 1185 165 58 potentiam
1390 1185 76 58 in
1428 1185 114 58 patre
1504 1185 102 58 esse
1568 1185 102 58 quae

121 1231 90 58 non
173 1231 90 58 est
224 1231 77 58 in
263 1231 129 58 filio,
353 1231 90 58 sic
404 1231 129 58 nullum
494 1231 90 58 est
546 1231 206 58 inconueniens
713 1231 142 58 aliquam
816 1231 103 58 esse
881 1231 206 58 proprietatem
1048 1231 129 58 patris
1138 1231 103 58 quae
1202 1231 90 58 non
1254 1231 90 58 est
1305 1231 129 58 filii,
1396 1231 77 58 vt
1434 1231 116 58 infra
1499 1231 154 58 videbitur.

116 1275 89 58 Et
161 1275 238 58 consimiliter
354 1275 104 58 non
414 1275 104 58 est
474 1275 119 58 ista
548 1275 253 58 distinguenda,
756 1275 149 58 filius
861 1275 104 58 non
920 1275 134 58 habet
1010 1275 194 58 potentiam
1159 1275 194 58 generandi
1307 1275 119 58 quam
1382 1275 134 58 habet
1471 1275 149 58 pater,
1561 1275 89 58 quia

120 1329 107 55 nec
181 1329 138 55 habet
273 1329 199 55 potentiam
426 1329 92 55 vt
472 1329 168 55 generet
594 1329 138 55 sicut
686 1329 153 55 pater,
793 1329 107 55 nec
855 1329 138 55 eadem
947 1329 184 55 potentia
1084 1329 107 55 est
1146 1329 107 55 qua
1207 1329 153 55 potest
1314 1329 168 55 gignere
1437 1329 77 55 &
1467 1329 123 55 ille
1528 1329 123 55 gigni,

116 1370 88 54 vt
160 1370 146 54 dictum
263 1370 117 54 est,
336 1370 161 54 quamuis
453 1370 176 54 Magister
585 1370 249 54 sententiarum.
790 1370 117 54 vii.
863 1370 234 54 distinctione
1053 1370 205 54 distinguat
1214 1370 117 54 eas.
1288 1370 117 54 Vnde
1361 1370 132 54 licet
1449 1370 88 54 in
1478 1370 161 54 argumento

125 1413 189 52 praedicto
271 1413 87 52 ad
314 1413 116 52 quod
387 1413 189 52 respondet
532 1413 174 52 Magister
663 1413 247 52 sententiarum,
866 1413 203 52 commutatur
1025 1413 87 52 ad
1069 1413 160 52 aliquid
1185 1413 87 52 in
1229 1413 131 52 quid,
1316 1413 87 52 si
1359 1413 131 52 tamen
1446 1413 102 52 sic
1490 1413 145 52 arguatur

126 1455 86 58 si
169 1455 144 58 filius
269 1455 101 58 non
327 1455 144 58 potest
427 1455 187 58 generare,
571 1455 115 58 ergo
643 1455 144 58 aliqua
743 1455 172 58 potentia
873 1455 101 58 non
930 1455 101 58 est
988 1455 86 58 in
1031 1455 129 58 filio
1117 1455 115 58 quae
1189 1455 101 58 est
1246 1455 86 58 in
1289 1455 144 58 patre:
1390 1455 158 58 diceret
1490 1455 144 58 Magister

124 1505 155 50 secundum
240 1505 168 50 opinionem
370 1505 181 50 praedictam
512 1505 103 50 quod
576 1505 90 50 non
628 1505 168 50 sequitur:
757 1505 90 50 sed
809 1505 103 50 quod
874 1505 90 50 hoc
925 1505 103 50 bene
990 1505 168 50 sequatur,
1119 1505 103 50 ergo
1184 1505 155 50 potentia
1300 1505 78 50 in
1339 1505 116 50 filio
1416 1505 90 50 non
1468 1505 90 50 est
1520 1505 78 50 ad
1546 1505 103 50 eundem

114 1557 122 53 actum
196 1557 81 53 ad
236 1557 108 53 quem
304 1557 95 53 est
358 1557 81 53 in
398 1557 135 53 patre:
493 1557 122 53 eadem
574 1557 122 53 tamen
655 1557 162 53 potentia
777 1557 108 53 quae
844 1557 95 53 est
899 1557 81 53 in
939 1557 122 53 patre
1020 1557 95 53 est
1074 1557 81 53 in
1115 1557 135 53 filio.
1209 1557 108 53 Quod
1277 1557 95 53 non
1331 1557 135 53 potest
1426 1557 135 53 stare.
1520 1557 95 53 Cum
1561 1557 81 53 enim

109 1596 97 57 (vt
165 1596 139 57 dictum
262 1596 111 57 est)
331 1596 97 57 non
387 1596 97 57 est
442 1596 194 57 substantia
595 1596 111 57 nisi
664 1596 83 57 vt
706 1596 97 57 est
761 1596 83 57 ad
803 1596 139 57 actum:
900 1596 69 57 &
928 1596 97 57 non
983 1596 97 57 est
1039 1596 208 57 determinata
1205 1596 166 57 potentia
1330 1596 111 57 nisi
1399 1596 97 57 sit
1455 1596 83 57 ad
1482 1596 153 57 determina

120 1648 78 57 tum
164 1648 111 57 actum:
242 1648 134 57 quamquam
343 1648 89 57 ergo
398 1648 100 57 eadem
465 1648 156 57 substantia
588 1648 89 57 quae
643 1648 78 57 est
688 1648 67 57 in
721 1648 100 57 patre
788 1648 78 57 sit
833 1648 67 57 in
866 1648 111 57 filio:
944 1648 67 57 si
978 1648 100 57 tamen
1045 1648 67 57 in
1078 1648 100 57 patre
1145 1648 78 57 est
1189 1648 67 57 ad
1223 1648 100 57 actum
1290 1648 89 57 quid
1345 1648 78 57 est
1390 1648 145 57 generare,
1501 1648 67 57 vt
1524 1648 111 57 scilicet

113 1697 89 53 ea
158 1697 133 53 pater
246 1697 177 53 generet,
379 1697 74 53 &
409 1697 118 53 ideo
482 1697 103 53 est
541 1697 89 53 in
586 1697 133 53 patre
674 1697 148 53 aliqua
778 1697 221 53 determinata
955 1697 192 53 potentia:
1102 1697 89 53 in
1147 1697 133 53 filio
1235 1697 133 53 autem
1324 1697 192 53 nequaquam
1472 1697 103 53 est
1531 1697 89 53 ad
1560 1697 74 53 eun

121 1740 105 51 dem
181 1740 151 51 actum,
287 1740 105 51 sed
347 1740 151 51 potius
452 1740 90 51 ad
497 1740 211 51 oppositum:
663 1740 90 51 in
708 1740 136 51 filio
799 1740 120 51 ergo
874 1740 105 51 non
934 1740 105 51 est
994 1740 136 51 eadem
1085 1740 181 51 potentia
1220 1740 120 51 quae
1296 1740 105 51 est
1356 1740 90 51 in
1401 1740 151 51 patre,
1506 1740 120 51 immo
1567 1740 75 51 fru

120 1785 116 51 stra
192 1785 131 51 esset
279 1785 87 51 in
323 1785 131 51 illo.
410 1785 145 51 lgitur
511 1785 116 51 bene
584 1785 131 51 tenet
670 1785 145 51 dictus
772 1785 189 51 processus
917 1785 87 51 ad
961 1785 160 51 aliquid
1077 1785 87 51 in
1120 1785 87 51 ad
1164 1785 174 51 aliquid.
1294 1785 145 51 etenim
1396 1785 131 51 licet
1468 1785 174 51 substantia

114 1825 98 64 non
170 1825 98 64 sit
226 1825 84 64 ad
268 1825 168 64 aliquid,
393 1825 112 64 quia
463 1825 126 64 tamen
547 1825 98 64 non
603 1825 168 64 convenit
728 1825 84 64 ei
770 1825 126 64 nomen
854 1825 182 64 potentiae
994 1825 112 64 nisi
1064 1825 84 64 vt
1105 1825 98 64 est
1161 1825 98 64 sub
1217 1825 168 64 respectu
1343 1825 98 64 qui
1399 1825 98 64 est
1454 1825 84 64 ad
1496 1825 168 64 aliquid,

117 1888 176 45 potentia
250 1888 103 45 est
308 1888 88 45 ad
352 1888 176 45 aliquid:
485 1888 73 45 &
514 1888 132 45 etiam
602 1888 103 45 cum
661 1888 103 45 hoc
720 1888 206 45 significat
881 1888 235 45 substantiam.
1072 1888 132 45 Sicut
1160 1888 118 45 enim
1234 1888 220 45 substantiam
1410 1888 118 45 esse
1483 1888 103 45 sub
1542 1888 103 45 vno
1586 1888 59 45 re

129 1918 145 65 pectu,
230 1918 101 65 non
288 1918 101 65 est
346 1918 130 65 ipsam
433 1918 116 65 esse
505 1918 101 65 sub
563 1918 116 65 alio
635 1918 188 65 respectu,
780 1918 101 65 sic
838 1918 203 65 substantia
997 1918 130 65 licet
1084 1918 203 65 omnifariam
1243 1918 101 65 sit
1301 1918 101 65 vna
1359 1918 72 65 &
1388 1918 130 65 eadem
1460 1918 174 65 substantia

114 1970 100 47 non
171 1970 129 47 tamen
257 1970 100 47 est
314 1970 100 47 vna
371 1970 171 47 potentia
499 1970 86 47 vt
542 1970 100 47 est
599 1970 100 47 sub
657 1970 100 47 vno
714 1970 171 47 respectu
842 1970 71 47 &
871 1970 100 47 sub
928 1970 129 47 alio,
1014 1970 100 47 sed
1071 1970 114 47 alia
1142 1970 71 47 &
1171 1970 129 47 alia.
1257 1970 100 47 Est
1314 1970 114 47 enim
1385 1970 171 47 secundum
1499 1970 129 47 aliquos

113 2016 214 48 substantia
281 2016 153 48 tracta
388 2016 92 48 ad
434 2016 229 48 relationem,
617 2016 138 48 licet
709 2016 107 48 non
770 2016 107 48 sit
831 2016 260 48 principaliter
1046 2016 184 48 relatio.
1183 2016 92 48 Et
1229 2016 184 48 secundum
1367 2016 122 48 hunc
1443 2016 138 48 modum
1520 2016 122 48 poten-

119 2059 119 63 tiae
193 2059 149 63 filius
297 2059 104 63 per
357 2059 297 63 impossibilitatem
609 2059 193 63 excusatur
758 2059 89 63 ne
802 2059 149 63 possit
906 2059 193 63 generare,
1055 2059 104 63 non
1114 2059 119 63 quae
1188 2059 104 63 est
1248 2059 193 63 defectus,
1396 2059 163 63 sumendo
1500 2059 134 63 impossi

116 2107 191 58 bilitatem
263 2107 206 58 priuatiue:
425 2107 206 58 omnipotens
587 2107 118 58 enim
661 2107 103 58 per
720 2107 132 58 talem
808 2107 294 58 impossibilitatem
1058 2107 74 58 a
1088 2107 132 58 nullo
1176 2107 118 58 actu
1249 2107 147 58 potest
1352 2107 191 58 excusari:
1500 2107 103 58 sed
1544 2107 88 58 quae

115 2165 109 43 est
178 2165 187 43 conditio
318 2165 187 43 naturae,
458 2165 171 43 sumendo
582 2165 311 43 impossibilitatem
847 2165 202 43 negatiue.
1003 2165 140 43 Licet
1096 2165 125 43 enim
1174 2165 156 43 filius
1283 2165 109 43 non
1345 2165 140 43 habet
1439 2165 156 43 omnino
1532 2165 109 43 poten

120 2200 120 53 tiam
195 2200 196 53 generandi
346 2200 166 53 actiue,
466 2200 105 53 hoc
527 2200 105 53 non
587 2200 105 53 est
647 2200 90 53 ex
692 2200 151 53 aliqua
798 2200 211 53 impotentia
963 2200 181 53 defectus
1099 2200 90 53 in
1144 2200 136 53 illo,
1234 2200 105 53 sed
1295 2200 120 53 quia
1370 2200 105 53 non
1430 2200 181 53 congruit
1551 2200 90 53 omni

114 2244 115 48 no:
179 2244 131 48 immo
261 2244 263 48 contrariatur
475 2244 115 48 suo
540 2244 131 48 modo
622 2244 197 48 essendi,
770 2244 98 48 vt
819 2244 164 48 dictum
934 2244 131 48 est.
1016 2244 181 48 Quomodo
1148 2244 148 48 autem
1246 2244 115 48 non
1312 2244 197 48 repugnat
1443 2244 197 48 omnipoten-

123 2296 112 50 tiae
193 2296 126 50 filii
277 2296 112 50 quod
347 2296 98 50 non
403 2296 98 50 est
459 2296 84 50 in
501 2296 84 50 eo
543 2296 140 50 aliqua
641 2296 168 50 potentia
767 2296 112 50 quae
837 2296 98 50 est
893 2296 84 50 in
935 2296 140 50 patre,
1033 2296 168 50 inferius
1159 2296 196 50 videbitur.
1313 2296 98 50 Hoc
1369 2296 126 50 autem
1453 2296 112 50 modo
1509 2296 126 50 loquen-

117 2335 85 63 do
159 2335 85 63 de
202 2335 171 63 potentia
330 2335 85 63 in
373 2335 114 63 illo
444 2335 128 63 dicto
530 2335 199 63 Augustinus
686 2335 142 63 Eilius
786 2335 100 63 non
843 2335 142 63 genuit
943 2335 100 63 non
1000 2335 114 63 quia
1071 2335 100 63 non
1128 2335 157 63 potuit:
1242 2335 157 63 negatio
1355 2335 85 63 in
1398 2335 85 63 eo
1441 2335 114 63 quod
1498 2335 128 63 dicitur

127 2384 99 53 non
183 2384 155 53 potuit,
296 2384 99 53 non
353 2384 155 53 ponitur
465 2384 113 53 nisi
536 2384 197 53 priuatiue.
691 2384 99 53 Sic
747 2384 113 53 enim
818 2384 113 53 ista
889 2384 99 53 est
945 2384 141 53 falsa,
1044 2384 141 53 filius
1142 2384 99 53 non
1199 2384 141 53 potuit
1298 2384 183 53 generare,
1439 2384 85 53 vt
1481 2384 99 53 iam
1523 2384 113 53 dictum

123 2434 115 54 est.
195 2434 173 54 Negatiue
324 2434 130 54 autem
411 2434 115 54 illa
483 2434 216 54 simpliciter
656 2434 101 54 est
713 2434 130 54 vera,
800 2434 144 54 filius
900 2434 101 54 non
958 2434 144 54 potuit
1059 2434 187 54 generare,
1203 2434 101 54 nec
1261 2434 130 54 habet
1347 2434 115 54 nisi
1419 2434 144 54 sensum
1505 2434 130 54 vnicum,

122 2479 116 57 quia
195 2479 131 57 negat
283 2479 189 57 potentiam
428 2479 233 57 simpliciter,
617 2479 87 57 vt
661 2479 146 57 dictum
763 2479 116 57 est.
836 2479 73 57 &
865 2479 102 57 sic
923 2479 87 57 in
967 2479 131 57 sensu
1054 2479 189 57 priuatiuo
1199 2479 116 57 illa
1272 2479 218 57 simpliciter
1447 2479 102 57 est
1505 2479 131 57 vera,
1578 2479 58 57 si

121 2521 122 57 lius
197 2521 106 57 non
258 2521 152 57 genuit
364 2521 106 57 non
425 2521 122 57 quia
501 2521 106 57 non
561 2521 167 57 potuit,
683 2521 106 57 sed
744 2521 122 57 quia
820 2521 106 57 non
881 2521 198 57 oportuit,
1032 2521 91 57 vt
1078 2521 152 57 dictum
1184 2521 122 57 est.
1291 2521 91 57 Ad
1336 2521 182 57 quartum:
1473 2521 122 57 quod
1534 2521 91 57 per-

106 2572 125 55 sona
184 2572 172 55 emanans
309 2572 141 55 nihil
403 2572 172 55 derogat
528 2572 203 55 potentiae
684 2572 125 55 eius
762 2572 78 55 a
793 2572 109 55 qua
856 2572 172 55 emanat,
981 2572 78 55 &
1012 2572 109 55 sic
1074 2572 125 55 post
1153 2572 234 55 emanationem
1340 2572 141 55 vnius
1434 2572 187 55 personae
1559 2572 62 55 po

108 2614 114 57 test
179 2614 157 57 emanare
293 2614 114 57 alia
364 2614 214 57 consimilis:
535 2614 171 57 Dicendum
663 2614 114 57 quod
735 2614 100 57 non
792 2614 100 57 est
849 2614 142 57 verum.
948 2614 100 57 Nec
1005 2614 100 57 hoc
1062 2614 171 57 prouenit
1190 2614 85 57 ex
1233 2614 142 57 aliqua
1333 2614 214 57 derogatione
1504 2614 128 57 facta
1575 2614 57 57 po

116 2662 168 57 tentiae
238 2662 122 57 eius
314 2662 76 57 a
344 2662 107 57 quo
405 2662 168 57 emanat,
527 2662 183 57 secundum
664 2662 122 57 quod
740 2662 137 57 tamen
832 2662 198 57 processit
984 2662 198 57 obiectio:
1136 2662 107 57 sed
1197 2662 152 57 potius
1304 2662 183 57 prouenit
1441 2662 91 57 ex
1487 2662 152 57 ipsius
1578 2662 61 57 po

120 2707 169 49 tentiae
242 2707 245 49 perfectione,
442 2707 107 49 qua
503 2707 138 49 semel
595 2707 199 49 diffundit
748 2707 92 49 se
794 2707 92 49 in
840 2707 138 49 actum
933 2707 199 49 perfectum
1086 2707 77 49 &
1117 2707 245 49 permanentem,
1316 2707 77 49 &
1347 2707 92 49 in
1393 2707 199 49 perfectam
1531 2707 107 49 produ

107 2751 164 49 ctionem
226 2751 179 49 personae
361 2751 104 49 per
420 2751 149 49 illum.
525 2751 119 49 Quia
599 2751 119 49 enim
674 2751 90 49 ex
719 2751 179 49 potentia
853 2751 134 49 eadem
943 2751 134 49 actus
1032 2751 209 49 iterantur,
1196 2751 104 49 hoc
1256 2751 104 49 non
1316 2751 194 49 contingit
1465 2751 119 49 nisi
1539 2751 90 49 ex
1569 2751 60 49 de

111 2798 124 62 fectu
194 2798 193 62 potentiae,
346 2798 110 62 quod
414 2798 165 62 scilicet
538 2798 124 62 semel
621 2798 96 62 non
676 2798 179 62 diffundit
814 2798 83 62 se
855 2798 83 62 in
897 2798 124 62 actum
979 2798 179 62 perfecte,
1117 2798 83 62 vt
1159 2798 110 62 quod
1228 2798 96 62 non
1283 2798 207 62 consequitur
1448 2798 83 62 in
1489 2798 124 62 vnico
1558 2798 83 62 actu
