2017 2454
855 185 112 62 sancti.
936 185 61 62 Et
967 185 71 62 sic
1008 185 61 62 ad
1038 185 173 62 declarationem
1181 185 153 62 quaestionis
1303 185 51 62 &
1323 185 173 62 dissolutionem
1466 185 122 62 rationis
1558 185 122 62 dicendum
1650 185 71 62 est
1690 185 82 62 quod
1741 185 92 62 actus
1802 185 143 62 notionales
1904 185 41 62 ge

849 243 114 39 nerandi
932 243 52 39 &
952 243 125 39 spirandi
1046 243 73 39 non
1087 243 135 39 fundantur
1191 243 62 39 in
1222 243 114 39 actibus
1305 243 176 39 essentialibus
1451 243 166 39 intelligendi
1586 243 52 39 &
1606 243 125 39 volendi,
1700 243 62 39 vt
1731 243 156 39 simpliciter
1845 243 104 39 conside-

844 272 107 45 rantur:
922 272 68 45 sed
961 272 88 45 solum
1020 272 117 45 secundum
1107 272 78 45 quod
1156 272 97 45 habent
1224 272 78 45 esse
1273 272 58 45 in
1302 272 146 45 determinata
1419 272 117 45 persona.
1507 272 88 45 Actus
1565 272 78 45 enim
1614 272 127 45 generandi
1711 272 68 45 non
1750 272 117 45 fundatur
1838 272 88 45 super
1887 272 68 45 actum

854 306 150 45 intelligendi
976 306 75 45 nisi
1023 306 56 45 vt
1051 306 141 45 specialiter
1164 306 94 45 patris
1230 306 75 45 est:
1277 306 75 45 quia
1324 306 56 45 in
1352 306 75 45 ipso
1399 306 66 45 non
1437 306 122 45 radicatur
1531 306 141 45 foecunditas
1644 306 132 45 generatiua
1747 306 75 45 nisi
1794 306 113 45 secundum
1879 306 75 45 quod
1916 306 38 45 ha

844 342 70 41 bet
884 342 80 41 esse
934 342 70 41 sub
974 342 149 41 proprietate
1093 342 139 41 primitatis
1203 342 90 41 pris:
1263 342 130 41 similiter
1362 342 90 41 neque
1422 342 90 41 actus
1482 342 120 41 spirandi
1571 342 90 41 super
1631 342 90 41 actum
1691 342 110 41 volendi
1771 342 80 41 nisi
1820 342 60 41 vt
1850 342 70 41 est
1880 342 70 41 commu

840 375 88 39 niter
899 375 97 39 patris
967 375 49 39 &
986 375 97 39 filii:
1054 375 78 39 quia
1103 375 58 39 in
1132 375 78 39 ipso
1181 375 68 39 non
1220 375 127 39 radicatur
1317 375 146 39 foecunditas
1434 375 136 39 spiratiua,
1541 375 78 39 nisi
1590 375 117 39 secundum
1677 375 78 39 quod
1726 375 88 39 habet
1785 375 78 39 esse
1833 375 68 39 sub
1862 375 88 39 communi

846 411 109 44 ratione
925 411 139 44 principii,
1035 411 79 44 quam
1084 411 99 44 habent
1154 411 89 44 pater
1213 411 50 44 &
1233 411 99 44 filius
1302 411 119 44 respectu
1392 411 119 44 spiritus
1481 411 109 44 sancti.
1560 411 79 44 Vnde
1610 411 89 44 super
1669 411 89 44 actum
1729 411 169 44 intelligendi,
1868 411 60 44 vt
1888 411 69 44 filii

841 447 65 35 est
878 447 65 35 aut
915 447 112 35 spiritus
1000 447 103 35 sancti,
1074 447 84 35 nullo
1130 447 75 35 modo
1177 447 112 35 fundatur
1261 447 84 35 actus
1317 447 131 35 generandi:
1420 447 84 35 neque
1476 447 84 35 super
1532 447 84 35 actum
1588 447 112 35 volendi,
1673 447 56 35 vt
1701 447 65 35 est
1738 447 112 35 spiritus
1822 447 103 35 sancti,
1888 447 65 35 actus

846 480 129 45 spirandi.
946 480 100 45 Aliter
1015 480 80 45 enim
1065 480 159 45 sequaerentur
1194 480 179 45 inconvenientia
1344 480 119 45 conclusa
1433 480 60 45 in
1463 480 139 45 argumento,
1573 480 60 45 vt
1603 480 90 45 patet
1662 480 159 45 inspicienti.
1792 480 50 45 â‹
1812 480 60 45 Ad
1842 480 129 45 secundum:

862 524 49 33 o
882 524 88 33 ratio
940 524 78 33 quae
989 524 146 33 intellectus
1106 524 68 33 vel
1145 524 117 33 voluntas
1233 524 68 33 est
1272 524 107 33 natura,
1350 524 88 33 prior
1408 524 68 33 est
1447 524 78 33 quam
1496 524 68 33 sit
1535 524 88 33 ratio
1593 524 68 33 qua
1632 524 68 33 est
1671 524 146 33 intellectus
1788 524 68 33 vel
1827 524 117 33 voluntas
1905 524 49 33 &c.

849 550 115 47 Dicendum
936 550 77 47 quod
984 550 67 47 cum
1022 550 115 47 secundum
1108 550 115 47 superius
1194 550 134 47 deteriata,
1300 550 144 47 intellectus
1415 550 48 47 &
1434 550 115 47 voluntas
1520 550 77 47 sunt
1568 550 57 47 in
1597 550 67 47 deo
1635 550 86 47 quasi
1692 550 105 47 quaedam
1769 550 134 47 potentiae:
1865 550 86 47 Potenti

845 583 83 40 autem
900 583 129 40 comperatur
1001 583 55 40 ad
1029 583 74 40 duo,
1075 583 46 40 &
1093 583 55 40 ad
1121 583 120 40 subiectum
1213 583 55 40 in
1241 583 64 40 quo
1278 583 129 40 radicatur,
1379 583 46 40 &
1397 583 55 40 ad
1425 583 83 40 actum
1480 583 64 40 qui
1517 583 64 40 per
1554 583 83 40 ipsam
1609 583 120 40 elicitur:
1701 583 138 40 intellectus
1812 583 74 40 ergo
1858 583 46 40 &
1867 583 92 40 voluntas

849 615 60 47 in
879 615 70 47 deo
919 615 110 47 possunt
999 615 150 47 considerari
1119 615 60 47 in
1150 615 160 47 comparatione
1280 615 60 47 ad
1310 615 90 47 quasi
1370 615 140 47 subiectum,
1480 615 70 47 vel
1520 615 60 47 ad
1550 615 100 47 actum.
1620 615 60 47 Si
1650 615 90 47 primo
1711 615 90 47 modo,
1771 615 70 47 sic
1811 615 150 47 intellectus
1921 615 30 47 &

855 652 121 46 voluntas
946 652 61 46 in
976 652 71 46 deo
1017 652 81 46 sunt
1067 652 111 46 quaedam
1148 652 121 46 naturae:
1239 652 81 46 quia
1289 652 131 46 potentiae
1390 652 71 46 dei
1431 652 131 46 naturales
1532 652 121 46 fundatae
1623 652 152 46 naturaliter
1744 652 61 46 in
1774 652 81 46 eius
1825 652 121 46 essentia
1905 652 61 46 diui

842 691 67 41 na:
881 691 77 41 quae
929 691 67 41 est
968 691 96 41 natura
1035 691 58 41 in
1064 691 58 41 eo
1093 691 77 41 quod
1141 691 67 41 est
1179 691 67 41 res
1218 691 106 41 quaedam
1295 691 135 41 naturalis.
1401 691 58 41 Et
1430 691 116 41 loquendo
1516 691 58 41 de
1545 691 77 41 ista
1593 691 164 41 naturalitate,
1728 691 87 41 verum
1786 691 67 41 est
1825 691 77 41 quod
1873 691 87 41 prior
1921 691 48 41 est

853 724 78 42 ratio
905 724 60 42 qua
940 724 130 42 intellectus
1043 724 60 42 est
1078 724 86 42 natura
1138 724 69 42 quim
1182 724 60 42 qua
1216 724 60 42 est
1251 724 138 42 intellectus:
1363 724 43 42 &
1380 724 112 42 similiter
1467 724 69 42 quae
1510 724 104 42 voluntas
1588 724 60 42 est
1622 724 95 42 natura,
1691 724 69 42 quam
1734 724 60 42 qua
1769 724 60 42 est
1804 724 112 42 voluntas:
1890 724 69 42 quia
1924 724 35 42 in

849 759 106 47 essendo
927 759 77 47 tali
975 759 68 47 mod
1014 759 116 47 scilicet
1100 759 106 47 natura,
1178 759 145 47 conveniunt,
1294 759 106 47 ratione
1371 759 116 47 scilicet
1458 759 116 47 vnitatis
1545 759 77 47 quam
1593 759 97 47 habent
1661 759 58 47 in
1690 759 126 47 subiecto.
1786 759 68 47 Sed
1825 759 58 47 de
1854 759 77 47 isto
1902 759 77 47 modo

845 795 112 42 naturae
926 795 92 42 nihil
987 795 61 42 ad
1018 795 153 42 propositum:
1140 795 81 42 quia
1191 795 122 42 secundum
1282 795 92 42 istum
1343 795 92 42 modum
1405 795 112 42 naturae
1486 795 71 42 non
1527 795 81 42 sunt
1577 795 132 42 principia
1679 795 132 42 elicitiua
1781 795 132 42 aliquorum
1873 795 81 42 actuum

846 825 74 42 quia
892 825 64 42 nec
929 825 55 42 ad
956 825 83 42 actus
1011 825 92 42 omnino
1076 825 147 42 comparantur,
1195 825 55 42 vt
1223 825 92 42 dictum
1287 825 74 42 est.
1333 825 55 42 Si
1361 825 74 42 vero
1407 825 156 42 considerentur
1535 825 101 42 secundo
1609 825 64 42 mod
1646 825 110 42 scilicet
1728 825 110 42 secundum
1811 825 101 42 compari
1885 825 55 42 ad
1903 825 46 42 act

850 861 73 41 sic
891 861 94 41 adhuc
954 861 84 41 alia
1006 861 73 41 est
1048 861 94 41 ratio
1111 861 63 41 in
1142 861 73 41 eis
1184 861 73 41 qua
1225 861 84 41 sunt
1278 861 157 41 intellectus
1403 861 52 41 &
1424 861 136 41 voluntas,
1528 861 84 41 alia
1580 861 84 41 vero
1632 861 73 41 qua
1674 861 84 41 sunt
1726 861 115 41 natura.
1810 861 125 41 secundum
1893 861 63 41 quod

840 901 145 38 dupliciter
954 901 62 38 ad
985 901 125 38 duplicem
1079 901 94 38 actum
1141 901 166 38 comparantur:
1276 901 62 38 Ad
1307 901 94 38 vnum,
1370 901 62 38 vt
1401 901 83 38 sunt
1453 901 156 38 intellectus
1577 901 52 38 &
1598 901 135 38 voluntas:
1702 901 62 38 ad
1733 901 94 38 alium
1796 901 83 38 vero
1848 901 62 38 vt
1879 901 83 38 sunt
1920 901 42 38 na

847 930 86 45 tura.
905 930 67 45 Est
943 930 77 45 enim
991 930 57 45 in
1020 930 67 45 deo
1058 930 124 45 huiusmodi
1154 930 144 45 potentiarum
1269 930 96 45 duplex
1336 930 96 45 actus.
1403 930 77 45 Vnus
1451 930 77 45 quid
1498 930 105 45 proprie
1575 930 105 45 dicitur
1652 930 115 45 opeatio:
1738 930 67 45 quo
1776 930 153 45 perficiuntur
1901 930 57 45 in
1920 930 38 45 se

847 964 86 42 ipsis
905 964 124 42 absolute.
1000 964 86 42 Alter
1057 964 67 42 qui
1095 964 105 42 proprie
1171 964 105 42 dicitur
1247 964 95 42 actio:
1313 964 67 42 quo
1351 964 152 42 perficiuntur
1475 964 57 42 in
1503 964 152 42 comparatione
1627 964 57 42 ad
1655 964 95 42 alium.
1722 964 86 42 Actus
1779 964 95 42 quibus
1836 964 114 42 intellectu

852 998 46 44 &
870 998 111 44 voluntas
954 998 130 44 perficitur
1056 998 83 44 primo
1111 998 83 44 modo,
1167 998 74 44 sunt
1213 998 83 44 actus
1269 998 148 44 essentiales,
1389 998 148 44 intelligere.
1509 998 111 44 scilicet
1593 998 46 44 &
1611 998 93 44 velle.
1676 998 83 44 Actus
1732 998 74 44 vero
1778 998 102 44 secundo
1852 998 83 44 modo,
1898 998 56 44 sunt

850 1037 97 42 actus
915 1037 141 42 generandi
1023 1037 54 42 &
1045 1037 141 42 spirandi.
1153 1037 97 42 Primi
1218 1037 97 42 actus
1283 1037 152 42 conveniunt
1403 1037 162 42 intellectui
1533 1037 54 42 &
1554 1037 141 42 voluntati
1663 1037 130 42 secundum
1760 1037 130 42 rationem
1858 1037 76 42 qua
1890 1037 65 42 sunt

840 1068 154 45 intellectus
963 1068 51 45 &
984 1068 134 45 voluntas.
1087 1068 113 45 Secundi
1169 1068 82 45 vero
1220 1068 144 45 conveniunt
1334 1068 103 45 eisdem
1406 1068 123 45 secundum
1498 1068 123 45 rationem
1591 1068 72 45 qua
1632 1068 82 45 sunt
1683 1068 113 45 natura:
1766 1068 72 45 hoc
1807 1068 72 45 est
1838 1068 113 45 principi-

847 1105 96 44 actiua
915 1105 145 44 naturaliter
1031 1105 87 44 actus
1088 1105 145 44 productiuos
1204 1105 135 44 personarum
1310 1105 135 44 elicentia.
1416 1105 145 44 Intellectus
1532 1105 77 44 enim
1580 1105 58 44 vt
1609 1105 154 44 intellectus,
1734 1105 135 44 perficitur
1840 1105 116 44 absolute
1917 1105 39 44 in

843 1139 150 45 cognoscendo
963 1139 100 45 verum:
1033 1139 50 45 &
1053 1139 120 45 voluntas
1143 1139 60 45 vt
1173 1139 120 45 voluntas
1263 1139 140 45 perficitur
1373 1139 120 45 absolute
1462 1139 60 45 in
1492 1139 110 45 volendo
1572 1139 100 45 bonum:
1642 1139 70 45 sed
1682 1139 150 45 intellectus
1802 1139 60 45 vt
1832 1139 110 45 natura,
1912 1139 70 45 per

846 1171 110 45 ficitur
926 1171 60 45 in
956 1171 110 45 dicendo
1036 1171 110 45 verbum:
1116 1171 120 45 voluntas
1205 1171 80 45 vero
1255 1171 60 45 vt
1285 1171 110 45 natura,
1365 1171 140 45 perficitur
1475 1171 60 45 in
1505 1171 120 45 spirando
1595 1171 100 45 amorem
1665 1171 110 45 mutuum.
1744 1171 60 45 Et
1774 1171 70 45 sic
1814 1171 60 45 in
1834 1171 120 45 comparatio

851 1210 59 40 ne
881 1210 59 40 ad
910 1210 88 40 alium
969 1210 69 40 tam
1008 1210 59 40 ex
1037 1210 88 40 parte
1096 1210 147 40 intellectus
1214 1210 78 40 quam
1263 1210 59 40 ex
1292 1210 88 40 parte
1351 1210 137 40 voluntatis
1458 1210 88 40 patet
1517 1210 147 40 differentia
1635 1210 88 40 horum
1693 1210 98 40 actuum
1762 1210 59 40 ex
1791 1210 88 40 parte
1840 1210 108 40 intellect

855 1239 58 45 in
884 1239 106 45 exemplo
962 1239 135 45 corporali:
1068 1239 48 45 &
1087 1239 68 45 per
1126 1239 77 45 idem
1174 1239 155 45 intelligatur
1300 1239 58 45 ex
1329 1239 87 45 parte
1387 1239 135 45 voluntatis
1493 1239 48 45 a
1512 1239 106 45 simili.
1589 1239 116 45 Sigillum
1676 1239 77 45 enim
1725 1239 97 45 habens
1792 1239 58 45 in
1821 1239 58 45 se
1850 1239 116 45 figuram,
1927 1239 39 45 si

853 1273 176 50 intellectualis
1000 1273 107 50 naturae
1078 1273 98 50 esset,
1146 1273 107 50 ratione
1224 1273 68 50 qua
1263 1273 146 50 intellectus
1380 1273 98 50 esset,
1449 1273 156 50 perficeretur
1576 1273 156 50 specificando
1702 1273 59 50 in
1732 1273 59 50 se
1761 1273 156 50 figurationem
1888 1273 88 50 suam:
1937 1273 29 50 &

853 1310 63 45 in
885 1310 74 45 hoc
927 1310 137 45 sisteret.
1032 1310 137 45 Inquantum
1137 1310 95 45 autem
1200 1310 105 45 natura
1274 1310 84 45 est,
1326 1310 116 45 similem
1411 1310 116 45 figuram
1495 1310 105 45 seipso
1568 1310 126 45 materiae
1663 1310 158 45 imprimeret,
1789 1310 63 45 et
1820 1310 63 45 si
1841 1310 116 45 possibile

845 1344 97 45 esset
910 1344 65 45 in
942 1344 97 45 eadem
1007 1344 119 45 materia
1093 1344 65 45 in
1126 1344 75 45 qua
1169 1344 108 45 sigura
1244 1344 75 45 sua
1287 1344 86 45 est.
1341 1344 75 45 Per
1384 1344 86 45 hunc
1438 1344 97 45 modum
1503 1344 151 45 quodammodo
1622 1344 162 45 intellectus
1751 1344 119 45 diuinus
1827 1344 129 45 perficitur

865 1381 70 42 ctu
905 1381 159 42 intelligendi
1034 1381 109 42 seipsum
1114 1381 50 42 &
1134 1381 80 42 suam
1184 1381 139 42 essentiam:
1293 1381 50 42 &
1313 1381 70 42 hoc
1353 1381 90 42 quasi
1413 1381 60 42 ab
1442 1381 80 42 ipsa
1492 1381 119 42 essentia
1582 1381 119 42 cognita,
1671 1381 80 42 quae
1721 1381 70 42 sub
1761 1381 109 42 ratione
1841 1381 109 42 obiecti
1910 1381 50 42 co-

865 1418 153 40 gnoscibilis
987 1418 61 40 in
1018 1418 143 40 intellectu
1130 1418 82 40 suam
1181 1418 122 40 notitiam
1273 1418 92 40 agit.
1334 1418 153 40 Intellectus
1457 1418 92 40 autem
1518 1418 112 40 diuinus
1600 1418 61 40 vt
1630 1418 153 40 specialiter
1753 1418 71 40 est
1794 1418 61 40 in
1824 1418 92 40 patre
1875 1418 82 40 perfe-

863 1444 70 51 ctus
907 1444 61 51 per
942 1444 79 51 talem
995 1444 79 51 actum
1047 1444 140 51 intelligendi
1162 1444 70 51 suam
1205 1444 114 51 essentiam
1293 1444 70 51 quem
1337 1444 70 51 ipsa
1381 1444 70 51 esse
1425 1444 105 51 operatur
1504 1444 53 51 in
1530 1444 70 51 ipso
1574 1444 123 51 intellectu
1670 1444 61 51 suo
1706 1444 53 51 vt
1732 1444 61 51 est
1767 1444 79 51 quasi
1820 1444 53 51 in
1846 1444 105 51 potentia
1925 1444 53 51 ad

856 1481 113 48 notitiam
940 1481 150 48 essentialem.
1062 1481 113 48 secundum
1147 1481 113 48 rationem
1231 1481 160 48 intelligendi,
1362 1481 122 48 foecundus
1456 1481 66 48 est
1494 1481 113 48 naturali
1578 1481 150 48 foecunditate
1700 1481 56 48 ad
1728 1481 141 48 producendum
1841 1481 56 48 de
1869 1481 94 48 seipso
1925 1481 38 48 si

859 1514 53 38 bi
886 1514 97 38 similem
956 1514 53 38 ad
982 1514 70 38 quem
1026 1514 61 38 est
1061 1514 79 38 quasi
1114 1514 53 38 in
1140 1514 114 38 potentia,
1228 1514 61 38 per
1263 1514 61 38 hoc
1298 1514 70 38 quod
1342 1514 61 38 est
1377 1514 53 38 in
1403 1514 70 38 actu
1447 1514 61 38 sub
1482 1514 70 38 illa
1526 1514 97 38 notitia
1596 1514 132 38 essentiali.
1702 1514 132 38 Intellectus
1807 1514 70 38 enim
1851 1514 53 38 vt
1877 1514 61 38 est
1903 1514 53 38 quae

853 1546 67 49 dam
892 1546 106 49 notitia
969 1546 144 49 essentialis
1084 1546 115 49 secundum
1170 1546 96 49 actum,
1237 1546 67 49 est
1276 1546 96 49 natura
1343 1546 48 49 &
1362 1546 134 49 principium
1468 1546 106 49 actiuum
1544 1546 67 49 quo
1583 1546 86 49 pater
1640 1546 58 49 de
1669 1546 134 49 intellectu
1775 1546 86 49 eodem
1832 1546 58 49 vt
1861 1546 67 49 est
1890 1546 67 49 intel

866 1583 83 43 ectus
921 1583 92 43 purus,
986 1583 46 43 &
1004 1583 92 43 tantum
1068 1583 147 43 intellectus,
1188 1583 46 43 &
1207 1583 55 43 de
1234 1583 120 43 principio
1326 1583 101 43 passiuo
1400 1583 92 43 format
1465 1583 111 43 notitiam
1548 1583 74 43 quae
1594 1583 64 43 est
1631 1583 101 43 verbum:
1704 1583 74 43 quid
1750 1583 111 43 secundum
1833 1583 64 43 rem
1870 1583 64 43 est
1898 1583 55 43 eade

857 1620 110 40 notitia
937 1620 70 40 cum
977 1620 80 40 illa
1027 1620 60 40 de
1058 1620 70 40 qua
1098 1620 120 40 foratur,
1188 1620 130 40 differens
1288 1620 90 40 solum
1348 1620 60 40 ab
1378 1620 80 40 illa
1429 1620 130 40 inquantum
1529 1620 150 40 processerit
1649 1620 60 40 ab
1679 1620 60 40 ea
1709 1620 60 40 vt
1739 1620 170 40 manifestatiua
1880 1620 50 40 &
1890 1620 70 40 decla

862 1652 103 37 ratiua
934 1652 113 37 illius,
1016 1652 62 37 vt
1047 1652 93 37 saepe
1109 1652 103 37 dictum
1181 1652 82 37 est.
1232 1652 62 37 Et
1263 1652 72 37 per
1304 1652 93 37 omnem
1366 1652 103 37 eundem
1438 1652 93 37 modum
1500 1652 154 37 intelligere
1623 1652 113 37 debemus
1706 1652 103 37 verbum
1778 1652 62 37 in
1809 1652 93 37 nobis
1860 1652 103 37 formari.

859 1687 122 48 Cognitum
951 1687 82 48 enim
1002 1687 92 48 primo
1063 1687 133 48 simplicem
1165 1687 122 48 notitiam
1257 1687 82 48 suam
1308 1687 122 48 imprimit
1400 1687 71 48 nio
1441 1687 163 48 intellectui,
1573 1687 184 48 repraesentando
1726 1687 61 48 se
1757 1687 82 48 illi
1808 1687 61 48 vt
1839 1687 82 48 pure
1880 1687 71 48 passi

864 1719 70 49 uo:
904 1719 50 49 &
924 1719 70 49 sub
964 1719 110 49 ratione
1044 1719 70 49 qua
1084 1719 70 49 est
1124 1719 160 49 intellectus.
1255 1719 150 49 Intellectus
1375 1719 90 49 autem
1435 1719 70 49 sic
1475 1719 130 49 perfectus
1575 1719 120 49 simplici
1665 1719 110 49 notitia
1746 1719 70 49 per
1786 1719 120 49 obiectum
1866 1719 100 49 cognitum

861 1755 78 46 quod
910 1755 58 46 in
939 1755 58 46 se
968 1755 116 46 continet
1055 1755 136 46 expressiue
1162 1755 97 46 factus
1230 1755 68 46 est
1268 1755 126 46 foecundus
1365 1755 48 46 &
1385 1755 136 46 principium
1491 1755 107 46 actiuum
1569 1755 58 46 vt
1598 1755 107 46 natura,
1675 1755 58 46 in
1704 1755 107 46 seipsum
1782 1755 58 46 vt
1811 1755 68 46 est
1840 1755 126 46 intellectus

858 1788 105 51 tantum:
935 1788 48 51 &
954 1788 134 51 principium
1059 1788 115 51 passiuum
1145 1788 57 51 ad
1174 1788 124 51 formandum
1269 1788 57 51 in
1298 1788 57 51 se
1327 1788 153 51 declaratiuam
1451 1788 115 51 notitiam
1537 1788 57 51 de
1565 1788 105 51 notitia
1642 1788 124 51 simplici.
1737 1788 57 51 vt
1766 1788 115 51 secundum
1852 1788 67 51 hoc
1881 1788 76 51 quando

853 1823 98 48 dicitur
925 1823 90 48 verbum
987 1823 98 48 formari
1059 1823 63 48 per
1095 1823 143 48 intellectum:
1211 1823 45 48 &
1229 1823 72 48 quod
1274 1823 134 48 intellectus
1381 1823 63 48 sit
1417 1823 54 48 in
1444 1823 125 48 formatione
1542 1823 81 48 verbi
1596 1823 116 48 alicuius:
1686 1823 63 48 hoc
1721 1823 143 48 intelligitur
1838 1823 54 48 de
1856 1823 107 48 intellectu

862 1859 80 44 actu
912 1859 130 44 informato
1012 1859 120 44 simplici
1102 1859 120 44 notitia.
1192 1859 70 44 Per
1232 1859 70 44 hoc
1272 1859 80 44 enim
1322 1859 70 44 est
1362 1859 140 44 principium
1473 1859 50 44 &
1493 1859 110 44 natura:
1573 1859 50 44 &
1593 1859 140 44 necessario
1703 1859 90 44 prior
1763 1859 70 44 est
1803 1859 90 44 ratio
1863 1859 80 44 eius
1903 1859 50 44 qua

863 1897 66 44 est
900 1897 141 44 intellectus
1013 1897 47 44 &
1032 1897 113 44 passius,
1116 1897 75 44 quam
1163 1897 75 44 quae
1210 1897 66 44 sic
1248 1897 66 44 est
1285 1897 94 44 natura
1351 1897 47 44 &
1370 1897 113 44 actiuus.
1455 1897 56 44 Et
1483 1897 75 44 ideo
1530 1897 94 44 ordine
1596 1897 113 44 rationis
1680 1897 85 44 prius
1736 1897 85 44 habet
1793 1897 75 44 esse
1840 1897 56 44 vt
1868 1897 66 44 est
1896 1897 66 44 intel

867 1926 91 37 ectus
927 1926 81 37 quam
978 1926 61 37 vt
1008 1926 71 37 est
1048 1926 111 37 natura:
1129 1926 50 37 &
1149 1926 121 37 fundatur
1240 1926 91 37 actus
1301 1926 141 37 notionalis
1411 1926 81 37 quem
1462 1926 81 37 agit
1512 1926 61 37 vt
1543 1926 71 37 est
1583 1926 111 37 natura,
1664 1926 91 37 super
1724 1926 91 37 actum
1785 1926 151 37 essentialem
1895 1926 61 37 quem

862 1962 111 38 patitur
943 1962 61 38 vt
973 1962 162 38 intellectus.
1105 1962 61 38 Et
1135 1962 91 38 sicut
1196 1962 81 38 haec
1246 1962 121 38 exposita
1337 1962 81 38 sunt
1388 1962 61 38 ex
1418 1962 91 38 parte
1479 1962 152 38 intellectus
1600 1962 61 38 in
1630 1962 81 38 actu
1681 1962 111 38 dicendi
1762 1962 51 38 &
1782 1962 142 38 formatione
1883 1962 71 38 verbi

868 1998 66 43 sic
905 1998 161 43 intelligantur
1038 1998 57 43 ex
1067 1998 85 43 parte
1123 1998 133 43 voluntatis
1228 1998 57 43 in
1256 1998 76 43 actu
1304 1998 114 43 spirandi
1389 1998 47 43 &
1408 1998 142 43 productione
1521 1998 95 43 amoris
1588 1998 114 43 spirati:
1673 1998 104 43 praeter
1749 1998 66 43 hoc
1787 1998 76 43 quod
1825 1998 123 43 intellectus

857 2029 104 47 passius
932 2029 66 47 est
970 2029 113 47 respectu
1055 2029 85 47 actus
1111 2029 151 47 intelligendi
1234 2029 75 47 quid
1281 2029 113 47 convenit
1366 2029 57 47 ei
1394 2029 57 47 vt
1422 2029 66 47 est
1460 2029 151 47 intellectus:
1582 2029 94 47 actius
1648 2029 75 47 vero
1695 2029 113 47 respectu
1780 2029 85 47 actus
1837 2029 104 47 dicendi
1903 2029 47 47 qui

857 2071 127 57 convenit
952 2071 63 57 ei
984 2071 63 57 vt
1016 2071 74 57 est
1058 2071 116 57 natura.
1142 2071 127 57 Voluntas
1237 2071 84 57 vero
1290 2071 127 57 respectu
1385 2071 137 57 vtriusque
1490 2071 95 57 actus
1554 2071 53 57 &
1575 2071 116 57 volendi
1659 2071 53 57 &
1680 2071 137 57 spirandi,
1786 2071 105 57 actiua
1860 2071 84 57 est.
1902 2071 42 57 ii
