2017 2426
845 185 112 55 personas
929 185 84 55 inter
985 185 56 55 se
1013 185 75 55 esse
1060 185 140 55 distinctas,
1172 185 47 55 &
1191 185 65 55 non
1228 185 103 55 naturam
1303 185 47 55 a
1321 185 122 55 personis,
1415 185 56 55 vt
1443 185 84 55 dicit
1499 185 168 55 Praepositinus:
1639 185 65 55 sed
1677 185 75 55 quod
1723 185 112 55 personae
1807 185 131 55 distinctae
1901 185 56 55 sunt

847 230 77 40 nter
896 230 58 40 se
924 230 116 40 secundum
1011 230 164 40 proprietates:
1146 230 48 40 &
1165 230 67 40 non
1204 230 116 40 secundum
1290 230 154 40 substantiam:
1415 230 77 40 quae
1464 230 154 40 proprietates
1589 230 173 40 determinatiuae
1733 230 77 40 sunt
1781 230 144 40 substantiae
1897 230 67 40 non

835 264 120 44 naturae,
925 264 60 44 vt
955 264 90 44 infra
1015 264 170 44 declarabitur:
1156 264 70 44 ita
1196 264 80 44 quod
1246 264 110 44 persona
1326 264 60 44 in
1356 264 70 44 suo
1397 264 150 44 significato
1517 264 50 44 &
1537 264 150 44 substantiam
1657 264 50 44 &
1677 264 160 44 proprietatem
1808 264 140 44 contineat.
1908 264 40 44 Et

847 300 65 45 uod
884 300 83 45 dicit
939 300 56 45 in
967 300 102 45 exponne
1041 300 111 45 secundae
1125 300 148 45 auctoritatis
1245 300 56 45 de
1273 300 83 45 libr.
1329 300 74 45 iii.
1375 300 65 45 ca.
1412 300 56 45 v.
1440 300 74 45 quod
1486 300 121 45 quaelibet
1579 300 111 45 persona,
1663 300 111 45 proprium
1746 300 83 45 modum
1802 300 121 45 existendi
1885 300 65 45 possi

829 334 52 45 de
855 334 52 45 id
881 334 60 45 est
916 334 112 45 quaelibet
1002 334 95 45 persona
1071 334 60 45 est
1105 334 60 45 vna
1140 334 129 45 substantia:
1243 334 60 45 ita
1277 334 69 45 quod
1321 334 60 45 non
1355 334 78 45 alia:
1407 334 112 45 manifeste
1493 334 60 45 est
1527 334 86 45 contra
1588 334 78 45 illud
1639 334 86 45 Damas.
1700 334 60 45 li.
1734 334 52 45 i.
1760 334 52 45 c.
1786 334 60 45 xi.
1820 334 103 45 Secundum
1889 334 52 45 omni

845 368 75 43 vnum
891 368 75 43 sunt
938 368 94 43 pater,
1004 368 103 43 filius,
1079 368 47 43 &
1098 368 112 43 spiritus
1182 368 112 43 sanctus,
1266 368 103 43 praeter
1341 368 178 43 ingenerationem,
1491 368 159 43 generationem,
1622 368 47 43 &
1641 368 159 43 processionem.
1772 368 75 43 vnum
1819 368 75 43 enim
1866 368 75 43 deum
1903 368 47 43 co-

835 402 146 37 gnoscimus:
949 402 63 37 in
981 402 94 37 solis
1044 402 84 37 vero
1096 402 188 37 proprietatibus
1252 402 52 37 &
1273 402 167 37 paternitatis
1409 402 52 37 &
1430 402 157 37 filiationis
1555 402 52 37 &
1576 402 167 37 processionis
1712 402 52 37 &
1733 402 125 37 secundum
1827 402 84 37 camm
1879 402 52 37 &
1890 402 52 37 cau

835 433 85 38 sale:
891 433 75 38 quia
938 433 85 38 pater
994 433 66 38 est
1032 433 94 38 causa,
1098 433 47 38 &
1117 433 94 38 filius
1182 433 56 38 ex
1211 433 66 38 hac
1248 433 94 38 causa,
1314 433 47 38 &
1333 433 113 38 spiritus
1417 433 113 38 sanctus,
1502 433 47 38 &
1521 433 113 38 secundum
1605 433 179 38 perfectitudinem
1756 433 141 38 hypostaseos
1859 433 94 38 scilicet

829 470 140 42 existentiae
940 470 93 42 modum,
1005 470 149 42 differentiam
1126 470 158 42 intelligimus.
1256 470 84 42 Ecce,
1312 470 74 42 quia
1359 470 65 42 per
1396 470 84 42 illud
1452 470 74 42 quod
1498 470 93 42 dicit:
1563 470 121 42 quaelibet
1656 470 112 42 persona,
1740 470 112 42 proprium
1824 470 84 42 modum
1870 470 84 42 existen

829 504 56 36 di
857 504 121 36 possidet:
950 504 65 36 non
987 504 130 36 intelligit
1089 504 74 36 quod
1136 504 121 36 quaelibet
1229 504 102 36 persona
1303 504 65 36 est
1340 504 130 36 substantia
1443 504 121 36 deitatis,
1536 504 47 36 &
1554 504 65 36 non
1591 504 84 36 alia:
1647 504 65 36 sed
1684 504 74 36 quod
1731 504 121 36 quaelibet
1824 504 102 36 persona
1889 504 65 36 habet

832 539 105 38 proprium
911 539 79 38 modum
964 539 123 38 existendi:
1061 539 62 38 hoc
1096 539 62 38 est
1131 539 132 38 subsistendi
1236 539 105 38 secundum
1316 539 70 38 suam
1359 539 141 38 proprietatem
1474 539 105 38 scilicet
1553 539 53 38 vt
1579 539 44 38 a
1597 539 62 38 qua
1632 539 79 38 alia,
1685 539 62 38 vel
1720 539 70 38 quae
1764 539 53 38 ab
1790 539 79 38 alia,
1843 539 62 38 vel
1878 539 70 38 quae
1922 539 53 38 ab

840 575 95 45 aliis.
906 575 57 45 Et
934 575 113 45 secundum
1019 575 66 45 hoc
1057 575 57 45 in
1085 575 104 45 diuinis
1161 575 113 45 vsitatur
1246 575 104 45 triplex
1322 575 85 45 modus
1378 575 151 45 interrogandi
1501 575 76 45 siue
1549 575 151 45 praedicandi:
1671 575 66 45 qui
1709 575 76 45 sunt
1756 575 66 45 per
1794 575 85 45 quid,
1851 575 76 45 quid
1889 575 66 45 respi

836 608 71 31 cit
876 608 162 31 substantiam:
1008 608 71 31 per
1048 608 81 31 qui,
1099 608 71 31 qui
1139 608 121 31 respicit
1230 608 131 31 personam:
1331 608 71 31 per
1372 608 121 31 quomodo,
1463 608 71 31 qui
1503 608 121 31 respicit
1594 608 172 31 proprietatem.
1736 608 71 31 Sed
1776 608 71 31 qui
1816 608 51 31 &
1837 608 111 31 quomodo
1907 608 51 31 re-

830 637 113 47 ducuntur
914 637 56 47 ad
942 637 75 47 vnum
989 637 94 47 modum.
1055 637 113 47 scilicet
1140 637 141 47 relationis,
1253 637 75 47 quia
1300 637 75 47 quid
1347 637 122 47 respondet
1441 637 56 47 ei
1469 637 75 47 quod
1516 637 122 47 refertur,
1610 637 75 47 quom
1657 637 122 47 respondet
1751 637 56 47 ei
1779 637 66 47 quo
1817 637 122 47 refertur,
1902 637 56 47 siue

835 675 141 40 nominaliter
947 675 75 40 siue
994 675 178 40 participialiter
1144 675 159 40 significetur.
1294 675 56 40 Et
1322 675 75 40 quod
1369 675 94 40 arguit
1434 675 159 40 Praepositinus
1566 675 75 40 quod
1613 675 66 40 non
1650 675 122 40 sequitur,
1744 675 112 40 personae
1828 675 66 40 non
1866 675 103 40 distin-

833 709 117 46 guuntur
918 709 202 46 proprietatibus:
1088 709 85 46 ergo
1141 709 74 46 non
1183 709 191 46 distinguuntur:
1342 709 95 46 Sicut
1406 709 74 46 non
1449 709 138 46 sequitur,
1555 709 74 46 Non
1597 709 180 46 distinguuntur
1745 709 180 46 accidentibus:
1883 709 64 46 ergo

832 743 65 36 non
869 743 168 36 distinguuntur:
1009 743 112 36 Dicendum
1093 743 75 36 quod
1139 743 65 36 non
1177 743 65 36 est
1214 743 103 36 simile:
1289 743 75 36 quia
1335 743 56 36 in
1363 743 65 36 eis
1401 743 75 36 quae
1447 743 159 36 distinguuntur
1578 743 112 36 secundum
1662 743 140 36 accidentia:
1774 743 93 36 restat
1839 743 75 36 alia
1876 743 75 36 distin

839 774 70 42 ctio
883 774 70 42 quae
927 774 61 42 est
961 774 105 42 secundum
1040 774 140 42 substantiam.
1153 774 96 42 propter
1223 774 70 42 quod
1267 774 61 42 non
1302 774 113 42 sequitur:
1389 774 52 42 si
1415 774 87 42 aliqua
1476 774 61 42 non
1511 774 148 42 distinguuntur
1633 774 105 42 secundum
1712 774 140 42 substantiam:
1825 774 70 42 quod
1869 774 61 42 non
1903 774 61 42 di-

839 810 147 52 stinguuntur.
958 810 55 52 In
986 810 101 52 diuinis
1059 810 83 52 autem
1114 810 110 52 personis
1197 810 101 52 praeter
1270 810 156 52 distinctionem
1399 810 110 52 secundum
1482 810 156 52 proprietates:
1610 810 64 52 non
1647 810 92 52 restat
1711 810 73 52 alia
1757 810 138 52 distinctio,
1867 810 55 52 vt
1886 810 64 52 visum

835 847 82 38 est.
886 847 62 38 Et
917 847 82 38 ideo
968 847 82 38 bene
1019 847 133 38 sequitur:
1122 847 72 38 Non
1163 847 174 38 distinguuntur
1306 847 123 38 secundum
1399 847 174 38 proprietates:
1542 847 82 38 ergo
1593 847 72 38 non
1624 847 164 38 distinguuntur.

1053 867 71 61 rca
1093 867 121 61 Secundum
1184 867 131 61 arguitur:
1285 867 81 61 quod
1335 867 61 61 in
1366 867 71 61 deo
1406 867 71 61 non
1446 867 71 61 sit
1487 867 121 61 ponendum
1578 867 101 61 plures
1648 867 81 61 esse
1699 867 172 61 proprietates,
1840 867 91 61 Primo
1890 867 61 61 sic.

1051 916 99 42 pprium
1121 916 119 42 sequitur
1210 916 99 42 formam
1280 916 50 42 &
1300 916 109 42 speciem
1379 916 80 42 rei,
1429 916 80 42 siue
1479 916 119 42 rationem
1568 916 109 42 speciei
1648 916 50 42 &
1668 916 109 42 formae,
1747 916 90 42 sicut
1807 916 119 42 accidens
1896 916 80 42 sequ

1053 955 62 40 ur
1084 955 123 40 rationem
1176 955 144 40 indiuidui.
1289 955 72 40 sed
1330 955 62 40 in
1360 955 113 40 diuinis
1442 955 72 40 non
1483 955 72 40 est
1525 955 82 40 nisi
1576 955 72 40 vna
1617 955 92 40 forma
1678 955 133 40 deitatis:
1781 955 82 40 ergo
1832 955 92 40 neque
1883 955 62 40 nisi

1053 981 91 40 vnum,
1114 981 132 40 proprium,
1215 981 81 40 siue
1266 981 71 40 vna
1307 981 152 40 proprietas.
1449 981 112 40 Secundo
1530 981 81 40 sic.
1581 981 102 40 plures
1652 981 163 40 proprietates
1784 981 71 40 non
1825 981 112 40 possunt
1896 981 61 40 esse

1043 1017 79 43 nisi
1092 1017 118 43 secundum
1181 1017 98 43 eandem
1250 1017 118 43 rationem
1338 1017 118 43 speciei:
1426 1017 69 43 aut
1466 1017 118 43 secundum
1554 1017 128 43 diuersas,
1652 1017 98 43 neutro
1721 1017 88 43 autem
1780 1017 79 43 modo
1829 1017 108 43 possunt
1898 1017 59 43 poni

1046 1050 117 45 diuersae
1134 1050 157 45 proprietates
1261 1050 59 45 in
1291 1050 117 45 diuinis:
1379 1050 78 45 quia
1428 1050 88 45 neque
1486 1050 88 45 istae
1545 1050 88 45 neque
1604 1050 88 45 illae
1663 1050 88 45 natae
1721 1050 78 45 sunt
1770 1050 78 45 esse
1819 1050 88 45 circa
1878 1050 78 45 idem
1917 1050 39 45 nu

837 1090 95 37 mero:
901 1090 159 37 quemadmodum
1028 1090 95 37 neque
1091 1090 85 37 duae
1144 1090 148 37 albedines,
1260 1090 95 37 neque
1324 1090 116 37 nigredo
1408 1090 53 37 &
1429 1090 116 37 albedo,
1514 1090 148 37 quaecumque
1630 1090 95 37 autem
1693 1090 85 37 sunt
1746 1090 63 37 in
1778 1090 127 37 diuinis,
1862 1090 85 37 habent

825 1121 79 38 esse
875 1121 89 38 circa
934 1121 79 38 idem
983 1121 109 38 numero,
1063 1121 59 38 vt
1092 1121 89 38 circa
1152 1121 109 38 diuinam
1231 1121 139 38 essentiam.
1340 1121 79 38 ergo
1389 1121 69 38 &c.
1448 1121 59 38 In
1478 1121 139 38 contrarium
1587 1121 79 38 est:
1636 1121 109 38 quoniam
1716 1121 69 38 non
1755 1121 79 38 est,
1805 1121 139 38 proprietas
1913 1121 59 38 in

837 1155 73 39 deo
878 1155 83 39 nisi
930 1155 115 39 propter
1014 1155 146 39 personarum
1128 1155 177 39 pluralitatem,
1274 1155 62 39 vt
1305 1155 115 39 habitum
1389 1155 73 39 est
1430 1155 73 39 iam
1472 1155 104 39 supra.
1545 1155 73 39 Sed
1586 1155 115 39 plurium
1670 1155 146 39 personarum
1784 1155 146 39 necessario
1889 1155 62 39 sunt

844 1191 109 38 lures
917 1191 206 38 proprietates.
1087 1191 97 38 ergo
1135 1191 61 38 &c.

854 1227 150 54 Dicendum
967 1227 100 54 quod
1029 1227 87 54 hoc
1079 1227 75 54 ad
1117 1227 125 54 plures
1204 1227 200 54 proprietates
1367 1227 137 54 necesse
1467 1227 137 54 habemus
1567 1227 125 54 ponere
1654 1227 75 54 in
1692 1227 87 54 deo
1742 1227 112 54 circa
1817 1227 162 54 prosonas:

851 1264 45 58 a
869 1264 91 58 plures
932 1264 136 58 quaelitates
1041 1264 109 58 secundum
1123 1264 127 58 praedictum
1222 1264 82 58 modum
1277 1264 136 58 inueniuntur
1385 1264 145 58 denominantes
1503 1264 72 58 eas,
1548 1264 54 58 vt
1576 1264 63 58 iam
1612 1264 54 58 in
1639 1264 109 58 sequente
1721 1264 127 58 quaestione
1811 1264 136 58 declarabitur.

853 1305 72 52 Ad
889 1305 120 52 primum
973 1305 72 52 in
1008 1305 167 52 oppositum:
1140 1305 96 52 quod
1200 1305 167 52 proprietas
1331 1305 143 52 sequitur
1439 1305 120 52 formam
1523 1305 60 52 &
1546 1305 132 52 speciem
1642 1305 84 52 rei
1690 1305 84 52 &c.
1738 1305 143 52 Dicendum
1845 1305 96 52 quod
1893 1305 60 52 est

843 1340 102 47 uaedam
914 1340 143 47 proprietas
1027 1340 133 47 absoluta:
1129 1340 51 47 &
1150 1340 82 47 illa
1201 1340 72 47 non
1242 1340 72 47 est
1283 1340 82 47 nisi
1334 1340 92 47 vnica
1395 1340 61 47 in
1426 1340 72 47 vna
1467 1340 92 47 forma
1528 1340 51 47 &
1549 1340 113 47 specie.
1631 1340 61 47 Et
1661 1340 72 47 hoc
1702 1340 123 47 loquendo
1794 1340 113 47 stricte
1876 1340 61 47 de
1897 1340 51 47 pro

842 1381 67 40 rio
881 1381 76 40 siue
928 1381 57 40 de
957 1381 153 40 proprietate:
1081 1381 143 40 quemadmodum
1196 1381 105 40 ponimus
1273 1381 86 40 solum
1330 1381 115 40 risibile
1416 1381 76 40 esse
1464 1381 115 40 proprium
1550 1381 115 40 hominis.
1636 1381 76 40 Vnde
1684 1381 48 40 &
1703 1381 124 40 huiusmodi
1799 1381 115 40 proprium
1875 1381 67 40 saepe

846 1410 104 39 onitur
918 1410 62 39 in
949 1410 166 39 descriptione
1084 1410 83 39 rei,
1136 1410 73 39 cum
1178 1410 83 39 eius
1229 1410 93 39 forma
1292 1410 135 39 specifica
1395 1410 145 39 ignoratur.
1509 1410 83 39 Alia
1561 1410 83 39 vero
1613 1410 73 39 est
1655 1410 145 39 proprietas
1769 1410 156 39 respectiua:
1893 1410 52 39 &
1904 1410 41 39 il

830 1445 60 39 la
860 1445 60 39 in
890 1445 90 39 eadem
950 1445 90 39 forma
1010 1445 50 39 &
1030 1445 100 39 specie
1100 1445 80 39 bene
1151 1445 100 39 potest
1221 1445 80 39 esse
1271 1445 140 39 multiplex,
1381 1445 80 39 quia
1431 1445 70 39 non
1471 1445 70 39 tam
1511 1445 120 39 sequitur
1601 1445 130 39 essentiam
1702 1445 100 39 formae
1772 1445 80 39 quam
1822 1445 90 39 modum
1872 1445 70 39 haben

823 1479 59 42 di
853 1479 89 42 illam
912 1479 49 42 &
932 1479 148 42 subsistendi
1051 1479 59 42 in
1080 1479 89 42 illa,
1140 1479 59 42 vt
1169 1479 69 42 iam
1209 1479 139 42 videbitur.
1318 1479 89 42 Talis
1377 1479 89 42 autem
1436 1479 69 42 est
1476 1479 139 42 proprietas
1585 1479 119 42 personae
1674 1479 59 42 in
1704 1479 119 42 diuinis:
1793 1479 59 42 de
1822 1479 69 42 qua
1852 1479 89 42 loqmur-

841 1514 50 42 t
861 1514 129 42 similiter
960 1514 119 42 patebit.
1070 1514 60 42 Ad
1100 1514 129 42 secundum:
1199 1514 80 42 quod
1249 1514 99 42 plures
1318 1514 159 42 proprietates
1448 1514 90 42 neque
1507 1514 109 42 eiusdem
1587 1514 109 42 speciei
1667 1514 90 42 neque
1726 1514 119 42 diuersae
1816 1514 109 42 possunt
1885 1514 60 42 esse

829 1549 96 40 circa
893 1549 85 40 idem
946 1549 106 40 numero
1021 1549 75 40 &c.
1064 1549 128 40 Dicendum
1159 1549 85 40 quod
1213 1549 96 40 verum
1276 1549 75 40 est
1319 1549 64 40 de
1351 1549 192 40 proprietatibus
1511 1549 149 40 absolutis,
1628 1549 64 40 vt
1660 1549 96 40 circa
1723 1549 138 40 subiectum
1830 1549 75 40 cui
1862 1549 85 40 inhae-

834 1584 83 34 rent.
889 1584 55 34 Et
916 1584 64 34 sic
953 1584 55 34 in
981 1584 64 34 deo
1017 1584 83 34 nulla
1072 1584 64 34 est
1109 1584 92 34 omnino
1173 1584 128 34 proprietas
1274 1584 83 34 circa
1329 1584 101 34 diuinam
1403 1584 128 34 essentiam.
1504 1584 101 34 dicente
1577 1584 83 34 Rica.
1632 1584 83 34 iiii.
1687 1584 55 34 de
1715 1584 128 34 trinitate.
1816 1584 64 34 ca.
1852 1584 73 34 xvi.
1889 1584 55 34 Pro-

829 1615 89 46 prium
888 1615 69 46 est
928 1615 79 46 omni
977 1615 148 46 substantiae
1096 1615 79 46 quae
1145 1615 79 46 vere
1194 1615 89 46 nomen
1253 1615 89 46 habet
1313 1615 59 46 ex
1342 1615 69 46 re,
1382 1615 99 46 habere
1451 1615 99 46 quidem
1520 1615 79 46 esse
1569 1615 148 46 compositum:
1688 1615 49 46 &
1707 1615 138 46 accuntibus
1816 1615 118 46 subesse.
1895 1615 59 46 Sola

822 1652 95 34 autem
886 1652 106 34 diuina
960 1652 148 34 substantia
1076 1652 95 34 habet
1140 1652 116 34 simplex
1224 1652 95 34 esse,
1288 1652 53 34 &
1309 1652 95 34 nulli
1373 1652 148 34 inhaerenti
1489 1652 148 34 subiectum.
1605 1652 95 34 Circa
1669 1652 85 34 vero
1722 1652 85 34 idem
1775 1652 106 34 nuero,
1849 1652 63 34 vt
1870 1652 74 34 circa

824 1685 164 57 fundamentum
955 1685 65 57 in
988 1685 76 57 quo
1031 1685 153 57 fundantur:
1151 1685 87 57 bene
1206 1685 120 57 possunt
1293 1685 87 57 esse
1348 1685 131 57 diuersae
1446 1685 175 57 proprietates
1588 1685 142 57 relatiuae
1697 1685 120 57 propter
1784 1685 131 57 diuersum
1872 1685 76 57 modum

831 1719 113 44 habendi
913 1719 92 44 illud
974 1719 92 44 idem,
1036 1719 62 44 vt
1067 1719 72 44 non
1108 1719 62 44 ab
1138 1719 92 44 alio,
1200 1719 62 44 vt
1231 1719 51 44 a
1251 1719 72 44 quo
1292 1719 103 44 alius,
1364 1719 51 44 &
1384 1719 144 44 huiusmodi,
1497 1719 62 44 vt
1528 1719 72 44 iam
1559 1719 92 44 patebit

1035 1746 92 52 Irca
1092 1746 126 52 Tertium
1183 1746 137 52 arguitur
1287 1746 92 52 quod
1344 1746 69 52 in
1378 1746 80 52 deo
1424 1746 80 52 non
1470 1746 92 52 sunt
1527 1746 115 52 plures
1607 1746 183 52 proprietates
1756 1746 126 52 duabus,
1848 1746 92 52 quia
1894 1746 57 52 non

1040 1791 84 40 est,
1092 1791 147 40 proprietas
1207 1791 63 40 in
1239 1791 73 40 deo
1281 1791 84 40 nisi
1333 1791 63 40 ex
1364 1791 84 40 modo
1417 1791 115 40 habendi
1501 1791 84 40 vnam
1553 1791 126 40 personam
1647 1791 63 40 ad
1679 1791 105 40 aliam:
1752 1791 84 40 quia
1805 1791 94 40 nulla
1868 1791 73 40 est
1899 1791 42 40 ab

1031 1820 121 42 soluta,
1119 1820 66 42 vt
1152 1820 99 42 infra
1218 1820 132 42 dicetur.
1316 1820 77 42 Sed
1360 1820 66 42 in
1393 1820 121 42 diuinis
1481 1820 99 42 solum
1547 1820 77 42 duo
1591 1820 88 42 sunt
1646 1820 88 42 modi
1701 1820 121 42 habendi
1788 1820 132 42 personam
1876 1820 66 42 vnam

1020 1853 60 46 ad
1050 1853 101 46 aliam,
1120 1853 121 46 scilicet
1211 1853 60 46 vt
1241 1853 50 46 a
1261 1853 90 46 quae,
1322 1853 50 46 &
1342 1853 60 46 vt
1372 1853 80 46 quae
1422 1853 60 46 ab
1452 1853 90 46 alia,
1513 1853 60 46 vt
1543 1853 90 46 patet
1603 1853 60 46 ex
1633 1853 90 46 supra
1694 1853 171 46 determinatis.
1834 1853 80 46 ergo
1885 1853 60 46 in
1905 1853 40 46 di

1032 1891 87 43 uinis
1091 1891 78 43 sunt
1139 1891 87 43 solum
1198 1891 78 43 duae
1246 1891 165 43 proprietates.
1402 1891 78 43 Quia
1450 1891 78 43 sint
1499 1891 97 43 tantum
1567 1891 87 43 tres.
1625 1891 87 43 dicit
1684 1891 126 43 Ricardus.
1781 1891 58 43 v.
1810 1891 58 43 de
1829 1891 117 43 trinitate.

1025 1928 75 41 ca.
1068 1928 86 41 xxv.
1122 1928 97 41 luxta
1186 1928 118 41 numerum
1272 1928 172 41 proprietatum
1412 1928 75 41 est
1455 1928 118 41 numerus
1541 1928 161 41 personarum:
1670 1928 54 41 &
1691 1928 97 41 sicut
1755 1928 118 41 quartam
1831 1928 107 41 proprie-

1020 1968 116 33 ltatem,
1105 1968 74 33 sic
1147 1968 116 33 quartam
1232 1968 127 33 personam
1327 1968 148 33 nullatenus
1443 1968 127 33 inuenire
1538 1968 148 33 poterimus.
1675 1968 84 33 Quia
1728 1968 84 33 sint
1781 1968 106 33 tantum
1844 1968 95 33 quatuor

819 1984 134 46 arguitur,
922 1984 83 46 quia
974 1984 72 46 non
1015 1984 72 46 est
1056 1984 145 46 proprietas
1170 1984 62 46 in
1201 1984 72 46 deo
1242 1984 83 46 nisi
1294 1984 72 46 sit
1335 1984 134 46 relatiua,
1439 1984 62 46 vt
1470 1984 93 46 infra
1532 1984 145 46 videbitur.
1645 1984 62 46 Et
1676 1984 134 46 similiter
1780 1984 72 46 non
1821 1984 72 46 est
1852 1984 93 46 relatio

823 2029 57 43 in
852 2029 67 43 deo
890 2029 76 43 nisi
938 2029 67 43 sit
976 2029 143 43 proprietas.
1091 2029 67 43 Est
1129 2029 76 43 enim
1177 2029 134 43 proprietas
1282 2029 57 43 in
1311 2029 57 43 re
1340 2029 115 43 quicquod
1426 2029 67 43 est
1464 2029 57 43 in
1493 2029 57 43 ea
1521 2029 105 43 praeter
1598 2029 143 43 substantiam
1713 2029 86 43 suam.
1770 2029 67 43 sed
1808 2029 57 43 in
1837 2029 67 43 deo
1866 2029 76 43 tantum

822 2063 85 54 sunt
875 2063 117 54 quatuor
960 2063 149 54 relationes
1077 2063 127 54 secundum
1173 2063 85 54 duas
1226 2063 170 54 emanationes,
1364 2063 64 54 vt
1396 2063 96 54 patet
1460 2063 64 54 ex
1491 2063 202 54 praedeteriatis.
1661 2063 85 54 ergo
1714 2063 74 54 &c.
1778 2063 85 54 Quia
1831 2063 96 54 autem
1884 2063 64 54 sint
