2017 3291
395 280 63 72 i
421 280 176 72 iamamplius
559 280 176 72 exponetur.
697 280 101 72 ergo
760 280 88 72 &c.
810 280 63 72 ⁋
836 280 138 72 Secundo
936 280 101 72 sic.
999 280 101 72 mens
1062 280 75 72 in
1100 280 126 72 homine
1188 280 88 72 est
1238 280 113 72 totum
1313 280 151 72 virtuale
1427 280 75 72 ad
1464 280 189 72 intellectum
1615 280 63 72 &
1640 280 189 72 voluntatem,
1791 280 101 72 quae
1842 280 75 72 sunt

436 332 130 66 partes
527 332 170 66 imaginis,
658 332 130 66 quibus
749 332 183 66 respondent
893 332 157 66 communia
1010 332 170 66 attributa
1140 332 78 66 in
1179 332 104 66 deo:
1245 332 104 66 quae
1310 332 104 66 sunt
1375 332 196 66 intellectus
1532 332 65 66 &
1558 332 170 66 voluntas.
1688 332 91 66 cum
1740 332 104 66 ergo
1806 332 143 66 totali-

433 389 74 47 tas
476 389 74 47 sit
518 389 169 47 perfectionis
656 389 53 47 &
677 389 159 47 dignitatis,
804 389 85 47 quia
857 389 127 47 secundum
952 389 169 47 philosophum.
1090 389 85 47 iii.
1143 389 138 47 Physicae.
1249 389 95 47 totum
1312 389 53 47 &
1334 389 138 47 perfectum
1439 389 74 47 aut
1482 389 85 47 idem
1535 389 116 47 penitus
1619 389 95 47 sunt,
1683 389 74 47 aut
1725 389 116 47 proxima
1810 389 127 47 secundum

430 435 166 49 naturam.
555 435 69 49 &
582 435 124 49 omnem
665 435 166 49 rationem
790 435 194 49 dignitatis
942 435 69 49 &
969 435 221 49 perfectionis
1149 435 83 49 in
1190 435 97 49 deo
1246 435 152 49 debemus
1356 435 138 49 ponere
1453 435 83 49 vt
1495 435 97 49 pta
1550 435 83 49 ex
1591 435 124 49 supra
1674 435 235 49 determinatis.
1868 435 83 49 In

447 476 86 56 deo
496 476 98 56 ergo
557 476 135 56 ponenda
655 476 86 56 est
704 476 110 56 ratio
777 476 122 56 totius
863 476 73 56 ad
899 476 171 56 voluntatem
1034 476 61 56 &
1059 476 184 56 intellectum
1205 476 147 56 secundum
1315 476 245 56 correspondentiam
1523 476 122 56 illius
1609 476 98 56 quod
1670 476 86 56 est
1719 476 73 56 in
1756 476 135 56 homine.
1854 476 86 56 Qua

440 526 71 53 re
476 526 83 53 cum
523 526 107 53 illud
595 526 71 53 in
630 526 119 53 homine
713 526 83 53 non
761 526 83 53 est
809 526 95 53 nisi
868 526 107 53 totum
939 526 155 53 virtuale.
1058 526 95 53 ergo
1118 526 83 53 &c.
1165 526 59 53 ⁋
1189 526 71 53 In
1225 526 166 53 contrarium
1355 526 95 53 est,
1415 526 131 53 quoniam
1510 526 143 53 secundum
1617 526 107 53 Boet.
1688 526 95 53 lib.
1748 526 166 53 diuisionum
1866 526 48 53 to

447 566 86 59 tum
496 566 147 59 virtuale
606 566 159 59 deducitur
728 566 73 59 ad
765 566 110 59 totum
838 566 183 59 vniversale,
985 566 61 59 &
1009 566 73 59 ad
1046 566 110 59 totum
1119 566 171 59 integrale.
1254 566 110 59 Quare
1327 566 86 59 cum
1376 566 86 59 nec
1425 566 110 59 totum
1498 566 171 59 vniversale
1633 566 86 59 nec
1682 566 110 59 totum
1755 566 159 59 integrale
1865 566 49 59 hy

434 617 116 53 esse
507 617 87 53 in
551 617 116 53 deo,
623 617 87 53 vt
667 617 131 53 supra
754 617 232 53 determinatum
943 617 116 53 est:
1016 617 116 53 ergo
1088 617 189 53 similiter
1233 617 131 53 neque
1321 617 131 53 totum
1393 617 160 53 virtuale.

442 658 78 68 ⁋
473 658 186 68 Dicendum
612 658 93 68 ad
659 658 124 68 hoc:
736 658 124 68 quod
814 658 186 68 secundum
953 658 109 68 iam
1015 658 233 68 determinata
1201 658 140 68 ratio
1294 658 155 68 totius
1403 658 140 68 cadit
1496 658 93 68 in
1542 658 109 68 deo
1604 658 233 68 differenter
1790 658 78 68 a
1806 658 109 68 ratio

446 714 71 54 ne
482 714 155 54 perfecti.
601 714 71 54 ex
637 714 83 54 hoc
684 714 143 54 scilicet
791 714 95 54 quod
851 714 107 54 ratio
922 714 119 54 totius
1006 714 83 54 est
1053 714 71 54 in
1089 714 83 54 deo
1137 714 107 54 sicut
1208 714 60 54 &
1232 714 71 54 in
1268 714 107 54 aliis
1339 714 143 54 respectu
1447 714 191 54 multitudinis
1601 714 191 54 comprehensae
1756 714 71 54 in
1792 714 83 54 eo.
1828 714 83 54 Ratio

449 757 100 61 vero
512 757 151 61 perfecti
625 757 88 61 est
675 757 75 61 in
713 757 75 61 eo
750 757 100 61 quod
813 757 151 61 attingit
926 757 100 61 suum
989 757 201 61 conplementum
1152 757 75 61 in
1190 757 113 61 esse.
1265 757 75 61 vt
1302 757 88 61 sic
1353 757 113 61 totum
1428 757 63 61 &
1453 757 163 61 perfectum
1578 757 100 61 sint
1641 757 100 61 idem
1704 757 88 61 re,
1754 757 63 61 &
1779 757 100 61 sola
1829 757 88 61 diffe

441 802 100 65 rant
503 802 150 65 ratione:
615 802 100 65 quia
678 802 162 65 perfectum
803 802 137 65 dicitur
903 802 137 65 habendo
1003 802 162 65 respectum
1128 802 75 65 ad
1165 802 212 65 complementum,
1340 802 112 65 totum
1415 802 100 65 vero
1478 802 137 65 habendo
1578 802 162 65 respectum
1703 802 75 65 ad
1740 802 112 65 omnia
1803 802 112 65 conten-

448 845 71 61 ta
484 845 71 61 in
519 845 83 61 re,
567 845 71 61 in
602 845 118 61 quibus
685 845 166 61 includitur
815 845 201 61 complementum.
981 845 71 61 Et
1017 845 95 61 ideo
1076 845 178 61 philosophus
1218 845 166 61 definiendo
1348 845 107 61 totum
1419 845 59 61 &
1443 845 166 61 perfectum,
1573 845 107 61 dicit
1645 845 95 61 quod
1704 845 154 61 perfectum
1822 845 83 61 non
1858 845 59 61 est

436 894 110 59 nisi
505 894 124 59 illud
588 894 110 59 quod
656 894 124 59 habet
739 894 220 59 complementum
918 894 124 59 totum
1000 894 110 59 vero
1069 894 96 59 cui
1124 894 124 59 nihil
1207 894 138 59 abest.
1303 894 83 59 Et
1344 894 96 59 (vt
1399 894 138 59 dicit)
1496 894 124 59 sicut
1578 894 179 59 definimus
1716 894 96 59 hoc
1771 894 110 59 modo
1826 894 96 59 totum

452 945 101 56 quod
516 945 89 56 est
566 945 139 56 aliquod
668 945 177 56 singulare,
807 945 76 56 vt
845 945 114 56 totum
921 945 139 56 hominem
1022 945 89 56 aut
1073 945 127 56 arcam:
1162 945 89 56 sic
1213 945 63 56 &
1238 945 101 56 quod
1301 945 89 56 est
1352 945 139 56 proprie
1453 945 76 56 vt
1491 945 127 56 totum,
1580 945 89 56 est
1631 945 114 56 cuius
1707 945 114 56 nihil
1783 945 89 56 est
1821 945 101 56 extra.

446 994 82 52 Vbi
493 994 82 52 est
540 994 176 52 aduertendum
682 994 71 52 ad
717 994 153 52 perfectam
835 994 141 52 notitiam
940 994 176 52 totalitatis
1082 994 94 52 dei:
1140 994 94 52 quod
1199 994 176 52 philosophus
1340 994 153 52 signanter
1458 994 118 52 dicit,
1540 994 94 52 quod
1599 994 82 52 est
1646 994 129 52 proprie
1741 994 71 52 vt
1776 994 118 52 totum:
1846 994 71 52 quia

441 1034 85 63 est
489 1034 134 63 aliquod
587 1034 109 63 totum
659 1034 97 63 quod
720 1034 85 63 non
769 1034 85 63 est
817 1034 134 63 proprie
914 1034 121 63 totum,
999 1034 61 63 &
1024 1034 85 63 est
1072 1034 134 63 aliquod
1169 1034 109 63 totum
1242 1034 97 63 quod
1303 1034 85 63 est
1351 1034 134 63 proprie
1449 1034 121 63 totum.
1534 1034 73 63 Vt
1570 1034 97 63 enim
1631 1034 85 63 ibi
1679 1034 109 63 dicit
1752 1034 134 63 Commen.
1837 1034 85 63 sicut

450 1078 108 59 cuius
522 1078 108 59 nihil
594 1078 84 59 est
642 1078 120 59 extra,
726 1078 84 59 est
774 1078 156 59 definitio
894 1078 120 59 totius
978 1078 72 59 in
1014 1078 228 59 particularibus,
1205 1078 96 59 quae
1265 1078 84 59 non
1313 1078 96 59 sunt
1373 1078 96 59 tota
1433 1078 72 59 in
1469 1078 84 59 rei
1517 1078 156 59 veritate,
1637 1078 84 59 cum
1685 1078 84 59 sit
1733 1078 132 59 aliquid
1817 1078 96 59 extra,

445 1125 117 62 licet
523 1125 91 62 non
575 1125 91 62 sit
626 1125 104 62 pers
691 1125 130 62 eorum:
782 1125 194 62 quemadmodum
937 1125 117 62 extra
1015 1125 143 62 hominem
1119 1125 91 62 cum
1171 1125 91 62 est
1222 1125 130 62 totus,
1313 1125 117 62 licet
1391 1125 91 62 non
1443 1125 91 62 sit
1494 1125 117 62 extra
1572 1125 117 62 ipsum
1650 1125 143 62 aliquid
1754 1125 78 62 de
1779 1125 143 62 intraneis

446 1172 138 63 scilicet
549 1172 149 63 pertinens
664 1172 69 63 ad
698 1172 172 63 substantiam
836 1172 103 63 eius,
905 1172 80 63 est
951 1172 103 63 tamen
1020 1172 103 63 extra
1089 1172 103 63 ipsum
1158 1172 126 63 aliquid
1249 1172 161 63 extraneum,
1376 1172 92 63 quid
1433 1172 80 63 non
1479 1172 80 63 est
1525 1172 69 63 de
1560 1172 161 63 substantia
1686 1172 103 63 eius:
1755 1172 69 63 vt
1789 1172 103 63 ligna
1847 1172 80 63 lapi-

446 1228 89 52 des
497 1228 64 52 &
523 1228 179 52 huiusmodi:
663 1228 89 52 ita
715 1228 89 52 est
766 1228 166 52 definitio
894 1228 128 52 totius
983 1228 77 52 in
1021 1228 89 52 rei
1072 1228 166 52 veritate,
1200 1228 64 52 &
1226 1228 89 52 est
1277 1228 115 52 illud
1354 1228 115 52 cuius
1430 1228 115 52 nihil
1507 1228 89 52 est
1558 1228 115 52 extra
1635 1228 141 52 omnino,
1737 1228 115 52 neque
1814 1228 77 52 de
1839 1228 77 52 sub-

446 1262 124 61 stantia
536 1262 90 61 sua,
593 1262 102 61 neque
660 1262 102 61 alia.
728 1262 102 61 Neque
796 1262 68 61 de
830 1262 158 61 substantia
954 1262 90 61 sua.
1010 1262 136 61 scilicet
1112 1262 181 61 indiuiduali,
1259 1262 56 61 &
1281 1262 158 61 singulari:
1406 1262 136 61 secundum
1507 1262 90 61 quod
1564 1262 124 61 dicitur
1654 1262 90 61 homo
1710 1262 102 61 totus
1778 1262 56 61 &
1789 1262 136 61 perfectus,

439 1310 92 68 quia
497 1310 104 68 nihil
566 1310 81 68 est
612 1310 104 68 extra
682 1310 104 68 ipsum
751 1310 92 68 quod
808 1310 69 68 ad
843 1310 208 68 singularitatem
1016 1310 92 68 suae
1074 1310 173 68 substantiae
1212 1310 150 68 pertinet.
1327 1310 104 68 Neque
1397 1310 69 68 de
1431 1310 104 68 alia:
1500 1310 58 68 &
1523 1310 81 68 hoc
1570 1310 173 68 dupliciter,
1708 1310 115 68 nequo.
1789 1310 138 68 scilicet
1881 1310 46 68 de

449 1357 100 60 alia
512 1357 100 60 suae
575 1357 150 60 speciei,
688 1357 113 60 neque
763 1357 113 60 etiam
838 1357 75 60 de
875 1357 100 60 alia
938 1357 150 60 alterius
1051 1357 150 60 speciei.
1164 1357 138 60 Propter
1264 1357 125 60 primum
1352 1357 100 60 sunt
1414 1357 150 60 diminute
1527 1357 100 60 tota
1590 1357 63 60 &
1615 1357 150 60 perfecta
1728 1357 175 60 singularia
1853 1357 75 60 illa

446 1405 97 63 quae
507 1405 97 63 sunt
567 1405 109 63 plura
640 1405 158 63 indiuidua
762 1405 85 63 sub
810 1405 109 63 eadem
883 1405 97 63 spe.
944 1405 134 63 dicente
1041 1405 146 63 Commnet.
1151 1405 109 63 super
1223 1405 122 63 primum
1309 1405 97 63 cae.
1369 1405 61 63 &
1394 1405 97 63 mun.
1454 1405 97 63 Quod
1515 1405 158 63 inuenitur
1637 1405 97 63 plus
1697 1405 97 63 quam
1758 1405 109 63 vnum:
1831 1405 85 63 est
1867 1405 49 63 di

441 1448 137 67 minutum,
543 1448 91 67 quia
600 1448 68 67 si
634 1448 102 67 esset
702 1448 159 67 perfectum,
828 1448 159 67 sufficeret
953 1448 91 67 esse
1010 1448 102 67 vnum.
1078 1448 68 67 Et
1112 1448 91 67 haec
1169 1448 80 67 est
1214 1448 80 67 cam
1260 1448 91 67 esse
1317 1448 137 67 multorum
1419 1448 182 67 indiuiduorum
1567 1448 102 67 vnius
1636 1448 102 67 specd
1704 1448 137 67 scilicet
1806 1448 91 67 quod
1863 1448 80 67 pro

448 1506 107 60 pter
514 1506 214 60 diminutionem
688 1506 93 60 non
741 1506 107 60 fuit
808 1506 133 60 natura
902 1506 160 60 contenta
1022 1506 80 60 in
1062 1506 107 60 esse
1128 1506 133 60 vnius.
1222 1506 147 60 Propter
1329 1506 160 60 secundum
1449 1506 107 60 sunt
1516 1506 160 60 diminute
1636 1506 107 60 tota
1702 1506 67 60 &
1729 1506 160 60 perfecta
1836 1506 80 60 illa

444 1548 161 51 indiuidua:
571 1548 92 51 quae
629 1548 138 51 secundum
733 1548 184 51 Philosophous
883 1548 127 51 quosdam
975 1548 150 51 continent
1090 1548 69 51 in
1125 1548 69 51 se
1159 1548 104 51 totam
1228 1548 127 51 naturam
1321 1548 138 51 speciei:
1424 1548 81 51 ita
1470 1548 92 51 quod
1528 1548 81 51 non
1574 1548 81 51 sit
1620 1548 92 51 nata
1678 1548 92 51 esse
1736 1548 69 51 in
1770 1548 92 51 alio
1816 1548 104 51 indiui-

445 1587 109 61 duo:
513 1587 81 61 vt
554 1587 109 61 sunt
622 1587 190 61 indiuiduum
771 1587 122 61 solis
853 1587 68 61 &
880 1587 122 61 lunae
961 1587 68 61 &
988 1587 190 61 cuiuslibet
1138 1587 204 61 substantiae
1301 1587 163 61 sepatae.
1423 1587 109 61 quia
1491 1587 109 61 etsi
1559 1587 122 61 extra
1640 1587 109 61 illa
1708 1587 95 61 non
1762 1587 95 61 sit
1816 1587 95 61 aut
1857 1587 68 61 non

443 1635 138 69 possibile
549 1635 74 69 sit
592 1635 85 69 esse
644 1635 138 69 (secundum
750 1635 169 69 Philosophus)
888 1635 116 69 aliquid
972 1635 85 69 suae
1025 1635 116 69 speciei
1110 1635 95 69 (quod
1173 1635 74 69 non
1216 1635 116 69 putamus
1300 1635 85 69 esse
1353 1635 106 69 verum:
1427 1635 63 69 vt
1459 1635 95 69 alibi
1523 1635 116 69 saepius
1607 1635 127 69 diximus)
1702 1635 63 69 es
1734 1635 95 69 tamen
1798 1635 95 69 extra
1851 1635 63 69 illa

437 1686 143 63 aliquiod
544 1686 131 63 naturae
640 1686 143 63 extranea
747 1686 107 63 extra
819 1686 131 63 naturam
914 1686 95 63 suae
974 1686 143 63 speciei.
1081 1686 72 63 Et
1117 1686 143 63 secundum
1224 1686 83 63 hoc
1272 1686 107 63 dicit
1344 1686 191 63 philosophus.
1499 1686 72 63 in
1534 1686 119 63 pirim.
1618 1686 95 63 cae.
1678 1686 60 63 &
1701 1686 95 63 mun.
1761 1686 83 63 Qia
1797 1686 131 63 indiuidua

441 1736 198 48 corporalia
597 1736 170 48 contenta
724 1736 85 48 in
767 1736 170 48 vniuerso
894 1736 170 48 diminuta
1022 1736 127 48 sunt:
1107 1736 99 48 sed
1163 1736 142 48 corpus
1262 1736 170 48 vniuersi
1390 1736 99 48 est
1446 1736 127 48 totum
1531 1736 71 48 &
1560 1736 184 48 perfectum
1701 1736 99 48 non
1758 1736 198 48 diminutum.

445 1773 78 61 vbi
489 1773 100 61 dicit
556 1773 123 61 Commen.
645 1773 89 61 Quod
701 1773 78 61 est
746 1773 111 61 totum,
824 1773 56 61 &
846 1773 156 61 perfectum:
969 1773 134 61 secundum
1069 1773 89 61 quod
1125 1773 111 61 partes
1203 1773 89 61 eius
1258 1773 89 61 sunt
1314 1773 145 61 perfectae
1426 1773 134 61 scilicet
1526 1773 89 61 quia
1582 1773 100 61 nihil
1648 1773 78 61 est
1693 1773 100 61 extra
1760 1773 100 61 ipsum
1827 1773 89 61 quod
1871 1773 56 61 est

439 1824 84 51 de
481 1824 195 51 substantia
635 1824 98 51 sua
690 1824 70 51 &
718 1824 140 51 suarum
816 1824 168 51 partium,
942 1824 70 51 &
970 1824 98 51 hoc
1025 1824 98 51 quo
1081 1824 84 51 ad
1123 1824 140 51 primum
1221 1824 126 51 modum
1305 1824 112 51 eius
1374 1824 126 51 cuius
1458 1824 126 51 nihil
1542 1824 98 51 est
1598 1824 140 51 extra,
1696 1824 70 51 &
1724 1824 168 51 secundum
1835 1824 84 51 quod

441 1875 85 55 non
490 1875 85 55 est
538 1875 98 55 plus
599 1875 85 55 vno
648 1875 171 55 indiuiduo.
782 1875 146 55 Credidit
892 1875 98 55 enim
953 1875 98 55 quod
1014 1875 183 55 impossibile
1161 1875 110 55 esset
1234 1875 110 55 fieri
1307 1875 110 55 alium
1380 1875 122 55 mundum
1466 1875 98 55 suae
1527 1875 146 55 speciei:
1636 1875 61 55 &
1661 1875 85 55 hoc
1710 1875 85 55 quo
1758 1875 73 55 ad
1795 1875 146 55 secundum

438 1914 110 55 modum:
515 1914 55 55 &
537 1914 121 55 quoniam
626 1914 99 55 nihil
692 1914 132 55 continet
791 1914 99 55 ipsum
857 1914 132 55 scilicet
957 1914 88 55 quod
1012 1914 77 55 non
1056 1914 77 55 est
1100 1914 110 55 omnino
1177 1914 99 55 aliud
1244 1914 110 55 corpus
1321 1914 99 55 extra
1387 1914 99 55 ipsum
1453 1914 99 55 etiam
1520 1914 132 55 alterius
1619 1914 121 55 speciei
1707 1914 77 55 aut
1751 1914 132 55 generis:
1840 1914 77 55 neque

448 1954 175 61 possibile
582 1954 94 61 est
636 1954 108 61 esse
703 1954 162 61 secundum
825 1954 108 61 quod
892 1954 108 61 ipse
959 1954 189 61 supposuit,
1107 1954 67 61 &
1134 1954 94 61 hoc
1188 1954 94 61 quo
1242 1954 81 61 ad
1283 1954 148 61 tertium
1390 1954 135 61 modum.
1485 1954 81 61 Et
1525 1954 121 61 licet
1606 1954 121 61 iuxta
1687 1954 94 61 iam
1740 1954 135 61 dictum
1835 1954 121 61 modum

449 2002 114 64 corpus
529 2002 137 64 vniuersi
632 2002 103 64 esset
700 2002 103 64 totum
769 2002 57 64 &
792 2002 149 64 perfectum
906 2002 69 64 in
940 2002 114 64 genere
1020 2002 149 64 corporum,
1135 2002 80 64 non
1181 2002 103 64 tamen
1249 2002 103 64 esset
1318 2002 103 64 totum
1386 2002 57 64 &
1409 2002 149 64 perfectum
1524 2002 172 64 simpliciter
1661 2002 126 64 tanquam
1752 2002 69 64 id
1787 2002 103 64 extra
1855 2002 92 64 quod

437 2048 115 63 nihil
514 2048 89 63 est
565 2048 141 63 omnino.
667 2048 102 63 quia
731 2048 115 63 extra
808 2048 141 63 naturam
910 2048 153 63 corporum
1025 2048 102 63 sunt
1089 2048 192 63 substantiae
1243 2048 205 63 spirituales:
1409 2048 115 63 etiam
1485 2048 115 63 extra
1562 2048 179 63 vniuersum,
1703 2048 77 63 vt
1741 2048 89 63 est
1779 2048 141 63 contentum

442 2097 110 58 omnis
515 2097 171 58 creaturae,
649 2097 86 58 est
698 2097 98 58 ipse
759 2097 147 58 creator,
869 2097 61 58 &
894 2097 86 58 sic
943 2097 122 58 omnino
1028 2097 110 58 totum
1101 2097 61 58 &
1126 2097 159 58 perfectum
1248 2097 86 58 non
1297 2097 110 58 praet
1370 2097 98 58 dici
1431 2097 183 58 vniuersitas
1578 2097 195 58 creaturarum.
1737 2097 110 58 Quare
1810 2097 86 58 cum
1847 2097 73 58 omne

446 2148 189 55 imperfectum
597 2148 63 55 &
622 2148 163 55 diminutum
748 2148 88 55 hiy
798 2148 126 55 reduci
886 2148 75 55 ad
924 2148 176 55 perfectum:
1062 2148 126 55 opetet
1150 2148 163 55 ascendere
1276 2148 75 55 ad
1314 2148 163 55 creatorem
1439 2148 75 55 in
1477 2148 101 55 ipso
1540 2148 138 55 ponendo
1640 2148 163 55 completam
1766 2148 151 55 rationem
1867 2148 50 55 to

446 2197 92 49 tius
504 2197 58 49 &
527 2197 150 49 perfecti.
643 2197 69 49 Et
678 2197 92 49 quia
735 2197 104 49 nihil
805 2197 81 49 est
851 2197 162 49 completius
978 2197 58 49 &
1001 2197 162 49 perfectius
1128 2197 173 49 vniuersitas
1267 2197 150 49 creaturae
1383 2197 81 49 cum
1429 2197 104 49 ipso,
1498 2197 92 49 quam
1556 2197 92 49 ipse
1614 2197 81 49 per
1660 2197 81 49 se,
1706 2197 92 49 quia
1764 2197 104 49 nihil
1822 2197 104 49 melius.

451 2237 76 56 vt
489 2237 88 56 iam
540 2237 114 56 supra
615 2237 151 56 ostensum
729 2237 101 56 est:
792 2237 139 56 Idcirco
893 2237 76 56 in
931 2237 114 56 rerum
1007 2237 202 56 vniuersitate
1171 2237 88 56 non
1221 2237 88 56 est
1272 2237 151 56 ponendum
1385 2237 139 56 aliquod
1486 2237 189 56 simpliciter
1638 2237 114 56 totum
1713 2237 63 56 &
1739 2237 164 56 perfectum
1852 2237 76 56 nisi

432 2283 101 63 ipse
495 2283 101 63 deus
558 2283 151 63 creator,
671 2283 63 63 &
696 2283 88 63 hoc
747 2283 101 63 quia
809 2283 101 63 ipse
872 2283 113 63 solus
948 2283 163 63 perfectus
1073 2283 88 63 est
1124 2283 63 63 &
1149 2283 126 63 totus:
1237 2283 151 63 secundum
1350 2283 101 63 tres
1413 2283 113 63 modos
1488 2283 176 63 praedictos
1626 2283 101 63 eius
1689 2283 113 63 cuius
1765 2283 113 63 nihil
1840 2283 88 63 est
1878 2283 50 63 ex

436 2325 104 60 tra.
501 2325 65 60 &
527 2325 91 60 hoc
579 2325 104 60 quia
645 2325 117 60 nihil
723 2325 91 60 est
775 2325 117 60 extra
853 2325 117 60 ipsum
932 2325 104 60 quod
997 2325 91 60 est
1049 2325 78 60 de
1088 2325 183 60 substantia
1232 2325 65 60 &
1258 2325 157 60 essentia
1375 2325 157 60 deitatis
1493 2325 65 60 &
1519 2325 235 60 singularitatis
1714 2325 117 60 suae:
1793 2325 104 60 siue
1858 2325 91 60 at-

448 2373 156 63 tributorum
570 2373 89 63 eius
626 2373 78 63 aut
670 2373 145 63 aliquorum
782 2373 89 63 quae
837 2373 145 63 pertinent
949 2373 67 63 ad
982 2373 100 63 ipsum
1049 2373 89 63 quia
1105 2373 100 63 nihil
1171 2373 167 63 simpliciter
1305 2373 56 63 &
1327 2373 111 63 omnino
1405 2373 89 63 quod
1461 2373 78 63 est
1505 2373 122 63 diuinae
1594 2373 145 63 essentiae
1706 2373 56 63 &
1728 2373 134 63 naturae,
1828 2373 78 63 est
1861 2373 56 63 aut

434 2416 114 57 etiam
510 2416 102 57 esse
574 2416 127 57 potest
663 2416 114 57 extra
739 2416 127 57 ipsum,
828 2416 102 57 quia
891 2416 127 57 deitas
980 2416 203 57 singularitas
1145 2416 140 57 quaedam
1247 2416 102 57 est.
1310 2416 140 57 Propter
1412 2416 102 57 quod
1475 2416 76 57 in
1513 2416 127 57 natura
1602 2416 152 57 deitatis
1716 2416 89 57 non
1767 2416 140 57 possunt
1856 2416 76 57 esse

448 2470 114 50 plures
528 2470 91 50 dii.
585 2470 103 50 Neque
653 2470 91 50 deus
710 2470 137 50 rationem
813 2470 171 50 vniversalis
950 2470 114 50 habere
1030 2470 126 50 potest:
1121 2470 137 50 secundum
1224 2470 91 50 quod
1281 2470 91 50 haec
1338 2470 103 50 omnia
1407 2470 80 50 iam
1452 2470 103 50 supra
1521 2470 137 50 exposita
1624 2470 103 50 sunt.
1692 2470 69 50 Et
1726 2470 91 50 quia
1784 2470 103 50 nihil
1841 2470 91 50 omnino

441 2519 106 53 extra
512 2519 106 53 ipsum
582 2519 94 53 est,
641 2519 106 53 neque
712 2519 118 53 potest
794 2519 106 53 esse,
864 2519 106 53 neque
935 2519 129 53 naturae
1029 2519 94 53 suae
1088 2519 106 53 neque
1158 2519 153 53 alterius:
1276 2519 153 53 quecumque
1393 2519 94 53 enim
1452 2519 106 53 extra
1522 2519 106 53 ipsum
1593 2519 94 53 sunt
1652 2519 153 53 secundum,
1769 2519 141 53 proprias
1863 2519 59 53 na-

437 2556 110 60 turas
510 2556 171 60 limitatas,
645 2556 110 60 intra
718 2556 110 60 ipsum
792 2556 98 60 sunt
853 2556 147 60 secundum
963 2556 147 60 rationes
1073 2556 196 60 perfectionum
1232 2556 122 60 suarum
1318 2556 98 60 modo
1379 2556 184 60 eminentiori
1526 2556 98 60 quam
1587 2556 98 60 sint
1648 2556 73 60 in
1685 2556 147 60 propriis
1795 2556 147 60 naturis:

434 2603 152 61 secundum
548 2603 101 61 quod
612 2603 114 61 supra
688 2603 165 61 expositum
814 2603 101 61 est,
878 2603 63 61 &
903 2603 152 61 inferius
1017 2603 177 61 exponendum
1156 2603 152 61 loquendo
1270 2603 76 61 de
1308 2603 101 61 esse
1372 2603 190 61 creaturarum
1524 2603 76 61 in
1562 2603 101 61 deo:
1625 2603 76 61 In
1663 2603 89 61 hoc
1714 2603 127 61 igitur
1790 2603 139 61 consistit

436 2651 116 61 diuina
518 2651 151 61 totalitas
633 2651 93 61 quod
691 2651 162 61 vniversale
819 2651 116 61 omnium
900 2651 81 61 est
946 2651 162 61 contentiua
1074 2651 104 61 intra
1143 2651 81 61 se,
1190 2651 93 61 siue
1248 2651 93 61 sint
1306 2651 70 61 in
1340 2651 151 61 creaturis
1456 2651 93 61 quae
1514 2651 139 61 continet
1619 2651 81 61 quo
1665 2651 70 61 ad
1700 2651 151 61 essentias
1804 2651 116 61 creatura

441 2693 81 54 rum
488 2693 69 54 in
522 2693 162 54 rationibus
650 2693 243 54 perfectionalibus,
858 2693 93 54 siue
916 2693 81 54 quo
962 2693 69 54 ad
997 2693 93 54 illa
1054 2693 93 54 quae
1112 2693 93 54 sunt
1170 2693 127 54 aliquid
1263 2693 162 54 dignitatis
1390 2693 174 54 simpliciter
1529 2693 69 54 in
1563 2693 150 54 creaturis
1679 2693 69 54 in
1714 2693 162 54 rationibus
1829 2693 93 54 atttri

438 2738 195 61 butalibus,
591 2738 111 61 sine
661 2738 97 61 non
717 2738 111 61 sint
786 2738 84 61 in
828 2738 195 61 creaturis:
981 2738 70 61 &
1009 2738 97 61 hoc
1065 2738 97 61 quo
1120 2738 84 61 ad
1162 2738 139 61 aliqua
1260 2738 111 61 quae
1329 2738 181 61 pertinent
1468 2738 84 61 ad
1510 2738 181 61 personas,
1649 2738 97 61 aut
1705 2738 84 61 ad
1747 2738 125 61 talia
1817 2738 97 61 attri

428 2793 112 54 buta
498 2793 112 54 quae
568 2793 126 54 forte
653 2793 112 54 sunt
723 2793 140 54 tantae
821 2793 225 54 excellentiae
1004 2793 70 54 &
1032 2793 211 54 dignitatis.
1201 2793 112 54 quod
1271 2793 126 54 nihil
1355 2793 140 54 habent
1453 2793 112 54 sibi
1524 2793 239 54 correspondens
1720 2793 84 54 in
1748 2793 169 54 creaturis.

438 2832 148 64 Secundum
548 2832 123 64 igitur
635 2832 148 64 rationem
745 2832 123 64 talium
831 2832 185 64 contentorum
979 2832 74 64 in
1016 2832 98 64 deo,
1077 2832 148 64 iudicari
1188 2832 111 64 debet
1262 2832 111 64 modus
1336 2832 135 64 diuinae
1434 2832 197 64 totalitatis.
1594 2832 111 64 Etlsi
1668 2832 209 64 transcurramus
1828 2832 86 64 omnes

428 2886 124 65 modos
511 2886 207 65 totalitatis
677 2886 110 65 quae
746 2886 110 65 sunt
815 2886 138 65 totius
911 2886 207 65 integralis,
1077 2886 69 65 &
1105 2886 138 65 totius
1201 2886 221 65 vniuersalis,
1381 2886 69 65 &
1408 2886 138 65 totius
1505 2886 193 65 virtualis,
1657 2886 138 65 nullus
1753 2886 152 65 illorum
1850 2886 69 65 pro
