2017 3254
366 263 118 75 lrca
440 263 147 75 sextum
543 263 177 75 arguitur
676 263 118 75 quod
749 263 133 75 omnes
837 263 236 75 proprietates
1029 263 88 75 in
1073 263 103 75 deo
1132 263 118 75 sunt
1206 263 206 75 relationes
1368 263 162 75 reales,
1471 263 88 75 sic.

371 323 132 61 reale
459 323 161 61 dicitur
576 323 117 61 quid
649 323 73 61 a
678 323 102 61 re.
737 323 132 61 nihil
825 323 132 61 autem
912 323 102 61 rei
971 323 175 61 absolute
1102 323 102 61 est
1161 323 102 61 aut
1219 323 146 61 potest
1322 323 117 61 esse
1395 323 88 61 in
1424 323 146 61 diuinis,

366 380 129 51 nisi
447 380 129 51 ipsa
528 380 210 51 essentia:
689 380 81 51 a
722 380 113 51 qua
786 380 146 51 ortum
883 380 146 51 habet
981 380 129 51 omne
1061 380 259 51 respectiuum:
1272 380 129 51 quod
1353 380 97 51 ex
1401 380 97 51 se
1450 380 113 51 non
1498 380 81 51 est

373 419 105 55 res.
438 419 157 55 secundum
556 419 157 55 Boethium
674 419 157 55 dicentem
791 419 78 55 de
831 419 196 55 triniitate.
988 419 118 55 capi.
1066 419 105 55 xii.
1131 419 105 55 quod
1197 419 105 55 tria
1262 419 235 55 praedicamenta,
1445 419 131 55 scilicet

370 460 222 57 substantia,
548 460 207 57 quantitas,
711 460 74 57 &
740 460 178 57 qualitas
873 460 104 57 rem
933 460 207 57 monstrant:
1095 460 118 57 alia
1169 460 118 57 vero
1243 460 252 57 praedicamenta
1436 460 133 57 circun-

325 496 178 74 stantias
458 496 118 74 rei.
532 496 133 74 nihil
621 496 118 74 ergo
695 496 89 74 in
740 496 163 74 diuinis
858 496 133 74 habet
947 496 118 74 esse
1021 496 133 74 reale
1110 496 118 74 quid
1184 496 118 74 nisi
1258 496 89 74 ab
1302 496 118 74 ipsa
1377 496 148 74 diuina
1465 496 104 74 essen

80 551 108 58 tia.
147 551 94 58 Ied
201 551 215 58 proprietates
375 551 188 58 quaecumque
523 551 188 58 aequaliter
671 551 188 58 realitatem
819 551 134 58 habent
913 551 81 58 ab
954 551 108 58 ipsa
1021 551 161 58 essentia
1142 551 148 58 diuina:
1249 551 108 58 quia
1317 551 81 58 ab
1357 551 108 58 ipsa
1424 551 94 58 non
1464 551 108 58 habent

85 601 206 57 realitatem
247 601 117 57 nisi
320 601 117 57 quia
394 601 88 57 in
438 601 117 57 ipsa
511 601 206 57 fundantur:
673 601 73 57 &
702 601 132 57 omnes
790 601 206 57 aequaliter
951 601 88 57 in
995 601 88 57 ea
1040 601 206 57 fundantur,
1201 601 117 57 quia
1274 601 206 57 immediate:
1436 601 117 57 ergo
1495 601 73 57 &c.

86 647 71 58 ⁋
114 647 184 58 Praeterea
256 647 85 58 si
298 647 156 58 relatio
411 647 99 58 est
468 647 142 58 realis
567 647 71 58 a
595 647 198 58 substantia
751 647 85 58 in
794 647 99 58 qua
850 647 184 58 fundatur:
992 647 99 58 cum
1048 647 99 58 non
1105 647 99 58 sit
1162 647 142 58 realis
1261 647 127 58 dicta
1346 647 113 58 nisi
1416 647 113 58 quia
1473 647 99 58 etiam

76 698 102 51 res
135 698 102 51 sit
193 698 161 51 aliqua,
310 698 146 51 aliter
413 698 117 51 enim
486 698 102 51 non
544 698 234 51 constitueret
734 698 175 51 personam
866 698 117 51 quae
939 698 102 51 res
997 698 117 51 est:
1070 698 102 51 res
1129 698 132 51 autem
1216 698 117 51 esse
1289 698 102 51 non
1348 698 146 51 potest
1435 698 132 51 propter

80 737 95 57 rem
135 737 203 57 substantiae
297 737 108 57 nisi
365 737 108 57 quia
433 737 108 57 ipsa
501 737 95 57 est
555 737 203 57 substantia:
717 737 95 57 qua
772 737 149 57 ratione
880 737 108 57 ergo
948 737 149 57 relatio
1056 737 136 57 potest
1151 737 108 57 dici
1219 737 108 57 res,
1286 737 122 57 eadem
1368 737 149 57 ratione
1463 737 108 57 potest

77 781 114 57 dici
148 781 213 57 substantia.
318 781 199 57 consequens
474 781 99 57 est
531 781 156 57 falsum.
645 781 114 57 ergo
716 781 99 57 &c.
773 781 71 57 ⁋
801 781 114 57 Quia
872 781 128 57 autem
957 781 156 57 aliquae
1071 781 114 57 sint
1142 781 142 57 reales
1241 781 185 57 arguitur.
1383 781 170 57 Boethius
1497 781 71 57 di-

91 825 93 65 cit
144 825 119 65 libro
223 825 80 65 de
263 825 199 65 triniitate.
422 825 106 65 quod
489 825 106 65 sola
555 825 146 65 relatio
661 825 199 65 multiplicat
820 825 199 65 trinitatem.
979 825 106 65 quod
1046 825 119 65 autem
1125 825 146 65 aliquid
1231 825 199 65 multiplicat
1390 825 172 65 realiter,
1510 825 66 65 non

77 871 146 63 potest
180 871 117 63 esse
253 871 117 63 nisi
326 871 146 63 reale.
428 871 248 63 Multiplicatio
632 871 131 63 autem
720 871 204 63 trinitatis
880 871 204 63 personarum
1041 871 88 63 in
1084 871 102 63 deo
1143 871 146 63 realis
1245 871 117 63 est,
1318 871 102 63 non
1376 871 175 63 secundum
1493 871 73 63 ra-

72 917 146 60 tionem
174 917 160 60 tantum.
291 917 160 60 dicente
408 917 189 60 Augustino
553 917 117 60 quod
626 917 131 60 pater
714 917 73 60 &
743 917 146 60 filius
845 917 73 60 &
874 917 175 60 spiritus
1005 917 160 60 sanctus
1122 917 117 60 sunt
1194 917 117 60 tres
1267 917 117 60 res.
1340 917 117 60 ergo
1413 917 102 60 &c.
1471 917 73 60 ⁋
1500 917 117 60 Quia
1559 917 58 60 an

83 970 134 49 autem
173 970 104 49 nec
232 970 134 49 istae
322 970 119 49 sint
396 970 164 49 reales,
516 970 119 49 ergo
590 970 134 49 multo
680 970 164 49 fortius
799 970 104 49 nec
859 970 149 49 aliqua
963 970 179 49 aliarum,
1098 970 179 49 arguitur
1232 970 119 49 sic.
1306 970 134 49 loan.
1381 970 179 49 Damascenus

70 1008 133 54 dicit
159 1008 133 54 lib.o
247 1008 88 54 i.
291 1008 118 54 cap.
365 1008 103 54 xi.
424 1008 133 54 Aliud
512 1008 103 54 est
571 1008 88 54 re
615 1008 236 54 considerare,
807 1008 133 54 aliud
895 1008 162 54 ratione
1013 1008 74 54 &
1043 1008 221 54 cognitione.
1219 1008 88 54 in
1264 1008 162 54 omnibus
1381 1008 147 54 quidem
1470 1008 103 54 crea-

73 1063 148 47 turis
171 1063 247 47 hypostaseon
368 1063 181 47 diuisio
500 1063 263 47 consideratur
713 1063 115 47 re,
779 1063 230 47 communitas
960 1063 148 47 autem
1059 1063 148 47 earum
1157 1063 181 47 ratione
1289 1063 82 47 &
1322 1063 230 47 cognitione
1486 1063 82 47 con

78 1100 196 63 sideratur.
232 1100 84 63 in
274 1100 196 63 substantia
428 1100 112 63 vero
498 1100 294 63 supersubstantiali
750 1100 182 63 econuerso
889 1100 112 63 est.
959 1100 126 63 illic
1043 1100 112 63 enim
1113 1100 154 63 commune
1225 1100 70 63 &
1253 1100 112 63 vnum
1323 1100 84 63 re
1365 1100 238 63 consideratur:

70 1144 212 59 cognitione
236 1144 121 59 vero
312 1144 106 59 est
373 1144 182 59 secundum
509 1144 182 59 diuisum.
645 1144 106 59 sed
705 1144 136 59 istud
796 1144 166 59 diuisum
917 1144 106 59 non
978 1144 106 59 est
1038 1144 121 59 nisi
1114 1144 182 59 secundum
1250 1144 242 59 proprietates
1432 1144 136 59 persona

81 1190 127 58 les.
161 1190 175 58 dicente
288 1190 159 58 eodem.
400 1190 127 58 Vnum
479 1190 127 58 enim
559 1190 127 58 deum
638 1190 255 58 cognoscimus:
845 1190 96 58 in
893 1190 143 58 solis
989 1190 127 58 vero
1068 1190 287 58 proprietatibus
1307 1190 80 58 &
1339 1190 255 58 paternitatis
1530 1190 48 58 &

77 1236 224 61 filiationis
256 1236 75 61 &
286 1236 239 61 processionis
480 1236 179 61 secundum
615 1236 224 61 existentiae
794 1236 134 61 modum
884 1236 239 61 differentiar
1078 1236 254 61 intelligimus.
1287 1236 120 61 ergo
1362 1236 179 61 secundum
1481 1236 90 61 pro-

76 1282 205 62 prietates
234 1282 205 62 huiusmodi
391 1282 110 62 non
454 1282 205 62 differunt
611 1282 189 62 personae
753 1282 126 62 nisi
832 1282 220 62 cognitione
1005 1282 110 62 seu
1068 1282 189 62 ratione.
1209 1282 110 62 hoc
1272 1282 142 62 autem
1366 1282 110 62 non
1429 1282 142 62 esset
1508 1282 63 62 si

77 1337 147 45 essent
180 1337 206 45 relationes
342 1337 162 45 reales.
460 1337 118 45 ergo
534 1337 103 45 &c.
593 1337 74 45 ⁋
622 1337 118 45 ltem
696 1337 177 45 Boethius
829 1337 88 45 de
873 1337 191 45 trinitate
1020 1337 147 45 dicit,
1123 1337 118 45 quod
1197 1337 162 45 relatio
1315 1337 147 45 patris
1418 1337 88 45 ad
1447 1337 118 45 filium

87 1380 77 59 &
117 1380 200 59 vtriusque
272 1380 92 59 ad
318 1380 185 59 spiritum
456 1380 170 59 sanctum
580 1380 170 59 similis
703 1380 108 59 est
765 1380 200 59 relationi
919 1380 170 59 eiusdem
1042 1380 92 59 ad
1088 1380 185 59 seipsum.
1227 1380 123 59 illa
1304 1380 139 59 autem
1396 1380 108 59 est
1443 1380 123 59 ratio-

82 1421 116 67 nis
149 1421 182 67 tantum.
281 1421 132 67 ergo
347 1421 83 67 &c.

85 1486 81 87 ⁋
117 1486 194 87 Dicendum
262 1486 97 87 ad
311 1486 113 87 hoc
375 1486 194 87 secundum
520 1486 145 87 supra
617 1486 258 87 determinata,
827 1486 129 87 quod
908 1486 258 87 proprietates
1117 1486 258 87 attributales
1327 1486 226 87 relationes
1488 1486 81 87 si-

83 1559 88 55 ue
127 1559 191 55 respectus
274 1559 147 55 reales
377 1559 103 55 non
435 1559 132 55 sunt.
523 1559 132 55 cuius
611 1559 132 55 tamen
699 1559 132 55 ratio
787 1559 103 55 iam
846 1559 205 55 videbitur.
1008 1559 88 55 De
1052 1559 132 55 aliis
1140 1559 132 55 autem
1228 1559 191 55 sciendum,
1374 1559 117 55 quod
1448 1559 103 55 cum
1492 1559 73 55 re-

75 1602 144 58 latio
171 1602 144 58 omnis
268 1602 209 58 consistit
428 1602 96 58 in
476 1602 161 58 quodam
589 1602 161 58 ordine
701 1602 80 58 &
733 1602 225 58 collatione
910 1602 161 58 quadam
1022 1602 209 58 relatorum
1183 1602 144 58 inter
1279 1602 112 58 se,
1343 1602 128 58 iste
1424 1602 128 58 ordo
1488 1602 80 58 va-

79 1646 135 60 riari
169 1646 135 60 habet
259 1646 180 60 secundum
394 1646 210 60 varietatem
560 1646 240 60 ordinatorum:
755 1646 75 60 &
785 1646 105 60 hoc
845 1646 240 60 tripliciter:
1040 1646 120 60 quia
1115 1646 105 60 aut
1175 1646 195 60 consistit
1326 1646 90 60 in
1371 1646 150 60 ordine
1461 1646 105 60 ordi-

74 1701 166 54 natorum
195 1701 91 54 ex
240 1701 151 54 natura
346 1701 121 54 rei:
422 1701 91 54 vt
467 1701 91 54 ex
512 1701 166 54 vtraque
633 1701 136 54 parte
724 1701 136 54 ratio
815 1701 166 54 ordinis
936 1701 106 54 sit
996 1701 91 54 ex
1042 1701 151 54 natura
1148 1701 121 54 rei:
1223 1701 106 54 vel
1284 1701 91 54 in
1329 1701 151 54 ordine
1420 1701 151 54 ordinato

77 1746 103 54 tum
136 1746 88 54 ex
180 1746 162 54 ratione
298 1746 236 54 intellectus:
490 1746 88 54 vt
534 1746 88 54 ex
578 1746 162 54 vtraque
696 1746 133 54 parte
784 1746 133 54 ratio
872 1746 162 54 ordinis
990 1746 103 54 sit
1049 1746 88 54 ex
1093 1746 162 54 ratione
1211 1746 250 54 intellectuum:
1417 1746 103 54 vel
1461 1746 118 54 partim

87 1789 82 58 in
128 1789 124 58 ordie
211 1789 206 58 ordinatorum
376 1789 82 58 ex
417 1789 137 58 natura
513 1789 110 58 rei,
582 1789 137 58 partim
678 1789 82 58 in
720 1789 124 58 ordie
802 1789 206 58 ordinatorum
967 1789 82 58 ex
1008 1789 151 58 ratione
1118 1789 220 58 intellectus:
1297 1789 82 58 vt
1338 1789 179 58 videlicet
1476 1789 82 58 ex
1503 1789 69 58 vna

86 1841 125 52 parte
170 1841 98 52 sit
225 1841 125 52 ratio
309 1841 153 52 ordinis
421 1841 84 52 ex
463 1841 139 52 natura
560 1841 112 52 rei,
630 1841 70 52 &
658 1841 84 52 ex
700 1841 112 52 alia
769 1841 84 52 ex
811 1841 153 52 ratione
923 1841 223 52 intellectus.
1104 1841 84 52 Si
1146 1841 84 52 in
1188 1841 139 52 ordine
1285 1841 209 52 ordinatorum
1453 1841 84 52 ex
1480 1841 98 52 natu-

74 1880 82 53 ra
115 1880 110 53 rei,
184 1880 96 53 sic
239 1880 96 53 est
294 1880 151 53 relatio
404 1880 151 53 realis.
514 1880 82 53 Si
555 1880 82 53 in
596 1880 137 53 ordine
693 1880 206 53 ordinatorum
858 1880 82 53 ex
899 1880 151 53 ratione
1009 1880 220 53 intellectus,
1187 1880 96 53 sic
1242 1880 96 53 est
1297 1880 151 53 relatio
1407 1880 179 53 rationis.
1531 1880 55 53 Si

89 1929 110 58 ptim
158 1929 96 58 vno
213 1929 110 58 modo
281 1929 69 58 &
309 1929 137 58 partim
405 1929 110 58 alio
473 1929 123 58 modo:
556 1929 96 58 sic
611 1929 96 58 est
666 1929 137 58 partim
762 1929 69 58 &
789 1929 82 58 ex
830 1929 96 58 vno
885 1929 137 58 latere
981 1929 151 58 relatio
1091 1929 178 58 rationis,
1228 1929 137 58 partim
1324 1929 110 58 vero
1393 1929 69 58 &
1420 1929 82 58 ex
1461 1929 110 58 alio
1516 1929 55 58 la

78 1969 115 51 tere
150 1969 158 51 relatio
265 1969 115 51 rei.
337 1969 173 51 Exemplum
467 1969 86 51 de
510 1969 101 51 hoc
567 1969 144 51 tertio
668 1969 115 51 modo
740 1969 115 51 est:
812 1969 86 51 si
856 1969 115 51 homo
928 1969 158 51 dextera
1043 1969 101 51 sua
1101 1969 202 51 comparatur
1259 1969 86 51 ad
1302 1969 187 51 columnam,
1446 1969 115 51 ista
1504 1969 72 51 re-

78 2015 124 59 latio
161 2015 110 59 quam
229 2015 110 59 homo
298 2015 124 59 habet
380 2015 82 59 ad
422 2015 165 59 columnam
545 2015 82 59 vt
586 2015 137 59 dexter
682 2015 96 59 ei:
737 2015 69 59 &
765 2015 151 59 columna
875 2015 82 59 ad
916 2015 151 59 hominem
1026 2015 82 59 vt
1067 2015 82 59 ei
1108 2015 179 59 sinistra:
1245 2015 110 59 quia
1314 2015 110 59 sita
1383 2015 96 59 est
1438 2015 82 59 ad
1465 2015 110 59 dexte-

82 2058 104 56 ram
142 2058 134 56 eius:
231 2058 119 56 ista
306 2058 149 56 inquam
410 2058 164 56 relatio
530 2058 164 56 hominis
649 2058 90 56 ad
694 2058 179 56 columnam
828 2058 149 56 realis
932 2058 119 56 est:
1007 2058 119 56 quia
1082 2058 179 56 dexterum
1216 2058 134 56 super
1305 2058 119 56 quod
1380 2058 179 56 fundatur
1514 2058 90 56 in

81 2107 164 51 homine.
201 2107 179 51 secundum
335 2107 105 51 rem
395 2107 105 51 est
455 2107 90 51 in
499 2107 164 51 homine:
619 2107 164 51 relatio
738 2107 120 51 vero
813 2107 179 51 columnae
948 2107 90 51 ad
992 2107 164 51 hominem
1112 2107 134 51 solum
1202 2107 179 51 rationis
1336 2107 120 51 est:
1411 2107 120 51 quia
1470 2107 105 51 sini-

84 2151 120 54 strum
164 2151 120 54 super
244 2151 107 54 quod
311 2151 160 54 fundatur
431 2151 80 54 in
471 2151 160 54 columna,
591 2151 94 54 non
645 2151 94 54 est
698 2151 80 54 in
738 2151 147 54 columna
845 2151 107 54 nisi
912 2151 160 54 secundum
1032 2151 174 54 conceptum
1166 2151 214 54 intellectus,
1340 2151 160 54 scilicet
1460 2151 80 54 ex
1486 2151 94 54 respe

91 2202 113 52 ctu
155 2202 97 52 ad
204 2202 194 52 dexterum
349 2202 194 52 hominis.
495 2202 194 52 Exemplum
640 2202 97 52 de
689 2202 178 52 secundo
818 2202 129 52 est,
899 2202 162 52 quando
1012 2202 242 52 intellectus
1206 2202 178 52 accipit
1336 2202 129 52 vnum
1416 2202 97 52 vt
1465 2202 129 52 duo:
1530 2202 48 52 &

92 2240 95 57 er
140 2240 110 57 hoc
203 2240 221 57 intelligit
376 2240 142 57 illud
471 2240 110 57 sub
534 2240 158 57 quodam
644 2240 158 57 ordine
754 2240 79 57 &
786 2240 189 57 respectu
928 2240 95 57 ad
975 2240 189 57 seipsum,
1117 2240 142 57 sicut
1211 2240 110 57 cum
1274 2240 173 57 dicitur
1401 2240 173 57 aliquid
1511 2240 63 57 es

76 2286 88 55 se
120 2286 117 55 idem
193 2286 190 55 sibiipsi.
340 2286 102 55 ibi
398 2286 117 55 enim
471 2286 102 55 est
530 2286 88 55 ex
574 2286 161 55 vtraque
691 2286 132 55 parte
778 2286 161 55 relatio
895 2286 175 55 secundum
1027 2286 190 55 rationem:
1173 2286 117 55 quia
1246 2286 205 55 duplicatio
1407 2286 117 55 ista
1466 2286 102 55 eius-

67 2330 108 58 dem
128 2330 108 58 non
190 2330 108 58 est
252 2330 123 58 nisi
329 2330 93 58 in
375 2330 185 58 conceptu
514 2330 247 58 intellectus.
714 2330 108 58 Vel
776 2330 108 58 cum
838 2330 170 58 dicitur
961 2330 93 58 in
1007 2330 170 58 diuinis
1131 2330 139 58 pater
1223 2330 108 58 est
1285 2330 185 58 aequalis
1424 2330 154 58 filio,
1516 2330 62 58 ex

84 2379 152 60 vtraque
194 2379 124 60 parte
277 2379 96 60 est
332 2379 152 60 relatio
442 2379 165 60 secundum
566 2379 179 60 rationem,
704 2379 69 60 &
732 2379 96 60 hoc
787 2379 110 60 quia
856 2379 193 60 aequalitas
1007 2379 179 60 aliquorum
1145 2379 96 60 non
1200 2379 96 60 est
1255 2379 152 60 relatio
1365 2379 110 60 nisi
1434 2379 165 60 secundum

73 2427 244 52 magnitudines
271 2427 137 52 eorum
362 2427 259 52 commensuratas
576 2427 137 52 inter
667 2427 107 52 se,
728 2427 122 52 siue
804 2427 183 52 secundum
941 2427 122 52 quod
1017 2427 152 52 habent
1124 2427 244 52 magnitudines
1322 2427 137 52 inter
1413 2427 91 52 se
1444 2427 137 52 commen-

89 2469 178 63 suratas.
223 2469 74 63 &
252 2469 119 63 ideo
326 2469 104 63 non
386 2469 104 63 est
445 2469 148 63 realis
549 2469 163 63 relatio
667 2469 208 63 aequalitas
831 2469 148 63 duorum
934 2469 104 63 aut
994 2469 178 63 plurium:
1127 2469 119 63 nisi
1201 2469 178 63 secundum
1335 2469 119 63 duas
1409 2469 104 63 aut
1453 2469 119 63 plures

83 2521 263 47 magnitudines
296 2521 295 47 commensuratas,
542 2521 197 47 secundum
690 2521 131 47 quas
772 2521 148 47 inter
870 2521 98 47 se
920 2521 295 47 commensurantur
1166 2521 197 47 realiter
1313 2521 213 47 abinuicem
1461 2521 115 47 diuer

93 2574 100 46 as,
150 2574 129 46 super
236 2574 115 46 quas
307 2574 186 46 fundantur
451 2574 186 46 respectus
594 2574 143 46 reales
694 2574 172 46 diuersi.
823 2574 186 46 Magnitudo
966 2574 129 46 autem
1052 2574 215 46 spiritualis
1224 2574 143 46 patris
1324 2574 72 46 &
1353 2574 143 46 filii,
1453 2574 100 46 est
1496 2574 86 46 ipsa

83 2610 143 64 diuina
183 2610 185 64 essentia:
325 2610 114 64 quae
396 2610 100 64 vna
453 2610 100 64 est
511 2610 86 64 in
553 2610 157 64 vtroque
667 2610 171 64 secundum
796 2610 114 64 rem,
867 2610 71 64 &
896 2610 128 64 nullo
981 2610 114 64 modo
1052 2610 228 64 plurificata.
1238 2610 100 64 Cum
1295 2610 114 64 ergo
1366 2610 171 64 secundum
1480 2610 100 64 ipsam

92 2651 161 61 dicitur
209 2651 117 61 esse
282 2651 205 61 personarum
443 2651 219 61 aequalitas,
619 2651 161 61 oportet
736 2651 117 61 quod
809 2651 102 61 bis
867 2651 205 61 accipiatur
1028 2651 175 61 secundum
1160 2651 234 61 intellectum:
1350 2651 132 61 semel
1437 2651 88 61 vt
1467 2651 102 61 habet

95 2698 119 74 esse
170 2698 89 74 in
214 2698 104 74 vna
274 2698 179 74 persona:
408 2698 74 74 &
437 2698 134 74 semel
527 2698 89 74 vt
571 2698 89 74 in
616 2698 134 74 alia:
705 2698 104 74 vel
765 2698 104 74 ter
824 2698 89 74 si
869 2698 134 74 trium
958 2698 208 74 personarum
1122 2698 208 74 aequalitas
1285 2698 179 74 secundum
1419 2698 134 74 ipsam
1494 2698 74 74 est
