2017 2419
833 198 77 48 aut
877 198 88 48 ista
932 198 77 48 res
975 198 77 48 est
1019 198 88 48 idem
1074 198 109 48 omnino
1150 198 77 48 cum
1194 198 88 48 modo
1249 198 186 48 praedicamenti
1402 198 88 48 quid
1457 198 77 48 est
1500 198 66 48 ad
1533 198 98 48 aliud
1599 198 98 48 esse:
1665 198 77 48 aut
1708 198 88 48 non.
1763 198 66 48 Si
1796 198 88 48 non,
1850 198 88 48 tunc
1894 198 44 48 si

826 242 139 35 translata
934 242 139 35 relatione
1041 242 64 35 ad
1073 242 107 35 diuina
1148 242 75 35 non
1191 242 97 35 manet
1255 242 139 35 huiusmodi
1363 242 150 35 respectus:
1481 242 86 35 quia
1534 242 129 35 secundum
1631 242 118 35 aliquos
1717 242 75 35 est
1760 242 129 35 accidens
1856 242 64 35 in
1878 242 64 35 crea

827 271 110 39 turis:
904 271 77 39 sed
948 271 121 39 transit
1036 271 66 39 in
1069 271 176 39 substantiam:
1212 271 88 39 tunc
1267 271 88 39 quod
1322 271 99 39 manet
1388 271 66 39 de
1420 271 143 39 relatione
1530 271 66 39 in
1563 271 121 39 diuinis
1651 271 77 39 non
1695 271 77 39 est
1739 271 88 39 nisi
1794 271 99 39 modus
1849 271 99 39 tantum,

836 304 54 35 &
858 304 75 35 non
901 304 75 35 est
944 304 75 35 res
987 304 129 35 plusquam
1084 304 65 35 in
1116 304 151 35 creaturis.
1234 304 65 35 Si
1266 304 97 35 autem
1331 304 97 35 manet
1395 304 65 35 in
1428 304 118 35 diuinis
1514 304 65 35 vt
1546 304 118 35 aliquid
1632 304 97 35 aliud
1696 304 65 35 ab
1729 304 86 35 illo
1782 304 97 35 modo,
1847 304 86 35 tunc
1890 304 43 35 re

828 338 110 37 aliqua
905 338 143 37 creaturae
1015 338 99 37 esset
1081 338 66 37 in
1114 338 121 37 diuinis
1201 338 121 37 praeter
1289 338 77 37 rem
1333 338 143 37 deitatis,
1443 338 55 37 &
1465 338 121 37 praeter
1553 338 99 37 modum
1619 338 121 37 essendi
1706 338 66 37 ad
1739 338 110 37 aliud:
1816 338 88 37 quod
1860 338 88 37 falsum

836 369 86 42 est.
890 369 64 42 Si
922 369 96 42 autem
986 369 75 42 res
1029 369 86 42 illa
1083 369 64 42 in
1115 369 139 42 creaturis
1222 369 75 42 sit
1265 369 86 42 ipse
1318 369 107 42 modus,
1393 369 54 42 &
1414 369 161 42 transfertur
1543 369 64 42 ad
1575 369 118 42 diuina,
1661 369 118 42 oportet
1746 369 86 42 quod
1800 369 118 42 maneat:
1875 369 64 42 quia

826 403 113 43 aliter
905 403 101 43 nihil
972 403 68 43 de
1006 403 191 43 praedicamento
1163 403 158 43 relationis
1287 403 124 43 maneret
1377 403 68 43 in
1411 403 135 43 diuinis.
1512 403 68 43 In
1546 403 124 43 diuinis
1636 403 90 43 ergo
1692 403 135 43 realitas
1793 403 158 43 relationis
1906 403 45 43 ex

823 441 118 33 ordine
906 441 71 33 ad
942 441 142 33 obiectum
1048 441 83 33 non
1095 441 83 33 est
1143 441 95 33 nisi
1202 441 95 33 ipse
1261 441 118 33 modus.
1344 441 59 33 &
1368 441 83 33 sic
1415 441 142 33 secundum
1522 441 95 33 quod
1581 441 95 33 sunt
1640 441 130 33 diuersi
1735 441 95 33 modi
1794 441 71 33 ad
1830 441 107 33 aliud
1889 441 59 33 es-

838 471 101 42 endi,
905 471 135 42 secundum
1007 471 90 42 quod
1063 471 90 42 sunt
1119 471 124 42 obiecta
1210 471 135 42 diuersa,
1311 471 79 42 sic
1356 471 56 42 &
1379 471 135 42 diuersae
1480 471 90 42 res.
1536 471 79 42 Sed
1581 471 90 42 tunc
1638 471 79 42 non
1683 471 79 42 est
1728 471 158 42 disputatio
1852 471 90 42 nisi
1897 471 45 42 de

826 509 135 35 nomine,
924 509 172 35 appellando
1059 509 135 35 extenso
1157 509 123 35 nomine
1242 509 86 35 rem
1291 509 98 35 quod
1353 509 98 35 alii
1414 509 159 35 appellant
1537 509 110 35 modum
1610 509 98 35 rei.
1671 509 135 35 Attamen
1769 509 74 35 si
1806 509 86 35 sic
1843 509 98 35 respe-

828 541 94 42 ctus
887 541 129 42 possint
980 541 94 42 dici
1039 541 94 42 res,
1097 541 82 42 hoc
1144 541 82 42 non
1191 541 82 42 est
1238 541 94 42 nisi
1296 541 94 42 quia
1355 541 70 42 ex
1390 541 117 42 natura
1472 541 82 42 rei
1518 541 152 42 fundantur
1635 541 70 42 in
1670 541 94 42 vera
1729 541 82 42 re.
1776 541 94 42 Quia
1834 541 94 42 enim
1881 541 70 42 rea-

829 574 109 39 liter
901 574 60 39 &
925 574 72 39 ex
962 574 121 39 natura
1046 574 121 39 ipsius
1131 574 84 39 rei
1179 574 157 39 fundantur
1299 574 72 39 in
1336 574 72 39 re
1372 574 145 39 secundum
1480 574 121 39 dictum
1565 574 109 39 modum
1637 574 72 39 vt
1674 574 145 39 dicantur
1782 574 84 39 res
1830 574 72 39 ex
1854 574 97 39 ordine

826 610 74 35 ad
863 610 196 35 fundamentum,
1022 610 98 35 ideo
1083 610 110 35 etiam
1157 610 147 35 realiter
1267 610 172 35 respiciunt
1402 610 159 35 obiectum,
1524 610 61 35 &
1549 610 147 35 dicuntur
1659 610 86 35 res
1708 610 74 35 in
1745 610 123 35 ordine
1831 610 74 35 ad
1855 610 86 35 obie-

826 644 107 39 ctum,
897 644 83 39 non
945 644 107 39 autem
1016 644 71 39 ex
1051 644 119 39 ordine
1135 644 71 39 ad
1170 644 154 39 obiectum.
1289 644 83 39 Non
1336 644 95 39 enim
1395 644 154 39 respicere
1514 644 142 39 obiectum
1621 644 142 39 realiter
1728 644 83 39 dat
1775 644 83 39 eis
1822 644 95 39 quod
1870 644 71 39 sunt

826 673 87 40 res
875 673 111 40 etiam
949 673 74 40 in
986 673 198 40 comparatione
1147 673 74 40 ad
1184 673 161 40 obiectum:
1308 673 99 40 immo
1370 673 173 40 econuerso,
1506 673 99 40 quia
1568 673 99 40 enim
1629 673 99 40 sunt
1691 673 87 40 res
1741 673 74 40 ex
1778 673 124 40 ordine
1864 673 74 40 ad
1889 673 62 40 fun

835 708 161 38 damentum,
958 708 111 38 etiam
1033 708 99 38 sunt
1094 708 87 38 res
1144 708 74 38 in
1181 708 124 38 ordine
1268 708 74 38 ad
1305 708 161 38 obiectum,
1428 708 62 38 &
1453 708 111 38 etiam
1527 708 148 38 realiter
1639 708 173 38 respiciunt
1775 708 161 38 obiectum.
1886 708 62 38 Be-

823 747 74 44 ne
860 747 112 44 tamen
934 747 112 44 verum
1009 747 87 44 est
1058 747 74 44 si
1096 747 161 44 respectus
1220 747 137 44 dicatur
1319 747 99 44 res,
1381 747 99 44 quod
1443 747 112 44 sicut
1518 747 137 44 diuersi
1617 747 99 44 sunt
1679 747 161 44 respectus
1803 747 74 44 ex
1841 747 112 44 compa-

826 779 125 46 ratione
917 779 68 46 ad
951 779 125 46 diuersa
1042 779 136 46 obiecta,
1144 779 80 46 sic
1190 779 57 46 &
1212 779 136 46 diuersae
1315 779 91 46 sunt
1371 779 91 46 res:
1428 779 80 46 sed
1474 779 80 46 hoc
1519 779 125 46 nunquam
1610 779 136 46 prouenit
1713 779 68 46 vt
1747 779 68 46 ex
1781 779 102 46 causa
1838 779 102 46 propter

826 814 99 41 quam
887 814 99 41 sic,
949 814 86 41 sed
998 814 111 41 solum
1072 814 99 41 sine
1134 814 86 41 qua
1183 814 99 41 non.
1245 814 160 41 aliquando
1368 814 99 41 enim
1430 814 99 41 sunt
1492 814 136 41 diuersi
1591 814 160 41 respectus
1714 814 74 41 ad
1751 814 99 41 idem
1800 814 136 41 obiectum.

827 848 77 36 vt
866 848 129 36 duorum
956 848 154 36 filiorum
1072 848 77 36 ad
1110 848 129 36 eundem
1200 848 142 36 patrem:
1303 848 77 36 vt
1342 848 180 36 praedictum
1484 848 103 36 est.
1548 848 103 36 Vnde
1612 848 103 36 quod
1677 848 129 36 duorum
1767 848 154 36 filiorum
1870 848 77 36 sunt

833 875 87 53 duae
887 875 163 53 filiationes
1018 875 65 53 ad
1050 875 109 53 eundem
1126 875 119 53 patrem,
1213 875 98 53 causa
1278 875 87 53 siue
1332 875 98 53 ratio
1398 875 87 53 quod
1452 875 87 53 sunt
1506 875 119 53 diuersi
1593 875 152 53 respectus,
1712 875 76 53 aut
1756 875 130 53 diuersae
1853 875 87 53 res,
1897 875 54 53 non

825 914 83 45 est
873 914 143 45 obiectum
980 914 107 45 vnum:
1051 914 83 45 sed
1099 914 119 45 potius
1183 914 179 45 fundamenta:
1325 914 95 45 quae
1385 914 95 45 sunt
1445 914 143 45 diuersae
1552 914 155 45 potentiae
1671 914 155 45 generandi
1790 914 143 45 passiuae
1897 914 71 45 in

825 946 140 43 diuersis
930 946 151 43 materiis:
1046 946 70 43 ex
1081 946 116 43 quibus
1163 946 163 43 generantur
1291 946 81 43 duo
1337 946 116 43 filii:
1419 946 105 43 super
1488 946 116 43 quorum
1570 946 140 43 diuersas
1674 946 151 43 potentias
1791 946 140 43 passiuas
1884 946 58 43 fun

821 984 111 39 dantur
898 984 133 39 diuersae
998 984 177 39 filiationes,
1142 984 77 39 cum
1186 984 100 39 tamen
1253 984 155 39 paternitas
1374 984 100 39 vnica
1441 984 133 39 secundum
1540 984 77 39 rem
1585 984 155 39 respondeat
1707 984 77 39 eis
1751 984 66 39 in
1784 984 133 39 obiecto:
1873 984 66 39 quia

826 1014 144 50 fundatur
934 1014 108 50 super
1006 1014 120 50 vnicam
1089 1014 156 50 potentiam
1209 1014 156 50 generandi
1329 1014 132 50 actiuam
1424 1014 96 50 quae
1484 1014 84 50 est
1532 1014 72 50 in
1568 1014 108 50 forma
1640 1014 191 50 substantiali
1783 1014 156 50 generantis.

821 1049 77 49 Sic
865 1049 55 49 &
887 1049 66 49 in
920 1049 121 49 diuinis
1008 1049 88 49 quod
1063 1049 143 49 respectus
1174 1049 88 49 sunt
1229 1049 121 49 diuersi
1317 1049 66 49 ad
1350 1049 121 49 diuersa
1438 1049 132 49 obiecta,
1537 1049 77 49 non
1581 1049 88 49 sunt
1636 1049 99 49 causa
1703 1049 77 49 aut
1747 1049 99 49 ratio
1813 1049 132 49 obiecta,
1901 1049 44 49 li

832 1089 81 44 cet
879 1089 81 44 non
925 1089 92 44 sunt
982 1089 92 44 sine
1040 1089 127 44 illorum
1132 1089 184 44 diuersitate:
1282 1089 92 44 quia
1339 1089 138 44 secundum
1443 1089 173 44 Philosophum
1581 1089 138 44 relatiua
1685 1089 92 44 sunt
1743 1089 104 44 simul
1812 1089 127 44 natura:
1892 1089 58 44 neu

824 1120 92 38 trum
881 1120 103 38 tamen
949 1120 80 38 est
995 1120 103 38 causa
1064 1120 137 38 alterius
1167 1120 69 38 vt
1201 1120 92 38 sit:
1258 1120 80 38 sed
1304 1120 103 38 causa
1373 1120 57 38 &
1396 1120 103 38 ratio
1464 1120 80 38 per
1510 1120 69 38 se
1544 1120 80 38 est
1590 1120 92 38 ipsa
1647 1120 114 38 diuina
1728 1120 137 38 essentia
1819 1120 126 38 inquantum

812 1154 89 44 est
863 1154 192 44 fundamentum
1017 1154 128 44 omnium
1106 1154 166 44 diuinarum
1234 1154 217 44 proprietatum.
1413 1154 153 44 secundum
1528 1154 179 44 praetactum
1669 1154 128 44 modum.
1758 1154 115 44 Licet
1835 1154 102 44 enim
1886 1154 64 44 sit

829 1186 104 51 vnica
899 1186 69 51 re
933 1186 150 51 absoluta,
1048 1186 127 51 propter
1140 1186 104 51 tamen
1209 1186 127 51 eiusdem
1301 1186 173 51 infinitatem
1440 1186 58 51 &
1463 1186 173 51 illimitatem
1601 1186 92 51 ipsa
1658 1186 81 51 est
1704 1186 81 51 per
1750 1186 69 51 se
1785 1186 104 51 ratio
1854 1186 69 51 vt
1888 1186 81 51 qua

822 1220 69 43 si
856 1220 114 43 sluant
936 1220 69 43 ab
970 1220 91 43 ipsa
1027 1220 126 43 diuersi
1119 1220 149 43 respectus
1233 1220 91 43 modo
1290 1220 137 43 actionis
1393 1220 57 43 &
1416 1220 149 43 passionis
1530 1220 91 43 sibi
1588 1220 194 43 respondentes,
1748 1220 57 43 &
1771 1220 137 43 vlterius
1862 1220 80 43 diuer

824 1250 69 47 sa
858 1250 149 47 producta:
973 1250 69 47 vt
1007 1250 92 47 modo
1065 1250 138 47 actionis
1168 1250 138 47 generare
1272 1250 57 47 &
1295 1250 126 47 spirare
1387 1250 69 47 ad
1421 1250 172 47 producendum
1559 1250 115 47 actiue
1640 1250 115 47 filium
1720 1250 57 47 &
1743 1250 138 47 spiritum
1835 1250 115 47 sanctum-

820 1286 61 49 &
844 1286 97 49 modo
905 1286 158 49 passionis
1026 1286 146 49 generari
1136 1286 61 49 &
1160 1286 134 49 spirari
1257 1286 73 49 ad
1294 1286 182 49 producendum
1440 1286 109 49 quasi
1513 1286 134 49 passiue
1610 1286 122 49 filium
1695 1286 61 49 &
1719 1286 146 49 spiritum
1816 1286 122 49 sanctum:

815 1323 66 43 vt
848 1323 88 43 ipsa
903 1323 132 43 essentia
1002 1323 121 43 simplex
1090 1323 55 43 &
1112 1323 99 43 vnica
1178 1323 77 43 sit
1222 1323 77 43 per
1266 1323 66 43 se
1299 1323 132 43 perfecta
1398 1323 99 43 ratio
1464 1323 88 43 eius
1519 1323 88 43 quod
1574 1323 143 43 respectus
1684 1323 121 43 diuersi
1772 1323 99 43 sunt,
1838 1323 77 43 non
1871 1323 77 43 solum

822 1355 84 41 quod
875 1355 84 41 sunt
928 1355 137 41 respectus
1034 1355 169 41 simpliciter,
1171 1355 137 41 generare,
1277 1355 53 41 &
1298 1355 127 41 spirare,
1393 1355 127 41 generari
1488 1355 53 41 &
1509 1355 127 41 spirari.
1604 1355 53 41 &
1625 1355 74 41 per
1667 1355 74 41 hoc
1710 1355 84 41 quod
1762 1355 84 41 sunt
1815 1355 116 41 diuersi
1889 1355 53 41 si-

821 1395 68 36 ue
855 1395 148 36 distincti
969 1395 91 36 ipsi
1026 1395 137 36 producti
1129 1395 80 36 non
1174 1395 160 36 econuerso,
1300 1395 160 36 diuersitas
1425 1395 171 36 productorum
1562 1395 80 36 est
1608 1395 103 36 ratio
1677 1395 183 36 diuersitatis
1825 1395 91 36 eius
1871 1395 68 36 quod

818 1422 80 50 est
863 1422 137 50 generare
966 1422 57 50 &
989 1422 148 50 generari,
1103 1422 126 50 spirare
1194 1422 57 50 &
1217 1422 137 50 spirari.
1320 1422 68 50 Ex
1354 1422 80 50 quo
1400 1422 103 50 patet
1468 1422 126 50 quoddam
1559 1422 160 50 suppositum
1685 1422 148 50 superius,
1799 1422 91 50 quod
1845 1422 91 50 scili-

814 1458 82 49 cet
861 1458 141 49 quiditas
967 1458 59 49 &
990 1458 141 49 realitas
1095 1458 141 49 secundum
1201 1458 94 49 quam
1259 1458 82 49 vna
1306 1458 129 49 relatio
1400 1458 94 49 alia
1459 1458 82 49 est
1506 1458 70 49 ab
1541 1458 129 49 altera:
1634 1458 82 49 non
1681 1458 129 49 sumitur
1775 1458 70 49 ex
1810 1458 117 49 ordine
1892 1458 70 49 ad

814 1486 100 48 suum
876 1486 175 48 oppositum:
1013 1486 87 48 sed
1063 1486 125 48 potius
1150 1486 75 48 ex
1188 1486 87 48 suo
1238 1486 187 48 fundamento.
1387 1486 100 48 Vnde
1450 1486 100 48 quod
1512 1486 200 48 proprietates
1674 1486 187 48 emanationum
1824 1486 112 48 inter
1886 1486 50 48 se

827 1523 211 52 distinguuntur,
1003 1523 82 52 hoc
1050 1523 82 52 non
1096 1523 82 52 est
1143 1523 94 52 quia
1202 1523 82 52 vna
1248 1523 82 52 est
1295 1523 70 52 ad
1330 1523 117 52 aliam,
1412 1523 82 52 aut
1459 1523 82 52 vna
1506 1523 70 52 ab
1541 1523 105 52 alia:
1611 1523 105 52 neque
1681 1523 94 52 quia
1740 1523 94 52 sunt
1798 1523 70 52 ad
1822 1523 105 52 diuerso

828 1564 152 48 productos
945 1564 82 48 vel
992 1564 59 48 a
1016 1564 141 48 diuersis
1121 1564 211 48 producentibus:
1297 1564 82 48 sed
1344 1564 94 48 quia
1402 1564 176 48 diuersimode
1543 1564 129 48 fiuunt,
1636 1564 82 48 vel
1683 1564 117 48 potius
1765 1564 94 48 sunt
1824 1564 105 48 quasi
1882 1564 59 48 di-

824 1593 106 54 uersi
895 1593 117 54 fluxus
977 1593 70 54 ab
1012 1593 106 54 eadem
1082 1593 176 54 substantia.
1223 1593 94 54 Vnde
1281 1593 59 54 &
1305 1593 141 54 personae
1410 1593 106 54 inter
1481 1593 70 54 se
1516 1593 94 54 sunt
1575 1593 141 54 diuersae
1680 1593 82 54 non
1727 1593 82 54 tam
1774 1593 94 54 quod
1832 1593 82 54 vna
1868 1593 70 54 pro-

816 1622 108 54 cedit
888 1622 72 54 ab
924 1622 132 54 altera,
1020 1622 96 54 quam
1080 1622 96 54 quia
1140 1622 180 54 diuersimode
1284 1622 156 54 procedunt
1405 1622 72 54 ab
1441 1622 120 54 eadem:
1525 1622 72 54 vt
1561 1622 120 54 dictum
1645 1622 84 54 est
1693 1622 120 54 supra.
1777 1622 96 54 Vnde
1837 1622 84 54 cum
1873 1622 60 54 vna

824 1662 125 43 persona
914 1662 68 43 ab
948 1662 91 43 alia
1005 1662 125 43 emanat,
1096 1662 79 43 non
1141 1662 79 43 tam
1186 1662 91 43 sunt
1243 1662 136 43 diuersae
1345 1662 91 43 quia
1401 1662 79 43 vna
1447 1662 68 43 ab
1481 1662 113 43 altera
1560 1662 91 43 est,
1617 1662 91 43 quam
1673 1662 91 43 quia
1730 1662 193 43 constituuntur
1877 1662 57 43 di-

818 1698 115 42 uersis
899 1698 208 42 proprietatibus
1072 1698 185 42 emanationum.
1223 1698 104 42 Pater
1292 1698 92 42 enim
1350 1698 81 42 est
1396 1698 104 42 alius
1465 1698 58 42 a
1488 1698 104 42 filio
1557 1698 81 42 non
1604 1698 81 42 tam
1650 1698 92 42 quia
1708 1698 69 42 ab
1742 1698 92 42 ipso
1800 1698 81 42 est
1835 1698 92 42 filius

826 1728 81 47 uam
873 1728 93 47 quia
931 1728 185 47 constituitur
1081 1728 174 47 proprietate
1220 1728 81 47 qua
1266 1728 116 47 actiue
1347 1728 69 47 ab
1382 1728 93 47 ipso
1440 1728 81 47 est
1486 1728 127 47 filius:
1579 1728 58 47 &
1602 1728 116 47 filius
1683 1728 174 47 proprietate
1822 1728 81 47 qua
1868 1728 81 47 qua

824 1766 59 50 i
848 1766 130 50 passiue
942 1766 83 50 est
990 1766 59 50 a
1013 1766 118 50 patre:
1096 1766 71 50 vt
1131 1766 177 50 constitutio
1273 1766 71 50 in
1309 1766 95 50 esse
1368 1766 83 50 per
1415 1766 106 50 talem
1486 1766 189 50 proprietatem
1640 1766 71 50 in
1675 1766 106 50 patre
1746 1766 83 50 sit
1793 1766 130 50 praeuia
1876 1766 59 50 se-

827 1801 118 49 cundum
910 1801 141 49 rationem
1016 1801 130 49 rationi
1110 1801 177 49 emanationis
1251 1801 118 49 ipsius
1334 1801 153 49 producti.
1452 1801 82 49 Sed
1499 1801 94 49 quod
1558 1801 153 49 respectus
1676 1801 165 49 appelletur
1805 1801 94 49 res,
1853 1801 82 49 istum

814 1832 120 41 modum
893 1832 159 41 loquendi
1013 1832 93 41 non
1066 1832 146 41 videtur
1173 1832 173 41 admittere
1305 1832 106 41 vsus
1372 1832 186 41 ecclesiae.
1518 1832 93 41 Cum
1571 1832 106 41 enim
1638 1832 146 41 quatuor
1744 1832 106 41 sunt
1797 1832 133 41 relatio-

824 1863 78 48 nes
869 1863 112 48 reales
947 1863 67 48 in
980 1863 134 48 diuinis,
1081 1863 89 48 tunc
1137 1863 101 48 esset
1204 1863 123 48 praeter
1294 1863 78 48 rem
1338 1863 145 48 essentiae
1450 1863 168 48 quaternitas
1584 1863 101 48 rerum
1652 1863 67 48 in
1685 1863 134 48 diuinis:
1786 1863 89 48 quod
1842 1863 78 48 non
1875 1863 45 48 vi

814 1896 104 46 detur
884 1896 151 46 admittere
1000 1896 93 46 vsus
1058 1896 151 46 loquendi:
1173 1896 104 46 licet
1243 1896 174 46 intellectus
1382 1896 139 46 veritati
1486 1896 81 46 non
1532 1896 174 46 repugnaret.
1671 1896 127 46 Propter
1764 1896 93 46 quod
1822 1896 69 46 si
1845 1896 81 46 omni-

809 1935 65 51 no
842 1935 129 51 dicendum
939 1935 75 51 sit
982 1935 86 51 quod
1036 1935 151 51 relationes
1154 1935 86 51 sint
1208 1935 129 51 diuersae
1305 1935 54 51 &
1327 1935 108 51 plures
1402 1935 75 51 res
1445 1935 75 51 iam
1488 1935 97 51 dicto
1553 1935 97 51 modo,
1617 1935 119 51 videtur
1704 1935 86 51 mihi
1758 1935 86 51 quod
1811 1935 108 51 melius
1876 1935 54 51 sit

819 1965 100 50 dicere
889 1965 70 50 cum
929 1965 191 50 determinatione,
1090 1965 80 50 quod
1140 1965 80 50 sunt
1190 1965 100 50 plures
1260 1965 50 50 &
1280 1965 120 50 diuersae
1370 1965 70 50 res
1411 1965 150 50 relationis:
1531 1965 80 50 quam
1581 1965 80 50 quod
1631 1965 80 50 sint
1681 1965 100 50 plures
1752 1965 50 50 &
1772 1965 120 50 diuersae
1862 1965 70 50 res
1892 1965 40 50 re

826 1999 154 57 simpliciter
949 1999 123 57 accepta:
1041 1999 82 57 quia
1092 1999 62 57 si
1123 1999 103 57 absque
1195 1999 185 57 determinatione
1349 1999 133 57 diceretur
1451 1999 82 57 res,
1502 1999 72 57 cum
1543 1999 72 57 non
1584 1999 72 57 sit
1625 1999 72 57 res
1666 1999 62 57 in
1697 1999 62 57 se
1728 1999 133 57 existens:
1830 1999 82 57 quia
1882 1999 72 57 non
