2017 3276
88 291 125 76 datur
172 291 84 76 in
213 291 139 76 diuina
311 291 181 76 essentia,
450 291 84 76 vt
492 291 98 76 iam
548 291 153 76 habitum
659 291 111 76 est.
729 291 111 76 ergo
799 291 98 76 est
854 291 84 76 in
896 291 125 76 illa,
980 291 98 76 non
1036 291 111 76 ergo
1105 291 153 76 proprie
1217 291 153 76 dicenda
1328 291 98 76 est
1384 291 111 76 esse
1454 291 84 76 in
1482 291 111 76 perso-

84 352 95 61 na.
139 352 68 61 ⁋
166 352 81 61 In
207 352 176 61 oppositum
342 352 95 61 est
397 352 190 61 Gregorius,
546 352 95 61 qui
600 352 122 61 dicit
682 352 81 61 in
723 352 204 61 praesatione
885 352 149 61 Missae.
994 352 81 61 In
1035 352 163 61 essentia
1157 352 149 61 vnitas,
1266 352 81 61 in
1306 352 163 61 personis
1429 352 204 61 proprietas.

90 436 86 68 ⁋
124 436 104 68 In
176 436 138 68 ista
263 436 242 68 quaestione
453 436 242 68 antiquitus
643 436 138 68 erat
729 436 121 68 via
799 436 190 68 erroris
937 436 121 68 vna
1006 436 225 68 dicentium
1179 436 138 68 quod
1265 436 277 68 proprietates
1473 436 121 68 licet

87 494 97 60 sint
148 494 134 60 aliquid
245 494 73 60 in
281 494 134 60 diuinis
378 494 73 60 id
415 494 85 60 est
463 494 109 60 inter
536 494 73 60 ea
572 494 97 60 quae
633 494 109 60 circa
706 494 97 60 deum
767 494 218 60 considerantur,
949 494 85 60 non
997 494 109 60 tamen
1070 494 73 60 in
1106 494 146 60 personis
1216 494 85 60 nec
1264 494 73 60 in
1301 494 158 60 essentia,
1422 494 85 60 nec
1470 494 109 60 ipsae
1543 494 85 60 per

85 536 116 62 sonae
162 536 90 62 aut
214 536 103 62 ipsa
278 536 154 62 essentia
393 536 141 62 diuina,
496 536 90 62 sed
548 536 128 62 tantum
637 536 193 62 habitudines
792 536 77 62 ab
830 536 167 62 extriseco
959 536 154 62 personis
1074 536 116 62 quasi
1151 536 141 62 affirae
1254 536 64 62 &
1280 536 206 62 assistentes.
1447 536 77 62 Et
1485 536 103 62 erat
1537 536 51 62 po

89 582 121 49 sitio
169 582 188 49 Porretani:
317 582 108 49 quam
384 582 148 49 excepit
492 582 81 49 ex
532 582 134 49 verbis
626 582 161 49 Boethii,
747 582 81 49 vt
788 582 134 49 dictum
882 582 108 49 est.
949 582 94 49 Sed
1003 582 108 49 quod
1070 582 121 49 dixit
1150 582 161 49 Boethius
1271 582 94 49 (vt
1325 582 148 49 habitum
1433 582 94 49 est
1486 582 94 49 iam
1527 582 67 49 su-

85 630 106 52 pra)
151 630 80 52 Ex
191 630 93 52 quo
244 630 133 52 appeet
337 630 106 52 quod
403 630 212 52 proprietates
576 630 66 52 &
602 630 186 52 relationes
748 630 119 52 nihil
828 630 93 52 rei
881 630 133 52 dicunt
974 630 80 52 in
1013 630 159 52 diuinis:
1133 630 93 52 sed
1186 630 239 52 circunstantiam
1385 630 66 52 &
1412 630 119 52 modum
1491 630 93 52 rei
1531 630 53 52 ex

90 672 191 54 trinsecus
237 672 206 54 assignant:
399 672 103 54 Hoc
457 672 103 54 non
516 672 132 54 dixit
604 672 206 54 intendendo
766 672 117 54 quod
839 672 103 54 non
898 672 117 54 sunt
971 672 103 54 res
1030 672 162 54 aliqua:
1148 672 103 54 sed
1206 672 162 54 omninon
1324 672 132 54 aliud
1412 672 88 54 ab
1441 672 147 54 essentia

79 721 73 48 &
109 721 175 48 persona,
240 721 88 48 vt
284 721 160 48 putauit
400 721 204 48 Gilbertus:
561 721 102 48 sed
619 721 102 48 hoc
678 721 131 48 dixit
765 721 117 48 quia
838 721 102 48 non
896 721 146 48 dicunt
998 721 88 48 in
1042 721 160 48 diuinis
1159 721 160 48 aliquid
1276 721 88 48 re
1319 721 175 48 diuersum
1451 721 88 48 ab
1480 721 102 48 essen

86 761 103 59 tia
145 761 74 59 &
175 761 177 59 persona,
307 761 133 59 sicut
396 761 221 59 significant
573 761 206 59 accidentia
735 761 192 59 absoluta,
882 761 88 59 vt
926 761 206 59 manifestat
1089 761 103 59 per
1148 761 103 59 sua
1207 761 177 59 exempla:
1339 761 103 59 sed
1398 761 133 59 solum
1472 761 103 59 modum

86 806 92 57 se
132 806 169 57 habendi
255 806 77 57 &
286 806 292 57 circunstantiam,
532 806 108 57 non
593 806 138 57 tamen
686 806 154 57 omnino
793 806 215 57 distinctam
963 806 77 57 &
993 806 200 57 separatam
1147 806 92 57 ab
1193 806 185 57 essentia
1332 806 77 57 &
1363 806 185 57 persona:
1501 806 108 57 sed

89 856 89 47 vt
134 856 193 47 includens
282 856 89 47 in
327 856 104 47 suo
386 856 223 47 significato
564 856 104 47 rem
624 856 74 47 &
653 856 193 47 essentiam
802 856 89 47 in
846 856 104 47 qua
906 856 178 47 fundatur
1039 856 134 47 modus
1129 856 134 47 ille,
1218 856 89 47 vt
1262 856 148 47 dictum
1366 856 119 47 est:
1440 856 119 47 quae
1500 856 74 47 pro

96 897 132 52 terea
184 897 176 52 conuenit
316 897 176 52 personae
448 897 88 52 ex
492 897 147 52 natura
595 897 147 52 illius
698 897 117 52 rei:
771 897 88 52 vt
815 897 103 52 sic
874 897 264 52 circunstantiam
1094 897 73 52 &
1123 897 191 52 respectum
1270 897 88 52 ad
1314 897 132 52 alium
1402 897 132 52 habet
1475 897 103 52 perso

87 943 89 54 na
132 943 104 54 non
191 943 134 54 solum
281 943 119 54 quia
355 943 134 54 alius
444 943 208 54 quodammodo
608 943 89 54 se
653 943 134 54 habet
742 943 89 54 ad
786 943 149 54 ipsam:
891 943 104 54 sed
950 943 89 54 ex
995 943 149 54 seipsa
1099 943 179 54 respicit
1233 943 134 54 alium
1322 943 104 54 cum
1382 943 134 54 alius
1456 943 119 54 respi-

83 990 97 57 cit
139 990 139 57 ipsam.
236 990 111 57 Vnde
306 990 111 57 quod
376 990 125 57 dixit
459 990 167 57 Boethius
584 990 181 57 huiusmodi
724 990 251 57 circunstantiam
933 990 209 57 considerari
1100 990 84 57 ex
1141 990 153 57 aduentu
1253 990 181 57 alterius:
1392 990 97 57 non
1448 990 125 57 dixit
1517 990 70 57 hoc

90 1041 111 54 quia
159 1041 83 54 ex
201 1041 111 54 solo
270 1041 152 54 aduentu
381 1041 180 54 alterius,
519 1041 111 54 quod
589 1041 194 54 intelligit
741 1041 194 54 Gilbertus:
893 1041 97 54 sed
949 1041 111 54 quia
1018 1041 97 54 non
1073 1041 111 54 sine
1143 1041 152 54 aduentu
1253 1041 180 54 alterius.
1392 1041 97 54 Sic
1447 1041 111 54 enim
1503 1041 69 54 est

94 1092 86 55 po
137 1092 128 55 omnis
222 1092 143 55 natura
322 1092 171 55 perfecta
450 1092 128 55 habet
536 1092 86 55 ex
578 1092 86 55 se
621 1092 157 55 naturam
735 1092 100 55 qua
792 1092 128 55 habet
878 1092 86 55 ad
920 1092 128 55 aliud
1006 1092 200 55 comparari:
1163 1092 71 55 &
1191 1092 128 55 tanto
1277 1092 86 55 ad
1319 1092 128 55 plura
1405 1092 143 55 quanto
1505 1092 100 55 per

77 1133 162 49 fectior
195 1133 74 49 &
225 1133 206 49 simplicior
387 1133 103 49 est
446 1133 162 49 natura,
563 1133 88 49 vt
608 1133 162 49 habitum
726 1133 103 49 est
784 1133 133 49 supra
873 1133 177 49 loquendo
1005 1133 88 49 de
1050 1133 221 49 attributis.
1226 1133 103 49 sed
1285 1133 118 49 quod
1359 1133 192 49 quandoque
1492 1133 88 49 actu

78 1178 105 60 non
138 1178 179 60 refertur
272 1178 90 60 ad
317 1178 134 60 aliud
407 1178 105 60 hoc
466 1178 194 60 contingit
616 1178 90 60 ex
661 1178 164 60 defectu
780 1178 179 60 alterius
915 1178 179 60 extremi:
1049 1178 134 60 sicut
1139 1178 194 60 contingit
1288 1178 90 60 in
1333 1178 120 60 luce
1408 1178 120 60 quod
1467 1178 105 60 habet

81 1220 86 55 in
124 1220 86 55 se
167 1220 186 55 perfectam
310 1220 158 55 naturam
425 1220 100 55 qua
482 1220 143 55 semper
583 1220 158 55 habilis
697 1220 100 55 est
755 1220 86 55 vt
798 1220 115 55 actu
869 1220 201 55 illuminet:
1027 1220 72 55 &
1056 1220 115 55 quod
1127 1220 100 55 non
1185 1220 143 55 semper
1285 1220 115 55 actu
1357 1220 201 55 illuminat,
1500 1220 72 55 hoc

89 1269 103 43 est
148 1269 118 43 quia
222 1269 103 43 non
281 1269 177 43 praesens
413 1269 103 43 est
472 1269 265 43 illuminationem
693 1269 221 43 suscipiens:
869 1269 74 43 &
899 1269 103 43 cum
958 1269 147 43 fuerit
1061 1269 191 43 praesens,
1208 1269 147 43 statim
1311 1269 118 43 sine
1385 1269 118 43 omni
1458 1269 103 43 sua
1502 1269 74 43 im-

89 1312 193 51 mutatione
238 1312 208 51 illuminat.
401 1312 193 51 Similiter
550 1312 134 51 album
639 1312 89 51 in
683 1312 89 51 se
728 1312 134 51 habet
817 1312 163 51 naturam
936 1312 104 51 qua
996 1312 149 51 habile
1100 1312 104 51 est
1159 1312 89 51 vt
1204 1312 149 51 alteri
1308 1312 223 51 assimiletur
1471 1312 104 51 secun

93 1360 100 61 dum
150 1360 142 61 actum:
249 1360 71 61 &
278 1360 85 61 vt
320 1360 114 61 actu
392 1360 213 61 assimiletur
562 1360 100 61 non
619 1360 199 61 requiritur
776 1360 114 61 nisi
847 1360 199 61 praesentia
1004 1360 171 61 alterius
1132 1360 171 61 extremi.
1260 1360 85 61 Et
1303 1360 100 61 ita
1360 1360 85 61 in
1402 1360 157 61 talibus
1516 1360 85 61 id

82 1405 128 55 reale
167 1405 99 55 quo
224 1405 142 55 habile
323 1405 99 55 est
380 1405 156 55 aliquid
493 1405 85 55 ad
536 1405 156 55 alterum
649 1405 199 55 respicere,
805 1405 113 55 bene
876 1405 99 55 est
933 1405 85 55 in
975 1405 113 55 ipso
1046 1405 85 55 ex
1089 1405 99 55 se:
1146 1405 99 55 sed
1202 1405 99 55 non
1259 1405 99 55 sub
1316 1405 156 55 ratione
1415 1405 156 55 respectus

81 1449 116 50 nisi
154 1449 102 50 per
212 1449 218 50 praesentiam
387 1449 175 50 alterius
518 1449 175 50 extremi.
649 1449 73 50 &
678 1449 175 50 vtrunque
809 1449 204 50 includitur
970 1449 87 50 in
1013 1449 218 50 significato
1188 1449 233 50 proprietatis
1377 1449 204 50 relatiuae,
1523 1449 58 50 vt

92 1496 149 50 habitum
201 1496 95 50 est
255 1496 135 50 supra.
350 1496 81 50 Et
390 1496 95 50 quo
444 1496 81 50 ad
485 1496 95 50 hoc
539 1496 122 50 secus
620 1496 95 50 est
674 1496 81 50 de
715 1496 203 50 significato
877 1496 189 50 relationis
1026 1496 68 50 &
1053 1496 203 50 substantiae
1216 1496 203 50 quantitatis
1378 1496 68 50 &
1392 1496 189 50 quaelitatis.

86 1542 106 59 Cum
146 1542 121 59 enim
222 1542 91 59 in
268 1542 182 59 quolibet
404 1542 258 59 praedicamento
617 1542 106 59 est
677 1542 106 59 duo
738 1542 243 59 considerare,
935 1542 76 59 &
965 1542 106 59 rem
1026 1542 152 59 ipsius
1132 1542 273 59 praedicamenti,
1360 1542 76 59 &
1390 1542 182 59 rationem
1511 1542 61 59 ge

77 1597 131 55 neris
165 1597 262 55 praedicamenti,
383 1597 175 55 secundum
514 1597 117 55 quod
587 1597 102 55 est
646 1597 175 55 superius
777 1597 204 55 expositum:
937 1597 117 55 alia
1010 1597 117 55 tria
1083 1597 248 55 praedicamenta
1287 1597 175 55 propriam
1418 1597 102 55 rem
1461 1597 117 55 habent

73 1637 112 52 sui
137 1637 191 52 generis:
280 1637 80 52 &
312 1637 96 52 ad
360 1637 144 52 illam
456 1637 271 52 significandam
679 1637 239 52 imponuntur:
871 1637 112 52 non
935 1637 144 52 autem
1030 1637 96 52 ad
1078 1637 271 52 significandum
1302 1637 144 52 modum
1397 1637 128 52 siue
1461 1637 112 52 ratio

87 1688 104 52 nem
147 1688 104 52 sui
206 1688 164 52 generis
325 1688 119 52 quae
400 1688 179 52 conuenit
534 1688 119 52 suae
608 1688 119 52 rei.
683 1688 208 52 Substantia
846 1688 119 52 enim
921 1688 194 52 imponitur
1070 1688 89 52 ad
1114 1688 253 52 significandum
1323 1688 104 52 rem
1382 1688 104 52 cui
1427 1688 149 52 convenit

84 1726 111 50 esse
154 1726 167 50 secundum
279 1726 98 50 se:
335 1726 181 50 Quantitas
474 1726 111 50 vero
544 1726 181 50 imponitur
683 1726 84 50 ad
725 1726 237 50 significandum
920 1726 111 50 vnam
990 1726 111 50 rem:
1059 1726 167 50 Qualitas
1185 1726 111 50 vero
1255 1726 84 50 ad
1296 1726 237 50 significandum
1477 1726 98 50 aliam

88 1777 107 61 tem:
155 1777 134 61 quibus
248 1777 121 61 tamen
329 1777 187 61 communiter
476 1777 161 61 convenit
596 1777 107 61 esse
663 1777 80 61 in
704 1777 121 61 alio,
784 1777 121 61 licet
864 1777 214 61 diuersimode.
1038 1777 147 61 Relatio
1145 1777 107 61 vero
1212 1777 80 61 ad
1253 1777 241 61 significandum,
1440 1777 134 61 propriam

78 1819 175 62 rationem
209 1819 102 62 sui
268 1819 160 62 generis
384 1819 204 62 imponitur,
544 1819 73 62 &
573 1819 102 62 non
632 1819 87 62 ad
675 1819 204 62 aliquanrem
836 1819 175 62 propriam
967 1819 102 62 sui
1025 1819 175 62 generis:
1156 1819 116 62 quia
1229 1819 131 62 illam
1316 1819 102 62 non
1374 1819 131 62 habet
1462 1819 87 62 ad
1491 1819 87 62 quam

95 1871 255 57 ignificandam
302 1871 160 57 possit
414 1871 176 57 imponi:
542 1871 112 57 sed
606 1871 144 57 solum
701 1871 144 57 habet
797 1871 112 57 res
861 1871 176 57 aliorum
989 1871 319 57 praedicamentorum
1260 1871 144 57 super
1356 1871 128 57 quas
1419 1871 160 57 fundatur

81 1912 82 54 vt
122 1912 149 54 saepius
231 1912 136 54 tactum
326 1912 109 54 est:
394 1912 95 54 sed
448 1912 136 54 aliter
543 1912 109 54 quam
611 1912 177 54 accidens,
747 1912 177 54 quantitas
883 1912 163 54 scilicet
1005 1912 95 54 vel
1060 1912 177 54 qualitas,
1196 1912 163 54 fundatur
1318 1912 122 54 super
1386 1912 190 54 substantiam:

85 1959 112 56 quia
155 1959 112 56 illa
225 1959 181 56 fundantur
364 1959 126 56 super
448 1959 209 56 substantiam
615 1959 84 56 vt
657 1959 98 56 res
713 1959 126 56 super
797 1959 98 56 rem
852 1959 98 56 cui
908 1959 181 56 inhaeret:
1048 1959 98 56 cum
1104 1959 84 56 in
1145 1959 84 56 se
1187 1959 98 56 non
1243 1959 140 56 possit
1341 1959 126 56 esse.
1411 1959 167 56 Relationis

89 2004 116 44 vero
162 2004 189 44 respectus
307 2004 174 44 fundatur
438 2004 131 44 super
525 2004 102 44 rem
583 2004 87 44 vt
627 2004 131 44 modus
714 2004 102 44 quo
772 2004 131 44 alter
859 2004 218 44 respicitur.
1033 2004 131 44 nihil
1120 2004 131 44 autem
1207 2004 87 44 in
1251 2004 87 44 se
1295 2004 87 44 ex
1338 2004 102 44 hoc
1396 2004 174 44 respectu
1512 2004 73 44 re-

89 2051 148 48 cipit.
193 2051 89 48 Et
237 2051 103 48 sic
296 2051 162 48 propria
414 2051 133 48 ratio
502 2051 221 48 quantitatis
679 2051 74 48 &
709 2051 207 48 qualitatis
871 2051 103 48 est
930 2051 177 48 secundum
1063 2051 251 48 comparationem
1269 2051 118 48 eius
1343 2051 89 48 ad
1387 2051 118 48 suum
1461 2051 148 48 funda-

84 2096 153 51 mentum
191 2096 92 51 vt
237 2096 92 51 ad
282 2096 199 51 subiectum
435 2096 107 51 cui
496 2096 199 51 inhaeret:
649 2096 107 51 sed
710 2096 168 51 propria
832 2096 138 51 ratio
924 2096 214 51 relationis
1092 2096 107 51 non
1153 2096 107 51 est
1214 2096 153 51 omnino
1321 2096 183 51 secundum
1443 2096 138 51 compera

77 2141 163 60 tionem
191 2141 130 60 eius
272 2141 98 60 ad
321 2141 244 60 fundamentum
516 2141 130 60 suum
597 2141 98 60 vt
646 2141 98 60 in
694 2141 114 60 quo
759 2141 130 60 sit,
841 2141 114 60 sed
906 2141 163 60 potius
1019 2141 98 60 vt
1068 2141 98 60 ab
1117 2141 146 60 ipso,
1214 2141 81 60 &
1247 2141 195 60 secundum
1377 2141 195 60 comparatio

86 2192 108 48 nem
147 2192 93 48 ad
194 2192 93 48 id
240 2192 123 48 quod
317 2192 200 48 respicit.
471 2192 93 48 Et
517 2192 108 48 quo
579 2192 93 48 ad
625 2192 108 48 hoc
687 2192 216 48 relationes
856 2192 77 48 &
887 2192 200 48 respectus
1041 2192 139 48 earum
1134 2192 108 48 nec
1196 2192 123 48 sunt
1273 2192 231 48 inhaerentes
1458 2192 108 48 nec
1504 2192 77 48 sub

92 2230 213 54 sistentes:
259 2230 107 54 sed
320 2230 244 54 assistentes,
519 2230 76 54 &
549 2230 137 54 quasi
641 2230 229 54 extrinsecus
824 2230 168 54 affixae
946 2230 76 54 &
976 2230 213 54 quodammodo
1144 2230 244 54 contingentes
1342 2230 107 54 rem
1403 2230 137 54 prout
1479 2230 107 54 quasi

95 2280 125 47 endit
179 2280 84 47 ad
220 2280 167 47 alterum.
346 2280 84 47 Et
387 2280 111 47 isto
457 2280 111 47 modo
527 2280 139 47 tantum
624 2280 223 47 considerauit
805 2280 181 47 Gilbertus
944 2280 209 47 relationes:
1112 2280 70 47 &
1139 2280 125 47 dixit
1223 2280 97 47 eas
1279 2280 97 47 non
1334 2280 111 47 esse
1390 2280 181 47 substantiam

92 2322 91 56 nec
144 2322 156 56 personam
261 2322 91 56 nec
313 2322 78 56 in
352 2322 182 56 substantia
495 2322 91 56 nec
547 2322 78 56 in
586 2322 156 56 persona:
703 2322 91 56 sed
755 2322 143 56 affixam
860 2322 65 56 &
886 2322 195 56 assistentem
1042 2322 169 56 personae.
1172 2322 91 56 Sed
1224 2322 143 56 licetur
1328 2322 143 56 propria
1432 2322 117 56 ratio
1497 2322 78 56 rela

86 2368 147 51 tionis
189 2368 103 51 non
248 2368 103 51 est
307 2368 147 51 omnino
410 2368 88 51 ad
454 2368 191 51 subiectum
601 2368 88 51 vt
645 2368 132 51 eidem
734 2368 206 51 inhaerens:
895 2368 103 51 est
954 2368 132 51 tamen
1042 2368 88 51 ad
1087 2368 191 51 subiectum
1234 2368 88 51 vt
1278 2368 132 51 eidem
1366 2368 191 51 innitens,
1498 2368 74 51 non

91 2414 124 56 quasi
174 2414 96 56 res
229 2414 110 56 alia
297 2414 82 56 ab
339 2414 124 56 ipsa:
421 2414 96 56 sed
476 2414 124 56 quasi
559 2414 96 56 res
614 2414 124 56 cadem
696 2414 96 56 sub
751 2414 151 56 ratione
861 2414 110 56 modi
930 2414 96 56 per
985 2414 110 56 quem
1054 2414 151 56 alterum
1164 2414 179 56 respicit.
1301 2414 82 56 Et
1342 2414 96 56 non
1397 2414 96 56 est
1439 2414 137 56 differen

87 2464 87 46 tia
136 2464 99 46 nisi
198 2464 99 46 quia
261 2464 87 46 est
310 2464 99 46 alia
373 2464 112 46 ratio
447 2464 99 46 eius
509 2464 149 46 secundum
621 2464 99 46 quod
684 2464 87 46 est
733 2464 75 46 in
771 2464 75 46 se
808 2464 149 46 aliquid,
920 2464 99 46 quae
982 2464 87 46 est
1032 2464 112 46 ratio
1106 2464 199 46 substantiae:
1268 2464 62 46 &
1293 2464 99 46 alia
1355 2464 149 46 secundum
1467 2464 99 46 quod
1517 2464 62 46 est

91 2504 106 52 sub
152 2504 167 52 ratione
273 2504 121 52 modi
349 2504 106 52 per
410 2504 121 52 quem
485 2504 212 52 suppositum
652 2504 91 52 se
698 2504 137 52 habet
789 2504 91 52 ad
834 2504 152 52 aliud,
941 2504 121 52 quae
1017 2504 106 52 est
1077 2504 137 52 ratio
1168 2504 228 52 relationis.
1350 2504 106 52 Res
1411 2504 121 52 enim
1472 2504 106 52 eadem

91 2550 264 57 absolutissime
309 2550 248 57 considerata,
510 2550 186 57 absolute
650 2550 109 57 est
712 2550 171 57 aliquid
836 2550 93 57 in
882 2550 109 57 se,
944 2550 78 57 &
975 2550 109 57 sub
1037 2550 248 57 comparatione
1239 2550 155 57 quadam
1347 2550 140 57 habet
1440 2550 140 57 modum
1518 2550 62 57 re

82 2600 163 47 spectus
201 2600 89 47 ad
245 2600 178 47 alterum:
379 2600 74 47 &
409 2600 104 47 est
468 2600 104 47 vna
527 2600 223 47 indifferens
705 2600 134 47 sicut
794 2600 223 47 fundamentum
973 2600 89 47 ad
1017 2600 119 47 duos
1091 2600 148 47 modos,
1195 2600 223 47 substantiae
1373 2600 178 47 scilicet
1507 2600 74 47 &
1522 2600 59 47 re

92 2644 187 48 lationis:
236 2644 72 48 &
264 2644 101 48 sub
322 2644 101 48 vno
380 2644 115 48 modo
452 2644 101 48 est
509 2644 101 48 res
567 2644 216 48 substantiae
740 2644 86 48 in
783 2644 158 48 diuinis
898 2644 72 48 &
927 2644 86 48 in
970 2644 187 48 creaturis
1114 2644 216 48 quantitatis
1287 2644 101 48 aut
1345 2644 216 48 qualitatis:
1503 2644 72 48 sub

87 2690 108 57 alio
155 2690 108 57 vero
223 2690 108 57 modo
290 2690 95 57 est
344 2690 95 57 res
399 2690 230 57 fundamentalis
588 2690 203 57 relationis.
750 2690 68 57 &
777 2690 95 57 sic
831 2690 122 57 eadem
912 2690 95 57 est
966 2690 95 57 res
1021 2690 216 57 substantiae,
1196 2690 216 57 quantitatis,
1372 2690 95 57 aut
1413 2690 162 57 qualitatis

90 2734 59 49 &
114 2734 83 49 res
161 2734 166 49 relationis
291 2734 95 49 modo
350 2734 166 49 praedicto:
481 2734 59 49 &
504 2734 189 49 significatur
658 2734 118 49 nomine
741 2734 189 49 substantiae,
895 2734 189 49 quantitatis,
1049 2734 83 49 aut
1096 2734 166 49 qualitatis
1226 2734 59 49 &
1250 2734 118 49 nomine
1333 2734 166 49 relationis
1463 2734 142 49 secundum

78 2777 180 81 diuersos
213 2777 195 81 respectus
362 2777 195 81 differens
512 2777 210 81 solummodo.
677 2777 90 81 Et
722 2777 120 81 ideo
797 2777 90 81 in
842 2777 195 81 creaturis
991 2777 165 81 relatio
1111 2777 165 81 fundata
1231 2777 135 81 super
1321 2777 225 81 quantitatem
1500 2777 120 81 autm
