2017 3188
122 266 149 74 tatibus
231 266 68 74 a
258 266 163 74 personis
380 266 136 74 manent
475 266 203 74 hypostases,
638 266 136 74 simile
733 266 95 74 sit
787 266 81 74 ei
828 266 109 74 quod
896 266 95 74 est
950 266 136 74 dicere
1045 266 149 74 hominem
1153 266 163 74 remanere
1275 266 149 74 hominem
1384 266 176 74 subtracto
1506 266 95 74 ratio

115 323 123 62 nali.
197 323 68 62 â‹
225 323 137 62 Aliter
320 323 123 62 autem
402 323 123 62 solet
484 323 109 62 dici
552 323 68 62 a
580 323 191 62 quibusdam:
730 323 109 62 quod
798 323 205 62 constitutio
962 323 68 62 &
989 323 191 62 distinctio
1139 323 109 62 siue
1208 323 191 62 pluralitas
1358 323 191 62 hypostasum
1508 323 68 62 &
1522 323 68 62 per

113 369 149 51 sonarum
222 369 95 51 non
276 369 95 51 fit
331 369 109 51 nisi
399 369 95 51 per
453 369 217 51 proprietates
630 369 109 51 siue
698 369 190 51 relationes
847 369 68 51 &
874 369 190 51 respectus.
1024 369 136 51 Dicunt
1119 369 109 51 enim
1187 369 109 51 quod
1254 369 82 51 in
1295 369 149 51 diuinis
1404 369 163 51 personis
1513 369 82 51 con-

118 413 172 56 sideratur
250 413 66 56 &
277 413 119 56 ratio
356 413 172 56 originis:
489 413 93 56 qua
542 413 106 56 haec
608 413 119 56 habet
688 413 106 56 esse
754 413 66 56 a
780 413 93 56 qua
833 413 119 56 alia,
913 413 66 56 &
940 413 106 56 illa
1006 413 106 56 quae
1072 413 80 56 ab
1112 413 119 56 alia:
1191 413 66 56 &
1218 413 119 56 ratio
1297 413 199 56 relationis:
1456 413 93 56 ita
1509 413 106 56 quod

126 459 125 53 ratio
210 459 167 53 originis
335 459 223 53 significetur
516 459 209 53 verbaliter,
683 459 84 53 vt
725 459 167 53 generare
851 459 70 53 &
878 459 181 53 generari,
1018 459 153 53 spirare
1129 459 70 53 &
1157 459 167 53 spirari:
1282 459 70 53 &
1310 459 98 53 sic
1366 459 98 53 per
1422 459 125 53 modum
1491 459 98 53 agere

119 506 223 55 egredientis
298 506 74 55 &
327 506 223 55 transeuntis
506 506 89 55 ab
551 506 104 55 vno
610 506 89 55 in
655 506 179 55 alterum:
789 506 134 55 ratio
878 506 119 55 vero
952 506 208 55 relationis
1116 506 238 55 significetur
1309 506 238 55 nominaliter,
1503 506 89 55 vt
1532 506 60 55 pa

124 547 154 56 ternitas
240 547 167 56 filiatio:
368 547 64 56 &
393 547 90 56 ita
445 547 90 56 per
496 547 115 56 modum
573 547 141 56 formae.
676 547 180 56 Attendendo
817 547 128 56 igitur
906 547 103 56 quod
970 547 115 56 tales
1047 547 128 56 formae
1137 547 154 56 secundum
1253 547 154 56 rationem
1368 547 128 56 formae
1445 547 141 56 sequuntur

114 593 143 56 actus,
214 593 172 56 dixerunt
343 593 115 56 quod
415 593 201 56 hypostases
573 593 86 56 in
616 593 158 56 diuinis
730 593 244 56 constituuntur
931 593 100 56 per
989 593 158 56 seipsas
1103 593 86 56 vt
1146 593 186 56 principia
1290 593 72 56 &
1318 593 158 56 termini
1433 593 158 56 actuum,
1534 593 57 56 vt

117 639 123 57 pater
199 639 68 57 &
226 639 150 57 filius:
336 639 109 57 quia
404 639 123 57 huius
486 639 95 57 est
540 639 177 57 generare:
676 639 136 57 illius
772 639 109 57 vero
840 639 177 57 generari.
976 639 82 57 Ad
1017 639 95 57 hos
1072 639 123 57 autem
1154 639 123 57 actus
1235 639 218 57 consequuntur
1399 639 191 57 proprietates

127 691 107 51 quae
193 691 107 51 sunt
260 691 187 51 paternitas
407 691 67 51 &
434 691 174 51 filiatio:
568 691 80 51 vt
608 691 94 51 hic
661 691 147 51 dicatur
768 691 120 51 pater
848 691 107 51 quia
915 691 160 51 generat:
1035 691 107 51 ille
1102 691 107 51 vero
1169 691 134 51 filius
1262 691 107 51 quia
1329 691 187 51 generatur.
1476 691 80 51 Et
1503 691 80 51 sunt

117 726 243 49 constitutiuae
317 726 171 49 personae
445 726 128 49 sicut
531 726 228 49 proprietates
716 726 86 49 ad
759 726 200 49 dignitatem
916 726 214 49 pertinentes
1087 726 71 49 &
1116 726 257 49 manifestantes:
1330 726 100 49 non
1387 726 128 49 autem
1459 726 128 49 causan-

123 772 93 55 tes
176 772 225 55 distinctiones
361 772 199 55 hypostasum:
520 772 106 55 immo
587 772 119 55 ipsis
666 772 159 55 personis
785 772 186 55 subtractis
931 772 133 55 manent
1024 772 119 55 penes
1104 772 199 55 intellectum
1263 772 186 55 distinctae
1408 772 199 55 hypostases.
1554 772 40 55 &

122 814 112 58 hoc
186 814 240 58 quemadmodum
378 814 96 58 in
426 814 208 58 creaturis
587 814 256 58 proprietates
795 814 256 58 indiuiduorum
1003 814 240 58 manifestant
1195 814 272 58 distinctionem
1420 814 208 58 indiuiduo

112 864 108 51 rum
173 864 93 51 ex
220 864 170 51 materia
343 864 77 51 &
374 864 154 51 forma:
482 864 108 51 sed
544 864 108 51 non
606 864 170 51 causant
729 864 124 51 eam:
806 864 124 51 immo
884 864 139 51 ipsis
976 864 216 51 subtractis
1146 864 139 51 manet
1239 864 139 51 penes
1331 864 232 51 intellectum
1501 864 93 51 ipso

115 910 103 53 rum
174 910 220 53 distinctio.
350 910 103 53 Sed
409 910 147 53 dictum
512 910 162 53 istorum
629 910 132 53 redit
717 910 88 53 in
762 910 117 53 idem
835 910 103 53 cum
894 910 147 53 dictis
997 910 264 53 praecedentium.
1217 910 206 53 Hypostases
1378 910 117 53 enim
1452 910 103 53 non
1496 910 88 53 sunt

119 951 189 60 principia
265 951 73 60 &
294 951 160 60 termini
410 951 145 60 actuum
512 951 116 60 nisi
584 951 102 60 per
643 951 160 60 aliquem
759 951 189 60 respectum
904 951 87 60 ad
948 951 131 60 illos
1035 951 102 60 qui
1093 951 131 60 ipsas
1180 951 232 60 constituunt,
1369 951 87 60 vt
1413 951 160 60 aliquid
1529 951 87 60 in

122 999 86 55 ter
171 999 86 55 eas
220 999 61 55 &
245 999 111 55 ipsas
318 999 197 55 distinguunt:
478 999 98 55 quia
540 999 74 55 in
577 999 148 55 essentia
687 999 123 55 omnino
773 999 184 55 conveniunt:
921 999 86 55 nec
970 999 86 55 est
1019 999 184 55 differentia
1167 999 135 55 realis,
1265 999 98 55 siue
1327 999 135 55 relatio
1413 999 172 55 intelligitur

117 1039 73 59 vt
153 1039 109 59 ratio
226 1039 157 59 elicitiua
347 1039 121 59 actus,
431 1039 97 59 siue
492 1039 73 59 vt
528 1039 85 59 sit
576 1039 97 59 ipse
637 1039 121 59 actus,
721 1039 97 59 siue
782 1039 73 59 vt
818 1039 169 59 dispositio
951 1039 73 59 ex
988 1039 109 59 actu:
1060 1039 60 59 &
1084 1039 85 59 non
1133 1039 85 59 est
1181 1039 109 59 vnius
1254 1039 145 59 personae
1362 1039 73 59 ad
1399 1039 97 59 vnam
1459 1039 97 59 plus
1507 1039 73 59 quam

133 1097 99 48 vna
189 1097 198 48 proprietas
345 1097 170 48 secundum
472 1097 113 48 rem,
543 1097 85 48 vt
585 1097 141 48 dictum
684 1097 113 48 est:
754 1097 71 48 &
783 1097 127 48 infra
868 1097 155 48 amplius
981 1097 240 48 declarabitur.
1178 1097 85 48 vt
1221 1097 127 48 nihil
1305 1097 99 48 sit
1362 1097 127 48 dictu
1447 1097 113 48 quod
1503 1097 85 48 alio

106 1128 180 57 respectu
241 1128 240 57 distinguitur
436 1128 225 57 hypostasis,
617 1128 120 57 alio
692 1128 180 57 respectu
827 1128 180 57 persona:
962 1128 120 57 immo
1037 1128 210 57 hypostasis
1202 1128 135 57 etiam
1293 1128 180 57 secundum
1428 1128 105 57 eos
1488 1128 90 57 in
1518 1128 75 57 di-

117 1179 127 51 uinis
202 1179 99 51 non
258 1179 99 51 est
315 1179 113 51 nisi
385 1179 198 51 existentia
541 1179 283 51 incommunicabilis
781 1179 155 51 naturae
894 1179 269 51 intellectualis.
1121 1179 71 51 &
1149 1179 127 51 talis
1234 1179 99 51 non
1290 1179 141 51 potest
1389 1179 113 51 esse
1460 1179 113 51 nisi
1516 1179 71 51 per

121 1218 129 58 sona:
207 1218 101 58 ita
264 1218 115 58 quod
336 1218 158 58 persona
451 1218 201 58 communiter
609 1218 158 58 accepta
724 1218 101 58 tam
782 1218 86 58 in
825 1218 144 58 natura
926 1218 144 58 creata
1026 1218 115 58 quam
1098 1218 86 58 in
1141 1218 187 58 increata,
1285 1218 230 58 principalius
1458 1218 129 58 dicitur

123 1272 156 46 persona
236 1272 156 46 ratione
350 1272 156 46 naturae
464 1272 256 46 intellectualis
677 1272 227 46 simpliciter,
862 1272 114 46 quam
933 1272 156 46 ratione
1046 1272 227 46 proprietatis
1231 1272 114 46 siue
1302 1272 270 46 indiuiduationis
1515 1272 71 46 sim

124 1308 179 61 pliciter,
262 1308 96 61 non
317 1308 137 61 potest
413 1308 110 61 enim
482 1308 137 61 natura
578 1308 247 61 intellectualis
784 1308 165 61 existere
908 1308 110 61 nisi
976 1308 82 61 in
1018 1308 165 61 persona:
1141 1308 137 61 potest
1238 1308 124 61 tamen
1320 1308 110 61 esse
1389 1308 165 61 conditio
1513 1308 110 61 indi

120 1353 172 54 uidualis
248 1353 100 54 vbi
306 1353 100 54 non
363 1353 100 54 est
420 1353 172 54 persona:
549 1353 86 54 vt
591 1353 172 54 secundum
720 1353 100 54 hoc
777 1353 86 54 in
820 1353 157 54 diuinis
934 1353 143 54 omnino
1035 1353 100 54 non
1092 1353 143 54 potest
1192 1353 157 54 absolui
1306 1353 129 54 ratio
1392 1353 172 54 personae
1521 1353 71 54 a
1535 1353 57 54 ra

126 1398 128 59 tione
211 1398 198 59 hypostasis
367 1398 113 59 nisi
438 1398 198 59 absoluatur
593 1398 142 59 omnino
693 1398 156 59 natura:
806 1398 85 59 vt
848 1398 170 59 scilicet
976 1398 198 59 hypostasis
1132 1398 99 59 sit
1188 1398 85 59 in
1231 1398 142 59 natura
1330 1398 99 59 non
1387 1398 184 59 rationali
1514 1398 71 59 si-

117 1447 85 59 ue
159 1447 99 59 non
216 1447 256 59 intellectuali:
429 1447 114 59 quia
500 1447 85 59 in
543 1447 156 59 diuinis
656 1447 99 59 non
713 1447 156 59 differt
827 1447 142 59 natura
926 1447 71 59 &
954 1447 114 59 haec
1025 1447 156 59 natura.
1139 1447 85 59 In
1182 1447 185 59 creaturis
1323 1447 114 59 vero
1394 1447 142 59 potest
1480 1447 99 59 absol

120 1485 89 64 ui
165 1485 133 64 ratio
253 1485 177 64 personae
386 1485 74 64 a
416 1485 162 64 ratione
534 1485 222 64 hypostasis,
711 1485 207 64 absoluendo
873 1485 118 64 hanc
947 1485 162 64 naturam
1065 1485 177 64 secundum
1198 1485 118 64 quam
1272 1485 162 64 habetur
1375 1485 222 64 personalitas,

119 1539 106 53 non
179 1539 136 53 autem
270 1539 166 53 naturam
390 1539 241 53 simpliciter:
586 1539 121 53 quia
662 1539 90 53 in
707 1539 196 53 creaturis
858 1539 166 53 differt
978 1539 121 53 haec
1053 1539 151 53 natura
1159 1539 90 53 vt
1204 1539 211 53 humanitas,
1370 1539 75 53 a
1400 1539 151 53 natura
1491 1539 90 53 sima

126 1585 189 55 pliciter:
271 1585 116 55 quia
343 1585 218 55 abstrahendo
517 1585 87 55 ab
561 1585 145 55 aliquo
662 1585 87 55 vt
705 1585 73 55 a
735 1585 131 55 Sorte
822 1585 116 55 hanc
894 1585 232 55 humanitatem:
1083 1585 131 55 licet
1170 1585 102 55 non
1228 1585 145 55 maneat
1329 1585 160 55 Sortes,
1445 1585 116 55 quia
1518 1585 102 55 non

116 1625 106 56 est
177 1625 152 56 Sortes
283 1625 122 56 nisi
359 1625 91 56 ab
405 1625 106 56 hac
465 1625 228 56 humanitate:
648 1625 137 56 manet
739 1625 137 56 tamen
830 1625 182 56 secundum
967 1625 228 56 intellectum
1149 1625 122 56 haec
1225 1625 228 56 animalitas,
1408 1625 122 56 haec
1468 1625 122 56 corpo-

123 1672 158 55 reitas,
238 1672 72 55 &
267 1672 202 55 huiusmodi:
425 1672 86 55 in
468 1672 144 55 quibus
569 1672 130 55 manet
656 1672 130 55 ratio
742 1672 202 55 hypostasis
901 1672 130 55 licet
987 1672 101 55 non
1045 1672 187 55 personae.
1189 1672 86 55 Et
1232 1672 101 55 sic
1289 1672 86 55 in
1333 1672 187 55 creaturis
1462 1672 130 55 abstra-

127 1720 114 51 ctis
198 1720 100 51 per
255 1720 214 51 intellectum
426 1720 257 51 proprietatibus
640 1720 228 51 personalibus
826 1720 71 51 &
854 1720 157 51 naturis
969 1720 171 51 secundum
1097 1720 114 51 quas
1168 1720 157 51 dicitur
1282 1720 171 51 persona,
1411 1720 171 51 remanent
1525 1720 57 51 hy

120 1763 166 54 postases
245 1763 166 54 secundum
370 1763 222 54 intellectum.
550 1763 97 54 Sic
605 1763 111 54 ergo
674 1763 208 54 simpliciter
841 1763 166 54 dicendum
965 1763 97 54 est
1021 1763 111 54 quod
1090 1763 152 54 relatio
1201 1763 83 54 in
1243 1763 152 54 diuinis
1353 1763 222 54 constitutiua
1520 1763 69 54 est

121 1806 71 51 &
149 1806 214 51 distinctiua
320 1806 199 51 suppositi:
477 1806 100 51 sed
534 1806 242 51 intelligendum
733 1806 114 51 quod
804 1806 100 51 non
861 1806 199 51 quaelibet,
1018 1806 100 51 sed
1075 1806 142 51 aliqua
1174 1806 100 51 sic
1231 1806 71 51 &
1260 1806 142 51 aliqua
1359 1806 114 51 non.
1430 1806 71 51 â‹
1459 1806 85 51 Ad
1487 1806 100 51 cuius

122 1847 228 60 intellectum
304 1847 182 60 sciendum
441 1847 122 60 est,
517 1847 122 60 quod
593 1847 137 60 sicut
684 1847 91 60 in
730 1847 198 60 creaturis
882 1847 198 60 inuenimus
1034 1847 182 60 duplicem
1170 1847 182 60 rationem
1307 1847 198 60 formarum:
1459 1847 167 60 quaedam

127 1898 108 55 enim
195 1898 122 55 forma
276 1898 95 55 est
330 1898 81 55 in
371 1898 162 55 materia,
492 1898 108 55 quae
560 1898 176 55 consistit
695 1898 81 55 in
736 1898 122 55 dando
817 1898 108 55 esse
884 1898 189 55 supposito,
1033 1898 81 55 vt
1073 1898 95 55 est
1128 1898 122 55 forma
1209 1898 243 55 substantialis,
1411 1898 149 55 quaedam
1506 1898 81 55 quae

131 1947 184 48 consistit
273 1947 85 48 in
315 1947 198 48 adueniendo
471 1947 99 48 iam
528 1947 198 48 constituto
683 1947 85 48 in
726 1947 128 48 esse:
811 1947 184 48 Similiter
953 1947 156 48 dicimus
1066 1947 113 48 quod
1137 1947 85 48 in
1179 1947 85 48 re
1222 1947 170 48 increata
1349 1947 142 48 duplex
1448 1947 99 48 est
1491 1947 99 48 ratio

121 1984 212 53 relationum
288 1984 121 53 siue
364 1984 212 53 respectuum
530 1984 106 53 aut
591 1984 258 53 proprietatum,
803 1984 121 53 quae
879 1984 137 53 quasi
970 1984 152 53 formae
1076 1984 137 53 sunt.
1167 1984 167 53 Quaedam
1289 1984 121 53 enim
1365 1984 106 53 dat
1425 1984 121 53 esse
1486 1984 106 53 suppo

122 2026 140 55 sito:
216 2026 171 55 quaedam
340 2026 233 55 consequitur
526 2026 217 55 suppositum
697 2026 233 55 constitutum
884 2026 171 55 ratione
1008 2026 217 55 suppositi.
1179 2026 217 55 Proprietas
1349 2026 140 55 primo
1443 2026 124 55 modo
1505 2026 93 55 illa

118 2074 94 55 est
171 2074 215 55 constitutiua
346 2074 67 55 &
373 2074 201 55 distinctiua
534 2074 134 55 simul:
628 2074 67 55 &
655 2074 107 55 sunt
722 2074 134 55 tantum
816 2074 121 55 tres,
896 2074 107 55 quae
963 2074 161 55 dicuntur
1084 2074 201 55 personales,
1245 2074 161 55 scilicet
1366 2074 201 55 paternitas,
1514 2074 67 55 fi-

122 2114 146 64 liatio,
228 2114 66 64 &
254 2114 159 64 spiratio
374 2114 159 64 passiua.
493 2114 146 64 dicente
599 2114 133 64 Ricar.
692 2114 119 64 iiii.
771 2114 80 64 de
811 2114 172 64 trinitate
944 2114 106 64 cap.
1010 2114 119 64 xvii.
1089 2114 186 64 Proprietas
1235 2114 186 64 personalis
1381 2114 93 64 est
1434 2114 80 64 ex
1474 2114 93 64 qua
1513 2114 80 64 vnus

133 2164 141 56 quisque
236 2164 115 56 habet
313 2164 103 56 esse
377 2164 77 56 is
415 2164 90 56 qui
467 2164 103 56 est:
531 2164 90 56 per
582 2164 103 56 quam
646 2164 154 56 quilibet
762 2164 103 56 vnus
826 2164 103 56 est,
890 2164 64 56 &
916 2164 77 56 ab
954 2164 141 56 omnibus
1057 2164 115 56 aliis
1134 2164 180 56 discretus.
1275 2164 64 56 &
1301 2164 103 56 cap.
1365 2164 128 56 xviii.
1455 2164 77 56 Et
1481 2164 115 56 quantum

129 2207 90 57 est
180 2207 77 57 ad
219 2207 141 57 diuina,
321 2207 115 57 nihil
398 2207 115 57 aliud
474 2207 90 57 est
526 2207 141 57 persona
628 2207 102 57 quam
692 2207 256 57 incommunicabilis
909 2207 192 57 existentia,
1063 2207 128 57 habens
1152 2207 102 57 esse
1216 2207 243 57 supsubstantiale
1421 2207 77 57 ex
1446 2207 141 57 proprieta

120 2261 81 48 te
161 2261 190 48 personali.
310 2261 68 48 &
338 2261 109 48 cap.
405 2261 109 48 xix.
473 2261 190 48 Significat
623 2261 122 48 autem
704 2261 217 48 substantiale
880 2261 109 48 esse
948 2261 81 48 ex
989 2261 136 48 aliqua
1084 2261 176 48 singulari
1220 2261 217 48 proprietate:
1396 2261 109 48 quia
1464 2261 109 48 sunt
1518 2261 68 48 plu

123 2299 95 55 res
178 2299 163 55 habentes
300 2299 108 55 vnum
367 2299 68 55 &
394 2299 203 55 indifferens
557 2299 108 55 esse
625 2299 81 55 ex
665 2299 190 55 differenti
814 2299 217 55 proprietate.
990 2299 68 55 &
1017 2299 95 55 li.
1071 2299 81 55 v.
1112 2299 108 55 cap.
1180 2299 81 55 i.
1220 2299 95 55 Nam
1275 2299 108 55 etsi
1342 2299 122 55 plura
1423 2299 122 55 habet
1491 2299 95 55 incon

134 2353 186 46 municabilia,
285 2353 139 46 sufficit
390 2353 105 46 tamen
460 2353 93 46 vnum
518 2353 105 46 solum
587 2353 70 46 ad
622 2353 151 46 probandum
738 2353 93 46 quod
796 2353 81 46 sit
843 2353 139 46 persona.
948 2353 81 46 nam
994 2353 70 46 ex
1029 2353 70 46 eo
1064 2353 128 46 constat
1157 2353 93 46 quod
1215 2353 81 46 sit
1261 2353 128 46 aliquis
1354 2353 105 46 solus
1424 2353 70 46 ab
1459 2353 105 46 aliis
1517 2353 81 46 omni-

120 2387 102 58 bus
179 2387 87 58 ex
222 2387 116 58 illa
295 2387 218 58 proprietate
469 2387 203 58 discretus.
629 2387 203 58 Proprietas
789 2387 160 58 secundo
905 2387 116 58 modo
977 2387 102 58 est
1036 2387 174 58 communis
1166 2387 174 58 spiratio
1297 2387 160 58 actiua:
1413 2387 102 58 nec
1471 2387 102 58 est
1515 2387 87 58 per-

133 2434 124 46 sonae
216 2434 235 46 constitutiua,
409 2434 124 46 licet
492 2434 97 46 sit
548 2434 138 46 duarum
644 2434 69 46 a
672 2434 138 46 tertia
755 2434 193 46 distinctiua.

118 2465 79 68 â‹
150 2465 95 68 Ad
197 2465 158 68 primum
308 2465 95 68 in
355 2465 221 68 oppositum,
529 2465 126 68 quod
607 2465 189 68 refertur
750 2465 95 68 ad
797 2465 142 68 aliud
892 2465 110 68 est
955 2465 174 68 aliquid
1081 2465 174 68 praeter
1207 2465 237 68 relationem,
1397 2465 189 68 secundum
1523 2465 63 68 Au

126 2528 165 62 gustinum:
253 2528 152 62 Dicendum
367 2528 101 62 quod
431 2528 114 62 verum
507 2528 101 62 est:
570 2528 89 62 sed
621 2528 89 62 hoc
671 2528 76 62 in
709 2528 139 62 diuinis
811 2528 89 62 non
862 2528 89 62 est
912 2528 101 62 nisi
976 2528 101 62 ipsa
1039 2528 152 62 essentia
1153 2528 165 62 deitatis.
1280 2528 139 62 Persona
1381 2528 101 62 enim
1445 2528 101 62 quae
1495 2528 89 62 refer

122 2585 93 49 tur
175 2585 80 49 ad
215 2585 120 49 aliud
295 2585 146 49 praeter
401 2585 186 49 respectum,
548 2585 93 49 est
601 2585 107 49 ipsa
668 2585 160 49 essentia
787 2585 173 49 deitatis:
921 2585 107 49 quia
987 2585 107 49 ambo
1054 2585 133 49 cadunt
1147 2585 80 49 in
1187 2585 240 49 significatione
1387 2585 173 49 personae,
1520 2585 80 49 vt
1560 2585 80 49 pa

126 2621 108 55 tebit
198 2621 72 55 in
234 2621 144 55 sequenti
342 2621 180 55 quaestione:
486 2621 60 55 &
510 2621 96 55 ipsa
570 2621 144 55 essentia
678 2621 84 55 est
726 2621 132 55 aliquid
822 2621 132 55 praeter
918 2621 168 55 respectum,
1050 2621 72 55 vt
1086 2621 132 55 habitum
1182 2621 84 55 est
1230 2621 120 55 supra:
1314 2621 108 55 licet
1386 2621 96 55 ipsa
1446 2621 96 55 illa
1494 2621 108 55 relatio

114 2674 80 51 ne
154 2674 93 51 non
207 2674 147 51 dicatur
314 2674 174 51 relatiue:
447 2674 93 51 sed
501 2674 147 51 persona
608 2674 107 51 quam
674 2674 200 51 constituit.
835 2674 120 51 Secus
915 2674 107 51 enim
981 2674 93 51 est
1035 2674 80 51 de
1075 2674 120 51 istis
1155 2674 240 51 proprietatibus
1355 2674 80 51 in
1395 2674 147 51 diuinis
1502 2674 67 51 &
1516 2674 93 51 aliis

123 2710 202 57 relatiuis.
281 2710 115 57 Alia
353 2710 115 57 enim
426 2710 202 57 relationes
584 2710 202 57 personarum
743 2710 188 57 adueniunt
887 2710 188 57 supposito
1032 2710 115 57 quod
1104 2710 188 57 referunt,
1248 2710 87 57 vt
1292 2710 216 57 similitudo,
1465 2710 173 57 aequali-
