2017 3280
89 273 69 71 &
117 273 97 71 non
172 273 97 71 est
228 273 153 71 relatio
339 273 125 71 aliud
422 273 111 71 quam
492 273 111 71 ipsa
561 273 180 71 essentia:
700 273 111 71 tunc
769 273 111 71 ergo
839 273 153 71 relatio
950 273 97 71 non
1005 273 125 71 esset
1088 273 222 71 constitutiua
1269 273 167 71 personae
1394 273 83 71 vt
1435 273 125 71 habet
1505 273 97 71 respe

80 333 114 52 ctum
151 333 86 52 ad
194 333 114 52 suum
266 333 243 52 correlatiuum:
466 333 100 52 sed
523 333 86 52 vt
566 333 100 52 est
623 333 114 52 quid
695 333 186 52 absolutum
838 333 86 52 in
881 333 114 52 ipsa
952 333 186 52 essentia.
1095 333 72 52 &
1124 333 100 52 sic
1181 333 172 52 personam
1310 333 186 52 absolutam
1439 333 157 52 constitue

93 385 111 50 ret,
163 385 97 50 non
218 385 125 50 autem
302 385 223 50 respectiuam:
483 385 125 50 cuius
566 385 195 50 contrarium
719 385 97 50 iam
775 385 223 50 determinatum
956 385 111 50 est.
1025 385 125 50 Esset
1109 385 125 50 etiam
1192 385 167 50 essentia
1318 385 83 50 ex
1359 385 139 50 seipsa
1457 385 167 50 persona:

88 425 103 53 quod
152 425 90 53 est
204 425 129 53 contra
294 425 193 53 Augustinum.
449 425 103 53 vii.
513 425 77 53 de
551 425 193 53 triniitate.
706 425 90 53 vbi
757 425 103 53 vult
822 425 103 53 quod
886 425 142 53 persona
989 425 90 53 non
1041 425 142 53 dicitur
1144 425 103 53 nisi
1208 425 167 53 relatiue:
1337 425 154 53 essentia
1452 425 116 53 autem
1530 425 90 53 non

95 475 98 47 nisi
156 475 73 47 ad
192 475 85 47 se,
241 475 98 47 quia
302 475 85 47 (vt
351 475 122 47 dicit)
437 475 73 47 si
473 475 146 47 essentia
583 475 146 47 relatiue
693 475 159 47 diceretur
815 475 159 47 essentia,
937 475 146 47 essentia
1047 475 98 47 ipsa
1108 475 85 47 non
1157 475 110 47 esset
1230 475 159 47 essentia.
1352 475 73 47 Si
1389 475 110 47 primo
1462 475 110 47 modo:
1535 475 85 47 aut

93 516 107 48 ergo
160 516 161 48 essentia
280 516 67 48 &
307 516 147 48 relatio
414 516 201 48 constituunt
574 516 161 48 personam
695 516 80 48 vt
735 516 94 48 duo
788 516 107 48 quae
855 516 107 48 sunt
922 516 107 48 duae
989 516 107 48 res,
1056 516 94 48 aut
1109 516 107 48 quae
1176 516 94 48 non
1230 516 107 48 sunt
1297 516 107 48 duae
1364 516 107 48 res.
1430 516 80 48 Si
1471 516 120 48 primo
1537 516 54 48 mo

87 560 100 49 do,
144 560 100 49 cum
201 560 115 49 ergo
273 560 100 49 (vt
330 560 100 49 iam
387 560 143 49 dictum
488 560 100 49 est
545 560 143 49 supra)
645 560 172 49 essentia
774 560 86 49 in
817 560 157 49 persona
931 560 100 49 est
989 560 157 49 aliquid
1103 560 157 49 excepta
1218 560 200 49 relatione:
1375 560 72 49 &
1404 560 186 49 similiter
1533 560 57 49 re

92 607 118 54 latio
171 607 92 54 est
223 607 144 54 aliquid
328 607 144 54 praeter
433 607 184 54 essentiam:
577 607 66 54 &
603 607 92 54 sic
656 607 144 54 neutrum
761 607 118 54 eorum
839 607 157 54 includit
957 607 157 54 alterum:
1076 607 131 54 essent
1167 607 105 54 ergo
1233 607 79 54 in
1272 607 92 54 deo
1325 607 105 54 tres
1390 607 92 54 res
1430 607 157 54 relationum

89 652 209 56 personalium,
259 652 65 56 &
285 652 130 56 quarta
376 652 143 56 praeter
480 652 130 56 illam:
572 652 65 56 &
598 652 117 56 esset
676 652 78 56 in
715 652 91 56 deo
767 652 117 56 rerum
846 652 209 56 quaternitas:
1015 652 104 56 quod
1080 652 130 56 falsum
1172 652 104 56 est.
1237 652 78 56 Si
1276 652 143 56 secundo
1380 652 117 56 modo,
1459 652 91 56 aut
1511 652 104 56 ergo

87 700 94 57 non
140 700 108 57 sunt
208 700 108 57 duae
275 700 94 57 res
329 700 108 57 quia
396 700 148 57 neutrum
504 700 121 57 eorum
585 700 94 57 est
639 700 108 57 res,
706 700 94 57 aut
760 700 108 57 quia
828 700 148 57 alterum
935 700 94 57 est
989 700 94 57 res
1043 700 148 57 tantum,
1151 700 148 57 alterum
1259 700 108 57 vero
1326 700 94 57 non
1380 700 108 57 res.
1447 700 94 57 Non
1488 700 94 57 primo

87 744 132 56 modo:
175 744 117 56 quia
249 744 176 56 secundum
380 744 205 56 Augustinum
542 744 147 56 deitas
644 744 103 56 est
703 744 161 56 quaedam
820 744 132 56 summa
908 744 103 56 res
967 744 117 56 quae
1040 744 176 56 trinitas
1172 744 117 56 est:
1245 744 73 56 &
1275 744 117 56 quia
1348 744 117 56 tunc
1421 744 161 56 persona
1524 744 73 56 non

86 788 122 49 esset
168 788 109 49 res:
236 788 122 49 cuius
317 788 190 49 contrarium
467 788 109 49 vult
534 788 217 49 Augustinusi.
711 788 81 49 i.
752 788 81 49 de
792 788 177 49 doctriu,.
928 788 204 49 christiana.
1091 788 81 49 ex
1132 788 95 49 non
1186 788 122 49 rebus
1268 788 122 49 autem
1349 788 95 49 non
1390 788 190 49 constituitur

93 834 111 46 res,
162 834 124 46 sicut
245 834 83 46 ex
287 834 97 46 non
342 834 207 46 substantiis
508 834 97 46 non
563 834 221 46 constituitur
742 834 207 46 substantia.
908 834 97 46 Non
963 834 152 46 secundo
1074 834 124 46 modo:
1157 834 111 46 quia
1226 834 124 46 illud
1309 834 97 46 non
1364 834 124 46 esset
1447 834 111 46 nisi
1502 834 83 46 quia

93 879 165 51 essentia
217 879 96 51 est
272 879 110 51 res:
341 879 151 51 relatio
451 879 110 51 vero
519 879 96 51 non
574 879 110 51 res.
643 879 96 51 sed
698 879 151 51 relatio
808 879 96 51 non
863 879 96 51 res
918 879 96 51 non
973 879 96 51 est
1028 879 110 51 nisi
1096 879 165 51 intentio
1220 879 151 51 quaedam
1330 879 165 51 secunda:
1454 879 69 51 &
1481 879 96 51 sic
1522 879 69 51 cum

94 925 158 52 intentio
213 925 92 52 sit
265 925 92 52 ens
318 925 172 52 rationis,
450 925 145 52 persona
556 925 79 52 in
596 925 92 52 deo
648 925 119 52 esset
728 925 145 52 aliquid
833 925 145 52 naturae
939 925 66 52 &
965 925 145 52 aliquid
1071 925 172 52 rationis,
1203 925 145 52 aliquid
1309 925 92 52 rei
1362 925 66 52 &
1388 925 145 52 aliquid
1480 925 106 52 inten-

90 969 149 54 tionis:
199 969 109 54 quod
267 969 163 54 absurdum
389 969 109 54 est.
457 969 122 54 nullo
538 969 109 54 modo
606 969 109 54 ergo
674 969 81 54 ex
714 969 163 54 essentia
836 969 68 54 &
864 969 176 54 relatione
999 969 149 54 persona
1108 969 217 54 constituitur
1284 969 81 54 in
1325 969 163 54 diuinis.
1474 969 149 54 Secundo

95 1017 106 52 sic.
161 1017 80 52 si
201 1017 146 52 persona
307 1017 239 52 constitueretur
506 1017 80 52 ex
546 1017 159 52 essentia
665 1017 66 52 &
691 1017 186 52 relatione,
837 1017 106 52 tunc
904 1017 93 52 non
957 1017 172 52 generaret
1089 1017 80 52 de
1129 1017 80 52 se
1169 1017 199 52 intellectum
1328 1017 186 52 simplicem:
1474 1017 93 52 sed
1514 1017 66 52 con

100 1063 160 54 positum,
220 1063 240 54 comprehendendo
419 1063 80 54 in
459 1063 147 54 persona
566 1063 93 54 non
619 1063 93 54 hoc
672 1063 147 54 tantum,
779 1063 93 54 sed
832 1063 93 54 hoc
885 1063 67 54 &
912 1063 147 54 aliquid
1019 1063 120 54 aliod
1099 1063 80 54 ab
1139 1063 107 54 hoc.
1205 1063 120 54 Quare
1285 1063 93 54 cum
1338 1063 160 54 secundum
1445 1063 133 54 Philoso-

100 1109 109 54 phum
169 1109 205 54 vnumquodque
333 1109 96 54 sic
387 1109 82 54 se
428 1109 123 54 habet
510 1109 82 54 in
551 1109 109 54 esse
620 1109 68 54 &
647 1109 164 54 veritate
770 1109 123 54 sicut
852 1109 82 54 se
893 1109 123 54 habet
975 1109 82 54 in
1016 1109 205 54 cognitione:
1180 1109 109 54 esse
1248 1109 109 54 ergo
1317 1109 123 54 verum
1399 1109 164 54 personae
1508 1109 82 54 diui

87 1157 98 51 nae
143 1157 196 51 compositum
297 1157 140 51 esset:
396 1157 112 51 quod
466 1157 140 51 falsum
564 1157 112 51 est,
634 1157 112 51 quia
704 1157 84 51 in
746 1157 98 51 deo
802 1157 126 51 nulla
887 1157 140 51 potest
985 1157 140 51 cadere
1083 1157 196 51 compositio
1237 1157 168 51 secundum
1364 1157 126 51 supra
1434 1157 154 51 determina

85 1184 93 67 ta.
165 1184 80 67 In
204 1184 173 67 oppositum
338 1184 93 67 est
391 1184 120 67 illud
471 1184 213 67 Augustiniuni
644 1184 106 67 vii.
710 1184 80 67 de
750 1184 186 67 trinitate.
897 1184 80 67 Si
937 1184 120 67 pater
1016 1184 93 67 non
1070 1184 93 67 est
1123 1184 146 67 aliquid
1229 1184 80 67 ad
1269 1184 160 67 seipsum,
1389 1184 93 67 non
1442 1184 93 67 est
1496 1184 133 67 omnino

95 1242 96 58 qui
150 1242 164 58 relatiue
273 1242 150 58 dicatur
382 1242 82 58 ad
423 1242 137 58 aliud.
519 1242 150 58 dicitur
628 1242 109 58 ergo
697 1242 123 58 pater
779 1242 178 58 relatiue,
915 1242 68 58 &
943 1242 96 58 est
997 1242 150 58 aliquid
1107 1242 82 58 ad
1148 1242 164 58 seipsum.
1271 1242 82 58 ad
1312 1242 82 58 se
1353 1242 123 58 autem
1435 1242 96 58 non
1489 1242 96 58 est
1530 1242 55 58 ni

102 1291 83 54 si
144 1291 194 54 continendo
296 1291 83 54 in
338 1291 83 54 se
379 1291 194 54 essentiam.
532 1291 166 54 relatiue
657 1291 125 54 autem
740 1291 97 54 non
796 1291 153 54 dicitur
906 1291 111 54 nisi
976 1291 194 54 includendo
1128 1291 83 54 in
1170 1291 83 54 se
1212 1291 208 54 relationem,
1378 1291 83 54 vt
1420 1291 125 54 patet
1503 1291 83 54 ex
1531 1291 55 54 di

96 1333 130 57 ctis,
182 1333 101 57 non
240 1333 174 57 continet
371 1333 130 57 autem
457 1333 116 57 haec
530 1333 116 57 nisi
602 1333 87 57 vt
646 1333 246 57 constituentia
848 1333 130 57 ipsum
935 1333 72 57 &
964 1333 116 57 quae
1036 1333 116 57 sunt
1109 1333 87 57 de
1152 1333 217 57 significato
1326 1333 130 57 eius.
1413 1333 116 57 ergo
1471 1333 72 57 &c.

140 1378 212 70 Dicendum
298 1378 106 70 ad
351 1378 141 70 hoc,
439 1378 141 70 quod
527 1378 106 70 in
580 1378 141 70 omni
668 1378 176 70 prsona
792 1378 88 70 &
827 1378 229 70 supposito
1003 1378 229 70 singulari
1180 1378 194 70 oportet
1321 1378 141 70 esse
1409 1378 141 70 duo:
1497 1378 123 70 quo

98 1432 88 76 rum
149 1432 101 76 vnum
212 1432 88 76 est
263 1432 126 76 natura
351 1432 101 76 quae
414 1432 76 76 ex
452 1432 76 76 se
490 1432 152 76 communis
603 1432 88 76 est
654 1432 101 76 quae
717 1432 139 76 aliquid
818 1432 152 76 existit:
932 1432 63 76 &
957 1432 177 76 proprietas
1096 1432 152 76 secundum
1210 1432 101 76 quam
1273 1432 177 76 subsistit,
1412 1432 101 76 quae
1475 1432 114 76 ipsum
1538 1432 63 76 per

95 1481 208 47 subsistens
259 1481 238 47 determinatur
452 1481 89 47 vt
497 1481 119 47 modo
571 1481 193 47 singulari
720 1481 223 47 determinato
898 1481 74 47 &
928 1481 283 47 incommunicabili
1166 1481 208 47 subsistit:
1329 1481 119 47 quae
1404 1481 164 47 necesse
1508 1481 74 47 est

96 1525 124 51 simul
179 1525 152 51 includi
290 1525 83 51 in
331 1525 207 51 significato
497 1525 166 51 personae
621 1525 97 51 seu
676 1525 180 51 suppositi
814 1525 207 51 singularis.
980 1525 124 51 Verbi
1063 1525 138 51 gratia
1160 1525 193 51 suppositum
1312 1525 97 51 hoc
1367 1525 180 51 singulare
1505 1525 111 51 quid

95 1582 103 50 est
154 1582 161 50 Petrus,
271 1582 161 50 existit
389 1582 88 50 ex
433 1582 147 50 natura
535 1582 235 50 humanitatis,
726 1582 117 50 quae
799 1582 176 50 secundum
931 1582 88 50 se
975 1582 176 50 conmunis
1107 1582 117 50 est,
1180 1582 73 50 &
1210 1582 235 50 determinatum
1400 1582 132 50 atque
1473 1582 103 50 singu

93 1619 113 56 rem
157 1619 145 56 modum
254 1619 242 56 subsistendi
448 1619 145 56 habet
545 1619 97 56 ex
593 1619 242 56 limitatione
787 1619 161 56 quadam
900 1619 81 56 &
932 1619 291 56 determinatione
1174 1619 161 56 ipsius
1287 1619 178 56 naturae
1417 1619 113 56 qua
1465 1619 113 56 habet

104 1660 119 50 esse
178 1660 119 50 haec
253 1660 208 50 humanitas,
416 1660 178 50 secundum
550 1660 119 50 quod
625 1660 164 50 habitum
743 1660 104 50 est
803 1660 149 50 supra:
907 1660 119 50 quae
981 1660 208 50 necessario
1145 1660 149 50 cadunt
1249 1660 134 50 simul
1338 1660 89 50 in
1368 1660 223 50 significatio-

95 1704 89 58 ne
140 1704 192 58 suppositi
287 1704 221 58 singularis.
464 1704 89 58 Et
509 1704 133 58 sicut
597 1704 103 58 est
656 1704 89 58 in
700 1704 192 58 supposito
848 1704 148 58 creato
951 1704 103 58 cum
1010 1704 221 58 limitatione
1187 1704 133 58 atque
1276 1704 266 58 determinatione
1483 1704 103 58 simul

95 1755 150 52 naturae
204 1755 68 52 &
231 1755 190 52 suppositi:
381 1755 95 52 sic
435 1755 95 52 est
490 1755 82 52 in
531 1755 177 52 supposito
667 1755 163 52 increato
789 1755 136 52 absque
884 1755 109 52 omni
952 1755 218 52 limitatione,
1129 1755 68 52 &
1156 1755 122 52 etiam
1238 1755 136 52 absque
1333 1755 245 52 determinatione
1524 1755 54 52 na

103 1800 130 60 turae
189 1800 101 60 sed
247 1800 187 60 suppositi
390 1800 158 60 tantum.
506 1800 130 60 Sicut
592 1800 115 60 enim
664 1800 86 60 in
707 1800 115 60 esse
779 1800 158 60 naturae
894 1800 158 60 creatae
1009 1800 115 60 homo
1081 1800 173 60 secundum
1211 1800 115 60 quod
1283 1800 115 60 homo
1355 1800 130 60 habet
1441 1800 115 60 esse
1499 1800 86 60 homo

102 1845 198 56 simpliciter
260 1845 79 56 ex
300 1845 145 56 corpore
405 1845 66 56 &
431 1845 119 56 anima
510 1845 211 56 simpliciter,
682 1845 66 56 &
708 1845 105 56 iste
774 1845 105 56 homo
840 1845 79 56 ex
879 1845 92 56 hoc
932 1845 145 56 corpore
1038 1845 66 56 &
1064 1845 92 56 hac
1117 1845 132 56 anima.
1209 1845 158 56 secundum
1328 1845 211 56 Philosophum.
1486 1845 92 56 viii.

113 1892 228 56 metaphysicae:
301 1892 67 56 &
328 1892 121 56 sicut
408 1892 81 56 in
448 1892 107 56 esse
516 1892 202 56 quiditatiuo
677 1892 107 56 homo
744 1892 202 56 simpliciter
905 1892 94 56 est
959 1892 134 56 animal
1053 1892 175 56 rationale
1187 1892 215 56 simpliciter,
1362 1892 67 56 &
1389 1892 107 56 iste
1456 1892 107 56 homo
1510 1892 67 56 est

103 1935 90 58 hoc
155 1935 129 58 animal
245 1935 64 58 &
270 1935 90 58 hoc
322 1935 180 58 rationale,
463 1935 154 58 secundum
579 1935 142 58 Auicen.
682 1935 77 58 in
721 1935 193 58 metaphysica
875 1935 103 58 sua:
940 1935 90 58 ita
991 1935 103 58 quod
1055 1935 64 58 l
1081 1935 103 58 haec
1145 1935 90 58 seu
1197 1935 90 58 hoc
1248 1935 129 58 dicunt
1339 1935 206 58 proprietatem
1493 1935 90 58 deter

102 1982 194 55 minationis
255 1982 166 55 secundum
379 1982 111 55 quam
449 1982 194 55 suppositum
601 1982 180 55 subsistit
740 1982 236 55 singulariter:
934 1982 83 55 vt
975 1982 83 55 de
1017 1982 152 55 ratione
1128 1982 69 55 &
1155 1982 139 55 natura
1252 1982 194 55 singularis
1391 1982 194 55 subsistentis

101 2031 61 53 &
125 2031 158 53 similiter
247 2031 134 53 nominis
344 2031 207 53 significantis
515 2031 110 53 ipsum
588 2031 85 53 non
637 2031 110 53 solum
710 2031 85 53 sit
758 2031 85 53 res
807 2031 61 53 &
831 2031 122 53 natura
917 2031 85 53 qua
965 2031 146 53 existit,
1075 2031 97 53 quae
1136 2031 170 53 exprimitur
1270 2031 122 53 nomine
1355 2031 146 53 hominis,
1452 2031 122 53 animatua

102 2073 63 55 &
128 2073 190 55 rationalis:
280 2073 89 55 sed
331 2073 114 55 etiam
407 2073 102 55 ipsa
470 2073 178 55 proprietas
610 2073 89 55 qua
661 2073 203 55 determinatur
826 2073 127 55 natura
914 2073 76 55 in
953 2073 114 55 ipso:
1029 2073 89 55 sic
1079 2073 76 55 in
1117 2073 102 55 esse
1181 2073 140 55 naturae
1282 2073 178 55 increatae,
1422 2073 102 55 Deus
1485 2073 102 55 enim
1536 2073 51 55 se

111 2114 138 56 cundum
208 2114 110 56 quod
276 2114 110 56 deus
345 2114 124 56 habet
428 2114 207 56 simpliciter
593 2114 110 56 esse
662 2114 110 56 deus
731 2114 83 56 ex
772 2114 151 56 deitate
882 2114 220 56 simpliciter:
1061 2114 69 56 &
1089 2114 110 56 iste
1158 2114 110 56 deus
1227 2114 69 56 a
1254 2114 151 56 deitate
1364 2114 165 56 squantum
1488 2114 83 56 ex
1516 2114 55 56 se

105 2157 96 56 est
160 2157 109 56 haec
228 2157 68 56 &
256 2157 192 56 singularis
406 2157 164 56 secundum
530 2157 123 56 modum
612 2157 123 56 supra
694 2157 219 56 determiatum:
872 2157 96 56 non
926 2157 82 56 vt
967 2157 82 56 ly
1009 2157 109 56 haec
1077 2157 96 56 vel
1132 2157 96 56 hic
1186 2157 123 56 dicat
1269 2157 151 56 aliquam
1378 2157 219 56 proprietatem
1542 2157 55 56 de

103 2204 199 65 terminantem
262 2204 66 65 &
288 2204 225 65 contrahentem:
474 2204 93 65 sed
527 2204 80 65 in
567 2204 133 65 natura
659 2204 93 65 rei
712 2204 80 65 ex
752 2204 80 65 se
792 2204 199 65 existentem:
951 2204 80 65 vt
991 2204 93 65 non
1044 2204 93 65 sit
1097 2204 119 65 aliud
1176 2204 133 65 dicere
1269 2204 106 65 deus
1335 2204 66 65 &
1362 2204 106 65 iste
1428 2204 119 65 deus,
1494 2204 93 65 sumen

110 2250 76 56 do
148 2250 76 56 ly
186 2250 101 56 iste
250 2250 89 56 non
301 2250 101 56 nisi
364 2250 228 56 essentialiter.
554 2250 114 56 multo
630 2250 101 56 enim
694 2250 127 56 verius
783 2250 114 56 eadem
859 2250 89 56 est
910 2250 114 56 ratio
986 2250 89 56 dei
1036 2250 63 56 &
1062 2250 114 56 huius
1138 2250 101 56 dei,
1201 2250 101 56 quia
1265 2250 89 56 non
1316 2250 89 56 est
1366 2250 114 56 alter
1442 2250 101 56 deus
1506 2250 101 56 quam

108 2301 96 54 iste:
172 2301 85 54 quam
225 2301 117 54 hominis
310 2301 53 54 &
331 2301 96 54 huius
395 2301 127 54 hominis:
491 2301 85 54 quia
544 2301 117 54 praeter
629 2301 96 54 istum
692 2301 74 54 est
735 2301 106 54 alius.
809 2301 74 54 Sed
852 2301 74 54 cum
894 2301 85 54 iste
947 2301 74 54 vel
990 2301 74 54 hic
1032 2301 117 54 sumitur
1117 2301 170 54 personaliter
1255 2301 127 54 secundum
1350 2301 85 54 quod
1404 2301 96 54 piter
1467 2301 74 54 est
1510 2301 74 54 hic
1542 2301 42 54 in

116 2349 134 52 deitate
213 2349 183 52 subsistens,
360 2349 61 52 &
384 2349 122 52 filius
469 2349 85 52 est
518 2349 110 52 alius
591 2349 73 52 ab
628 2349 85 52 eo:
676 2349 73 52 ly
713 2349 85 52 hic
762 2349 61 52 &
786 2349 110 52 alius
859 2349 122 52 dicunt
944 2349 195 52 proprietatem
1103 2349 219 52 determinatiuam
1286 2349 85 52 non
1334 2349 171 52 essentiae:
1468 2349 85 52 sed
1505 2349 73 52 supr

110 2389 147 56 positi:
217 2389 161 56 secundum
337 2389 107 56 quam
404 2389 228 56 singularitate
592 2389 174 56 suppositi
726 2389 214 56 singulariter
900 2389 188 56 subsistit.
1048 2389 80 56 vt
1088 2389 80 56 de
1128 2389 147 56 ratione
1236 2389 67 56 &
1262 2389 134 56 natura
1356 2389 121 56 talis
1423 2389 161 56 singularis

108 2432 183 51 subsistentis
256 2432 57 51 &
279 2432 148 51 similitur
393 2432 68 51 de
427 2432 125 51 ratione
518 2432 125 51 nominis
609 2432 194 51 significantis
769 2432 103 51 ipsum
838 2432 80 51 non
883 2432 103 51 solum
952 2432 80 51 sit
997 2432 80 51 res
1043 2432 57 51 &
1066 2432 114 51 natura
1146 2432 137 51 communis
1248 2432 91 51 quae
1305 2432 160 51 exprimitur
1431 2432 114 51 nomine
1511 2432 91 51 dei:

105 2478 95 58 sed
160 2478 95 58 est
214 2478 109 58 ipsa
282 2478 190 58 proprietas
431 2478 109 58 quae
499 2478 217 58 determinatur
675 2478 95 58 non
729 2478 136 58 natura
824 2478 81 58 in
865 2478 163 58 essendo:
987 2478 95 58 sed
1041 2478 122 58 ipsum
1123 2478 190 58 suppositum
1272 2478 81 58 in
1313 2478 109 58 tali
1381 2478 109 58 modo
1435 2478 149 58 singulari

118 2521 64 58 &
144 2521 204 58 inconicabili
310 2521 204 58 subsistendo.
475 2521 115 58 Quare
552 2521 89 58 cum
603 2521 77 58 ex
641 2521 115 58 illis
718 2521 191 58 vnumquodque
871 2521 140 58 dicitur
973 2521 166 58 constitui
1100 2521 102 58 quae
1164 2521 77 58 de
1202 2521 128 58 natura
1292 2521 102 58 eius
1355 2521 64 58 &
1381 2521 191 58 significato
1521 2521 64 58 sui

111 2567 157 55 nominis
225 2567 185 55 existunt:
367 2567 214 55 simpliciter
538 2567 171 55 dicendum
666 2567 114 55 quod
737 2567 157 55 persona
851 2567 85 55 in
894 2567 100 55 deo
951 2567 228 55 constituitur
1136 2567 85 55 ex
1178 2567 171 55 essentia
1307 2567 71 55 &
1335 2567 228 55 proprietate:
1506 2567 71 55 vel

108 2614 153 60 potius
215 2614 183 60 essentia
352 2614 76 60 &
382 2614 214 60 proprietas
550 2614 137 60 ipsam
642 2614 183 60 personam
779 2614 244 60 constituunt.
978 2614 168 60 dicente
1100 2614 198 60 Damasceno
1252 2614 137 60 libro
1344 2614 153 60 tertio
1451 2614 122 60 cap.
1512 2614 76 60 vi.

110 2663 123 59 Quod
186 2663 169 59 commune
309 2663 108 59 est
371 2663 108 59 cum
432 2663 292 59 proprietatibus,
678 2663 138 59 habet
770 2663 230 59 hypostasis,
954 2663 92 59 id
1000 2663 108 59 est
1062 2663 169 59 persona
1185 2663 92 59 vt
1231 2663 138 59 talis
1323 2663 230 59 proprietas:
1492 2663 92 59 quia

108 2706 103 57 sic
167 2706 103 57 est
226 2706 162 57 persona
344 2706 177 57 personae
477 2706 192 57 intranea,
625 2706 74 57 &
654 2706 103 57 non
713 2706 207 57 inhaerens:
876 2706 89 57 vt
920 2706 251 57 accidentalis,
1127 2706 103 57 sed
1186 2706 221 57 essentialis
1363 2706 89 57 ei
1407 2706 89 57 in
1451 2706 103 57 quo
1495 2706 89 57 est,

112 2749 172 75 dicatur
238 2749 172 75 proprie
363 2749 204 75 insistens
520 2749 219 75 supposito,
692 2749 78 75 &
724 2749 110 75 non
786 2749 219 75 assistens,
959 2749 141 75 quasi
1053 2749 110 75 iam
1116 2749 219 75 constituto
1288 2749 219 75 conueniens
1461 2749 94 75 ex
1492 2749 94 75 eius
