2017 3208
432 278 87 63 in
475 278 202 63 argumento.
634 278 87 63 Et
677 278 101 63 sic
735 278 159 63 secundo
851 278 116 63 modo
923 278 116 63 vera
995 278 101 63 est
1053 278 217 63 propositio,
1226 278 72 63 &
1255 278 130 63 verum
1342 278 130 63 habet
1429 278 231 63 intellectum:
1617 278 101 63 sed
1674 278 101 63 non
1732 278 116 63 nisi
1804 278 87 63 in
1833 278 87 63 crea

433 329 152 49 turis,
539 329 243 49 intelligendo
736 329 182 49 scilicet
873 329 243 49 generationem
1070 329 106 49 non
1131 329 121 49 esse
1207 329 137 49 rebus
1298 329 137 49 datam
1389 329 121 49 nisi
1465 329 167 49 propter
1586 329 137 49 earum
1662 329 258 49 imperfectionem.

442 376 144 53 Dictum
542 376 129 53 autem
628 376 129 53 illud
715 376 244 53 vniuersaliter
916 376 172 53 sumptum,
1045 376 101 53 non
1102 376 101 53 est
1160 376 144 53 verum:
1261 376 115 53 quia
1332 376 86 53 in
1375 376 158 53 diuinis
1490 376 101 53 est
1548 376 187 53 generatio
1692 376 158 53 propter
1792 376 115 53 perfe-

440 421 169 54 ctionem.
566 421 112 54 vnde
637 421 98 54 non
693 421 169 54 procedit
820 421 211 54 argumentum.
988 421 70 54 ⁋
1016 421 84 54 Ad
1058 421 183 54 secundum:
1199 421 112 54 quod
1269 421 183 54 generatio
1410 421 98 54 est
1466 421 183 54 transitus
1607 421 127 54 circa
1691 421 183 54 subiectum
1832 421 84 54 ab
1860 421 56 54 eo

447 469 108 52 quod
515 469 95 52 est
569 469 81 52 in
610 469 162 52 potentia
731 469 81 52 ad
772 469 81 52 id
812 469 108 52 quod
880 469 95 52 est
934 469 81 52 in
975 469 108 52 actu
1042 469 95 52 &c.
1096 469 162 52 Dicendum
1218 469 108 52 quod
1285 469 95 52 hoc
1339 469 122 52 verum
1420 469 95 52 est
1475 469 81 52 in
1515 469 189 52 creaturis:
1664 469 81 52 in
1704 469 135 52 quibus
1785 469 122 52 genera-

448 512 81 53 re
489 512 68 53 &
516 512 176 53 generari,
652 512 68 53 &
679 512 190 53 vniversale
828 512 122 53 agere
910 512 68 53 &
937 512 109 53 pati
1005 512 109 53 siue
1073 512 122 53 actio
1154 512 68 53 &
1181 512 136 53 passio
1276 512 109 53 sunt
1344 512 122 53 motus
1425 512 95 53 aut
1480 512 163 53 mutatio:
1602 512 95 53 non
1656 512 122 53 autem
1738 512 81 53 in
1778 512 109 53 deo:
1833 512 81 53 quid

445 559 243 46 immutabiliter
645 559 172 46 generat.
774 559 157 46 dicente
888 559 186 46 Damasceno
1031 559 100 46 li.
1089 559 86 46 i.
1131 559 100 46 ca.
1189 559 129 46 viii.
1274 559 86 46 In
1317 559 129 46 filii
1403 559 215 46 generatione
1575 559 143 46 impium
1675 559 100 46 est
1732 559 143 46 dicere
1818 559 86 46 tem-

446 602 97 56 pus
502 602 166 56 mediare:
626 602 97 56 vel
681 602 111 56 post
751 602 138 56 patrem
847 602 125 56 filii
930 602 208 56 existentiam
1097 602 152 56 genitam
1207 602 125 56 esse.
1290 602 83 56 Et
1332 602 138 56 infra.
1429 602 97 56 Sed
1484 602 180 56 generatio
1622 602 97 56 est
1678 602 111 56 sine
1747 602 180 56 principio
1871 602 42 56 &

453 646 162 57 eterna,
571 646 162 57 naturae
689 646 118 57 opus
762 646 191 57 existens.
910 646 74 57 &
939 646 147 57 infra.
1042 646 132 57 Neque
1130 646 191 57 similiter
1277 646 118 57 deus
1351 646 162 57 generat
1469 646 74 57 &
1498 646 132 57 homo.
1587 646 118 57 Deus
1660 646 118 57 enim
1734 646 118 57 sine
1793 646 132 57 tempore

453 695 119 53 quid
528 695 119 53 ens,
602 695 75 53 &
632 695 119 53 sine
707 695 209 53 principio,
871 695 75 53 &
901 695 239 53 impassibilis
1095 695 75 53 &
1124 695 239 53 influxibilis
1318 695 269 53 impassibiliter
1542 695 75 53 &
1572 695 119 53 sine
1647 695 164 53 tempore
1766 695 75 53 &
1796 695 104 53 non
1840 695 90 53 fuxi

434 739 159 53 biliter
549 739 174 53 generat.
680 739 87 53 Et
723 739 145 53 infra.
824 739 116 53 Homo
897 739 130 53 autem
984 739 203 53 manifestum
1143 739 116 53 quod
1215 739 188 53 contrarie
1360 739 159 53 generat
1476 739 101 53 sub
1534 739 217 53 generatione
1708 739 174 53 existens
1838 739 72 53 &
1853 739 72 53 cor

440 785 184 50 ruptione
577 785 76 50 &
608 785 138 50 fuxu.
700 785 76 50 ⁋
730 785 92 50 Ad
776 785 138 50 cuius
868 785 199 50 ampliorem
1021 785 229 50 intellectum
1204 785 184 50 sciendum
1342 785 122 50 quod
1418 785 92 50 in
1464 785 199 50 creaturis
1617 785 122 50 quia
1694 785 107 50 non
1755 785 107 50 est
1801 785 122 50 genera

442 834 98 51 tio
498 834 112 51 nisi
568 834 84 51 ex
610 834 84 51 eo
651 834 112 51 quod
721 834 98 51 est
777 834 84 51 in
819 834 168 51 potentia
945 834 154 51 quantum
1056 834 98 51 est
1112 834 84 51 ex
1154 834 98 51 se,
1210 834 70 51 &
1238 834 98 51 non
1294 834 84 51 in
1336 834 112 51 actu
1405 834 112 51 nisi
1475 834 98 51 per
1531 834 126 51 agens
1615 834 182 51 generans:
1754 834 154 51 propter
1852 834 70 51 hoc

434 875 212 50 necessario
600 875 121 50 motu
676 875 106 50 vel
736 875 196 50 mutatione
887 875 136 50 vadit
978 875 91 50 ad
1023 875 136 50 actum
1114 875 91 50 de
1159 875 196 50 potentia:
1310 875 106 50 qui
1371 875 151 50 quidem
1477 875 136 50 motus
1567 875 106 50 aut
1628 875 166 50 mutatio
1749 875 151 50 siuxus
1854 875 106 50 qui

437 917 97 52 dam
493 917 97 52 est
548 917 83 52 ab
590 917 139 52 agente
687 917 83 52 in
729 917 153 52 passum:
840 917 97 52 qui
895 917 153 52 dicitur
1006 917 125 52 actio
1090 917 83 52 vt
1131 917 97 52 est
1187 917 83 52 ab
1229 917 153 52 agente,
1340 917 69 52 &
1368 917 139 52 passio
1465 917 83 52 vt
1506 917 181 52 recipitur
1645 917 83 52 in
1687 917 139 52 passo:
1784 917 97 52 ita
1840 917 111 52 quod

437 964 140 53 actio
531 964 78 53 &
562 964 155 53 passio
670 964 202 53 inquantum
825 964 124 53 sunt
903 964 202 53 huiusmodi
1058 964 171 53 fluxus,
1182 964 233 53 constituunt
1368 964 109 53 duo
1430 964 264 53 praedicamenta
1647 964 248 53 accidentium:
1833 964 93 53 vnum

449 1007 85 52 vt
491 1007 100 52 est
548 1007 85 52 ab
591 1007 157 52 agente,
705 1007 114 52 quod
776 1007 157 52 dicitur
890 1007 142 52 actio:
990 1007 157 52 alterum
1103 1007 85 52 vt
1146 1007 85 52 in
1189 1007 213 52 recipiente,
1360 1007 114 52 quod
1431 1007 157 52 dicitur
1545 1007 157 52 passio:
1659 1007 71 52 &
1687 1007 114 52 ambo
1758 1007 142 52 habent
1844 1007 85 52 esse

447 1054 83 52 in
489 1054 125 52 passo
572 1054 195 52 recipiente
725 1054 83 52 vt
767 1054 83 52 in
808 1054 181 52 subiecto,
947 1054 125 52 sicut
1031 1054 195 52 determinat
1184 1054 222 52 philosophus.
1364 1054 111 52 iii.
1434 1054 208 52 Physicorum.
1600 1054 83 52 Et
1642 1054 97 52 hoc
1698 1054 111 52 modo
1767 1054 167 52 generare
1878 1054 42 52 &

442 1099 196 57 generari
589 1099 114 57 non
654 1099 163 57 habent
769 1099 147 57 esse:
867 1099 147 57 neque
965 1099 147 57 actio
1063 1099 114 57 aut
1128 1099 163 57 passio
1243 1099 180 57 omnino.
1373 1099 131 57 Alio
1455 1099 147 57 autem
1553 1099 131 57 modo
1635 1099 278 57 considerantur
1847 1099 82 57 ge-

432 1145 166 55 nerare
549 1145 83 55 &
582 1145 199 55 generari
731 1145 83 55 &
764 1145 282 55 vniuersaliter
997 1145 149 55 actio
1096 1145 83 55 &
1129 1145 166 55 passio
1246 1145 116 55 non
1312 1145 199 55 secundum
1461 1145 133 55 quod
1544 1145 133 55 sunt
1627 1145 149 55 motus
1727 1145 116 55 aut
1777 1145 149 55 mutatio

435 1189 122 61 siue
511 1189 168 61 fluxus:
633 1189 107 61 sed
694 1189 138 61 solum
786 1189 183 61 secundum
924 1189 183 61 rationes
1061 1189 214 61 respectuum
1229 1189 214 61 fundatorum
1397 1189 92 61 in
1443 1189 153 61 actiuo
1550 1189 76 61 &
1581 1189 183 61 passiuo,
1718 1189 153 61 quibus
1825 1189 92 61 se
1856 1189 76 61 mu-

443 1233 103 48 tuo
502 1233 206 48 respiciunt
664 1233 176 48 secundum
796 1233 220 48 habitudinem
972 1233 103 48 qua
1031 1233 117 48 vnum
1104 1233 132 48 eorum
1192 1233 132 48 habet
1280 1233 117 48 esse
1353 1233 88 48 ab
1398 1233 132 48 alio:
1486 1233 73 48 &
1515 1233 103 48 sic
1574 1233 176 48 amittunt
1706 1233 176 48 rationem
1823 1233 103 48 prae-

440 1280 200 57 dicamenti
594 1280 185 57 actionis
732 1280 108 57 aut
794 1280 216 57 passionis,
963 1280 77 57 &
994 1280 200 57 pertinent
1148 1280 92 57 ad
1194 1280 277 57 praedicamentum
1425 1280 231 57 relationis.
1610 1280 154 57 Habent
1717 1280 139 57 tamen
1810 1280 92 57 in
1841 1280 92 57 diui

428 1325 98 47 nis
484 1325 112 47 vere
554 1325 70 47 &
582 1325 168 47 perfecte
707 1325 168 47 quicquod
833 1325 98 47 est
889 1325 84 47 de
931 1325 210 47 perfectione
1099 1325 168 47 actionis
1224 1325 70 47 &
1252 1325 196 47 passionis.
1406 1325 140 47 Hluxus
1504 1325 98 47 eni
1560 1325 112 47 ille
1630 1325 98 47 non
1685 1325 98 47 est
1741 1325 112 47 nisi
1797 1325 126 47 propter

437 1372 185 57 defectum
575 1372 92 57 in
621 1372 154 57 agente
729 1372 77 57 &
760 1372 200 57 patiente:
914 1372 154 57 maxime
1021 1372 92 57 in
1067 1372 200 57 patiente:
1221 1372 123 57 quia
1298 1372 92 57 in
1344 1372 123 57 ipso
1421 1372 231 57 naturaliter
1606 1372 138 57 actus
1698 1372 154 57 distat
1806 1372 77 57 a
1821 1372 108 57 potem

435 1417 117 51 tia.
509 1417 103 51 Est
567 1417 132 51 etiam
656 1417 176 51 defectus
788 1417 191 51 huiusmodi
935 1417 88 51 in
979 1417 162 51 agente,
1096 1417 147 51 quando
1199 1417 103 51 est
1258 1417 88 51 in
1302 1417 117 51 tali
1375 1417 235 51 dispositione
1566 1417 117 51 quod
1639 1417 103 51 non
1698 1417 103 51 est
1757 1417 132 51 natum
1830 1417 103 51 agere

441 1461 173 47 Propter
567 1461 126 47 quod
646 1461 173 47 necesse
771 1461 110 47 est
834 1461 141 47 ipsum
928 1461 157 47 deduci
1038 1461 94 47 ad
1086 1461 204 47 huiusmodi
1243 1461 267 47 dispositionem
1463 1461 110 47 per
1525 1461 141 47 motum
1620 1461 110 47 aut
1683 1461 236 47 mutationem,
1855 1461 79 47 nec

429 1505 152 47 mouet
530 1505 135 47 nisi
615 1505 169 47 motum.
732 1505 101 47 Si
783 1505 152 47 autem
884 1505 169 47 fuerit
1002 1505 152 47 agens
1103 1505 152 47 natum
1204 1505 169 47 mouere
1322 1505 118 47 non
1390 1505 169 47 motum,
1508 1505 84 47 &
1541 1505 185 47 passum,
1676 1505 101 47 in
1727 1505 118 47 quo
1794 1505 118 47 non
1845 1505 84 47 di-

441 1551 133 52 stant
530 1551 222 52 naturaliter
708 1551 178 52 potentia
842 1551 74 52 &
871 1551 148 52 actus,
975 1551 208 52 coniunctum
1138 1551 163 52 agenti,
1257 1551 133 52 agens
1346 1551 133 52 natum
1435 1551 104 52 est
1494 1551 89 52 ei
1538 1551 119 52 suam
1613 1551 163 52 speciem
1731 1551 133 52 quasi
1805 1551 119 52 impri-

431 1597 127 46 mere
511 1597 112 46 seu
574 1597 239 46 conmunicare
766 1597 159 46 absque
877 1597 143 46 fluxu
973 1597 159 46 medio:
1084 1597 80 46 &
1116 1597 159 46 passum
1228 1597 159 46 absque
1339 1597 127 46 omni
1419 1597 143 46 fluxu
1515 1597 143 46 natum
1610 1597 112 46 est
1674 1597 112 46 eam
1738 1597 207 46 recipere.
1881 1597 48 46 &

444 1642 102 62 hoc
503 1642 117 62 modo
576 1642 131 62 actio
663 1642 73 62 &
693 1642 161 62 passio,
809 1642 73 62 &
839 1642 175 62 generare
970 1642 73 62 &
999 1642 190 62 generari,
1145 1642 146 62 habent
1247 1642 117 62 esse
1320 1642 88 62 in
1364 1642 175 62 diuinis:
1496 1642 131 62 licet
1583 1642 131 62 magis
1671 1642 161 62 proprie
1788 1642 88 62 ea
1831 1642 117 62 quae

443 1687 186 55 pertinent
586 1687 86 55 ad
629 1687 172 55 actionem
758 1687 115 55 quam
830 1687 86 55 ad
873 1687 201 55 passionem,
1031 1687 86 55 vt
1074 1687 158 55 habitum
1188 1687 100 55 est
1246 1687 143 55 supra.
1346 1687 72 55 ⁋
1375 1687 86 55 Ad
1418 1687 129 55 illud
1504 1687 115 55 quod
1576 1687 172 55 arguitur
1705 1687 143 55 Primo:
1805 1687 115 55 quod
1862 1687 72 55 ge-

446 1736 146 52 nerare
549 1736 102 52 non
607 1736 175 52 conuenit
738 1736 131 52 patri
826 1736 88 52 vt
869 1736 190 52 proprium,
1015 1736 117 52 quia
1088 1736 175 52 potentia
1219 1736 190 52 generandi
1365 1736 102 52 non
1424 1736 117 52 est,
1496 1736 160 52 propria
1613 1736 102 52 ei:
1671 1736 88 52 eo
1715 1736 117 52 quod
1788 1736 131 52 etiam
1861 1736 73 52 est

445 1776 85 54 in
487 1776 141 54 filio:
586 1776 170 54 Dicendum
713 1776 170 54 secundum
840 1776 198 54 positionem
996 1776 127 54 eorum
1081 1776 99 54 qui
1137 1776 141 54 dicunt
1236 1776 113 54 quod
1307 1776 170 54 potentia
1434 1776 198 54 significat
1589 1776 212 54 substantiam
1759 1776 198 54 absolutam:

442 1826 120 53 quod
517 1826 135 53 licet
607 1826 135 53 eadem
697 1826 180 53 potentia
832 1826 105 53 qua
892 1826 135 53 pater
982 1826 165 53 generat
1102 1826 105 53 sit
1162 1826 90 53 in
1207 1826 150 53 filio:
1312 1826 120 53 alio
1387 1826 135 53 tamen
1477 1826 75 53 &
1507 1826 120 53 alio
1582 1826 120 53 modo
1657 1826 135 53 habet
1747 1826 105 53 eam
1807 1826 135 53 pater
1882 1826 45 53 &

435 1869 154 52 filius:
547 1869 84 52 vt
589 1869 168 52 generare
716 1869 98 52 per
772 1869 126 52 illam
856 1869 112 52 soli
926 1869 126 52 patri
1010 1869 196 52 conueniat,
1164 1869 84 52 vt
1207 1869 126 52 supra
1291 1869 182 52 expositum
1431 1869 112 52 est.
1501 1869 168 52 Secundum
1627 1869 126 52 autem
1712 1869 126 52 aliam
1782 1869 140 52 positio-

452 1913 105 55 nem
512 1913 120 55 quam
587 1913 180 55 veriorem
722 1913 195 55 credimus:
872 1913 180 55 Dicendum
1007 1913 120 55 quod
1082 1913 180 55 potentia
1216 1913 195 55 generandi
1366 1913 150 55 actiue
1471 1913 105 55 non
1531 1913 105 55 est
1591 1913 90 55 in
1636 1913 150 55 filio,
1741 1913 105 55 sed
1801 1913 90 55 in
1831 1913 90 55 solo

451 1959 141 53 patre,
549 1959 84 53 vt
592 1959 127 53 supra
676 1959 141 53 dictum
775 1959 113 53 est.
845 1959 70 53 ⁋
873 1959 84 53 Et
915 1959 113 53 quod
986 1959 183 53 assumitur
1127 1959 84 53 ad
1169 1959 113 53 eius
1239 1959 225 53 probationem,
1422 1959 113 53 quod
1493 1959 141 53 aliter
1591 1959 197 53 sequeretur
1746 1959 113 53 quod
1816 1959 141 53 aliqua

460 2005 159 52 otentia
575 2005 130 52 esset
662 2005 87 52 in
706 2005 130 52 patre
793 2005 116 52 quae
865 2005 101 52 non
923 2005 101 52 est
981 2005 87 52 in
1024 2005 145 52 filio:
1126 2005 72 52 &
1155 2005 116 52 quod
1227 2005 101 52 non
1285 2005 130 52 esset
1372 2005 145 52 filius
1473 2005 130 52 aeque
1560 2005 203 52 omnipotens
1719 2005 87 52 vt
1763 2005 145 52 pater:
1850 2005 72 52 Di-

456 2052 148 52 cendum
560 2052 119 52 quod
634 2052 104 52 hoc
694 2052 134 52 nomen
783 2052 223 52 omnipotens,
961 2052 193 52 impositum
1109 2052 104 52 est
1169 2052 193 52 potentiae
1317 2052 163 52 actiuae
1436 2052 119 52 quae
1510 2052 163 52 proprie
1629 2052 89 52 in
1674 2052 163 52 diuinis
1792 2052 119 52 est:
1852 2052 74 52 non

447 2094 134 58 autem
537 2094 194 58 passiuae.
686 2094 75 58 &
716 2094 209 58 componitur
880 2094 90 58 ex
925 2094 120 58 omni
1000 2094 75 58 &
1030 2094 149 58 potens
1134 2094 105 58 per
1194 2094 194 58 apocopen:
1343 2094 164 58 dicendo
1463 2094 105 58 pro
1523 2094 149 58 omnium
1627 2094 134 58 omni.
1717 2094 75 58 &
1747 2094 105 58 est
1806 2094 90 58 lx
1836 2094 90 58 omni

446 2143 126 58 omnis
530 2143 168 58 generis:
656 2143 70 58 &
684 2143 182 58 inquantum
825 2143 98 58 est
881 2143 140 58 neutri
979 2143 168 58 generis,
1105 2143 98 58 est
1161 2143 112 58 idem
1232 2143 196 58 omnipotens
1386 2143 112 58 quod
1456 2143 140 58 potens
1554 2143 140 58 omnia:
1652 2143 98 58 hoc
1709 2143 98 58 est
1765 2143 112 58 quod
1821 2143 112 58 habens

447 2188 205 51 potentiam
605 2188 158 51 agendi
716 2188 221 51 quodcumque
889 2188 111 51 est
953 2188 174 51 aliquid
1079 2188 205 51 absolutum
1237 2188 95 51 in
1284 2188 142 51 rerum
1379 2188 174 51 natura.
1505 2188 205 51 Inquantum
1663 2188 126 51 vero
1742 2188 111 51 est
1790 2188 126 51 mascu-

447 2232 122 51 lini
523 2232 183 51 generis,
661 2232 122 51 idem
737 2232 107 51 est
798 2232 214 51 omnipotens
966 2232 122 51 quod
1043 2232 153 51 potens
1150 2232 153 51 omnem,
1257 2232 107 51 hoc
1318 2232 107 51 est
1379 2232 153 51 habens
1486 2232 199 51 potentiam
1639 2232 153 51 agendi
1731 2232 183 51 quemcunque

446 2274 108 60 qui
507 2274 108 60 est
569 2274 170 60 aliquis
693 2274 93 60 in
739 2274 201 60 supposito
894 2274 124 60 siue
971 2274 201 60 absoluto,
1126 2274 124 60 siue
1203 2274 232 60 respectiuo.
1389 2274 201 60 Inquantum
1544 2274 124 60 vero
1621 2274 170 60 sumitur
1729 2274 186 60 communiter

449 2322 89 53 vt
494 2322 103 53 est
553 2322 133 53 omnis
641 2322 177 53 generis,
774 2322 118 53 idem
848 2322 103 53 est
907 2322 207 53 omnipotens
1069 2322 118 53 quod
1143 2322 148 53 potens
1246 2322 118 53 omne
1320 2322 74 53 &
1349 2322 148 53 omnem:
1453 2322 103 53 hoc
1512 2322 103 53 est
1571 2322 148 53 habens
1674 2322 192 53 potentiam
1807 2322 118 53 agendi

444 2365 116 59 siue
517 2365 204 59 producendi
677 2365 204 59 quemcumque
837 2365 73 59 &
867 2365 218 59 quodcumque.
1041 2365 175 59 Secundum
1172 2365 146 59 primum
1274 2365 131 59 modum
1361 2365 131 59 aeque
1449 2365 233 59 omnipotentes
1638 2365 116 59 sunt
1711 2365 116 59 tres
1783 2365 175 59 personae

450 2409 184 50 diuinae.
588 2409 138 50 iuxta
680 2409 138 50 illud
772 2409 169 50 Athana.
894 2409 184 50 Dipotens
1032 2409 153 50 pater,
1140 2409 215 50 omnipotens
1309 2409 169 50 filius,
1431 2409 215 50 omnipotens
1600 2409 184 50 spiritus
1738 2409 184 50 sanctus.
1861 2409 61 50 Et

439 2455 89 53 ad
484 2455 223 53 infinuandum
662 2455 119 53 quod
736 2455 119 53 ista
810 2455 238 53 omnipotentia
1003 2455 223 53 essentialis
1182 2455 119 53 est,
1256 2455 74 53 &
1286 2455 178 53 respectu
1419 2455 134 53 eorum
1508 2455 119 53 quae
1582 2455 119 53 deus
1657 2455 148 53 potest
1761 2455 163 53 ratione
1865 2455 59 53 es

442 2499 158 58 sentiae
556 2499 86 58 vt
599 2499 100 58 est
657 2499 172 58 essentia
785 2499 172 58 existens
914 2499 86 58 in
957 2499 172 58 personis
1086 2499 229 58 simpliciter,
1272 2499 100 58 non
1330 2499 129 58 autem
1416 2499 86 58 vt
1459 2499 215 58 determinate
1631 2499 100 58 est
1688 2499 100 58 sub
1745 2499 143 58 aliqua
1845 2499 100 58 pro

444 2545 191 54 prietate:
592 2545 74 54 &
621 2545 103 54 ita
680 2545 118 54 quod
754 2545 103 54 non
812 2545 103 54 sit
871 2545 118 54 nisi
945 2545 236 54 omnipotentia
1136 2545 236 54 essentialis:
1328 2545 118 54 ideo
1402 2545 177 54 continue
1534 2545 162 54 subdit.
1652 2545 88 54 Et
1696 2545 133 54 tamen
1784 2545 103 54 non
1829 2545 88 54 tres

438 2595 273 54 omnipotentes:
663 2595 112 54 sed
727 2595 128 54 vnus
807 2595 241 54 omnipotens.
1000 2595 177 54 sumendo
1128 2595 80 54 l
1160 2595 128 54 vnus
1241 2595 289 54 essentialiter:
1482 2595 80 54 &
1514 2595 225 54 distribuit
1690 2595 96 54 ly
1722 2595 193 54 omnipotens

440 2637 107 50 pro
501 2637 123 50 omni
578 2637 199 50 absoluto.
731 2637 184 50 Secundum
869 2637 138 50 modum
960 2637 184 50 secundum
1098 2637 153 50 potest
1205 2637 214 50 omnipotens
1374 2637 230 50 distribuere
1558 2637 107 50 pro
1619 2637 214 50 suppositis
1772 2637 138 50 absolu-

448 2681 120 54 tis,
523 2681 150 54 qualia
628 2681 120 54 sunt
703 2681 90 54 in
748 2681 210 54 creaturis:
913 2681 75 54 &
943 2681 105 54 sic
1003 2681 135 54 adhuc
1093 2681 135 54 aeque
1183 2681 240 54 omnipotentes
1379 2681 135 54 sunt:
1469 2681 75 54 &
1499 2681 105 54 non
1559 2681 120 54 tres
1634 2681 255 54 omnipotentes:
1844 2681 105 54 sed

437 2726 120 75 vnus
512 2726 224 75 omnipotens:
691 2726 105 75 vel
751 2726 105 75 pro
811 2726 209 75 suppositis
976 2726 239 75 respectiuis,
1170 2726 150 75 qualia
1275 2726 120 75 sunt
1350 2726 90 75 in
1394 2726 180 75 diuinis:
1529 2726 105 75 sic
1589 2726 150 75 alicui
1694 2726 194 75 supposito
1828 2726 90 75 diui
