2017 3181
103 254 138 67 filii
195 254 215 67 natiuitate
364 254 200 67 connasci:
518 254 92 67 vt
564 254 92 67 ex
610 254 108 67 vno
672 254 200 67 consistat
826 254 92 67 in
872 254 138 67 vnum.
964 254 154 67 Tertio
1072 254 123 67 modo
1149 254 92 67 vt
1195 254 154 67 dicere
1303 254 185 67 includit
1441 254 138 67 actum
1518 254 77 67 ge-

111 309 175 58 nerandi
238 309 175 58 verbum,
365 309 79 58 &
397 309 95 58 vt
445 309 191 58 mediante
588 309 143 58 verbo
683 309 222 58 terminatur
858 309 95 58 ad
906 309 143 58 alia.
1001 309 175 58 dicente
1128 309 207 58 Augustino
1287 309 95 58 ad
1335 309 191 58 Orosium.
1462 309 127 58 Dictio

101 359 117 57 dei,
175 359 146 57 verbum
277 359 117 57 dei.
350 359 117 57 vnum
423 359 117 57 enim
497 359 146 57 verbum
599 359 161 57 genuit,
716 359 88 57 in
760 359 102 57 quo
819 359 132 57 omnia
907 359 249 57 ineffabiliter
1112 359 146 57 dixit.
1214 359 73 57 &
1243 359 132 57 super
1331 359 161 57 loannem
1448 359 146 57 parte.
1536 359 44 57 i

112 405 164 54 Sermone.
236 405 110 54 xxi.
304 405 123 54 Nihil
386 405 123 54 dixit
469 405 110 54 deus
537 405 110 54 quod
606 405 96 54 non
660 405 123 54 dixit
743 405 82 54 in
784 405 137 54 filio.
880 405 151 54 Dicendo
989 405 96 54 eni
1044 405 82 54 in
1085 405 123 54 filio
1167 405 110 54 quod
1236 405 164 54 facturus
1359 405 110 54 erat
1428 405 96 54 per
1469 405 123 54 filium:

102 450 145 58 filium
203 450 130 58 ipsum
289 450 159 58 genuit.
405 450 87 58 Et
448 450 101 58 sic
506 450 145 58 dicere
607 450 202 58 significat
766 450 116 58 idem
839 450 116 58 quod
911 450 159 58 dicendo
1026 450 159 58 filium,
1142 450 130 58 ipsum
1229 450 145 58 filium
1330 450 145 58 dictum
1431 450 72 58 &
1460 450 87 58 ea
1503 450 116 58 quae

103 503 187 47 dicuntur
244 503 93 47 in
290 503 140 47 filio
384 503 249 47 manifestare.
586 503 93 47 Et
633 503 109 47 est
695 503 202 47 personale
851 503 125 47 soli
929 503 140 47 patri
1022 503 234 47 conueniens:
1209 503 125 47 Dici
1287 503 140 47 autem
1380 503 93 47 ei
1411 503 187 47 respondens

113 538 87 59 vt
157 538 203 59 terminatur
317 538 87 59 ad
360 538 160 59 filium:
476 538 189 59 similiter
621 538 203 59 personale:
781 538 87 59 vt
824 538 116 59 vero
897 538 203 59 terminatur
1056 538 87 59 ad
1100 538 131 59 alia,
1187 538 102 59 est
1245 538 218 59 essentiale.
1419 538 145 59 Quarto
1506 538 87 59 modo

105 579 152 58 vtuntur
216 579 138 58 dicere
313 579 83 58 vt
354 579 194 58 terminatur
507 579 83 58 ad
548 579 83 58 id
590 579 111 58 quid
659 579 152 58 dicitur
769 579 83 58 me
811 579 138 58 diante
908 579 138 58 verbo:
1005 579 97 58 sed
1060 579 97 58 non
1115 579 166 58 mediante
1240 579 111 58 actu
1309 579 152 58 dicendi
1420 579 194 58 notionali.

107 629 90 60 Et
152 629 105 60 sic
212 629 149 60 dicere
316 629 179 60 conuenit
451 629 164 60 omnibus
570 629 179 60 personis
705 629 179 60 diuinis.
839 629 90 60 de
884 629 105 60 quo
944 629 179 60 loquitur
1078 629 209 60 Augustinus
1242 629 105 60 cum
1302 629 134 60 dicit
1392 629 134 60 super
1467 629 134 60 lonenem

107 676 154 63 parte.
214 676 107 63 ii.
276 676 154 63 Sermo.
383 676 169 63 xxiiii.
506 676 123 63 Deus
583 676 107 63 cum
644 676 169 63 aliquid
767 676 138 63 dicit
859 676 77 63 &
890 676 154 63 docet:
997 676 123 63 tota
1074 676 184 63 trinitas
1212 676 138 63 dicit
1304 676 77 63 &
1335 676 154 63 docet.
1442 676 107 63 Hoc
1504 676 123 63 modo

112 728 137 48 omnia
203 728 152 48 diuina
309 728 228 48 essentialia
492 728 76 48 &
522 728 213 48 personalia
689 728 76 48 &
720 728 213 48 quaecumque
887 728 122 48 sunt
963 728 91 48 in
1008 728 213 48 creaturis,
1176 728 198 48 dicuntur:
1327 728 106 48 sed
1388 728 106 48 non
1449 728 122 48 nisi
1510 728 91 48 ver-

115 775 85 49 bo
157 775 142 49 diuino
256 775 198 49 personali.
412 775 156 49 dicente
525 775 184 49 Augustino
667 775 127 49 super
752 775 156 49 loannem
865 775 142 49 parte.
964 775 85 49 i.
1007 775 142 49 Sermo.
1106 775 127 49 xxii.
1191 775 99 49 Dis
1247 775 113 49 quid
1318 775 156 49 aliquid
1431 775 127 49 dicit
1502 775 99 49 verbo

110 806 142 68 dicit.
209 806 85 68 In
252 806 114 68 isto
323 806 156 68 dicere,
437 806 242 68 considerantur
636 806 171 68 quatuor:
764 806 171 68 scilicet
891 806 156 68 dicens,
1005 806 71 68 &
1034 806 114 68 quod
1105 806 171 68 dicitur,
1233 806 71 68 &
1261 806 99 68 cui
1318 806 171 68 dicitur,
1446 806 71 68 &
1474 806 99 68 quo
1517 806 85 68 dici

110 870 123 41 tur.
187 870 123 41 isto
263 870 123 41 enim
340 870 123 41 modo
417 870 169 41 dicendi
540 870 138 41 pater
632 870 138 41 dicit
725 870 138 41 filio
817 870 77 41 &
848 870 154 41 nobis.
955 870 169 41 dicente
1078 870 200 41 Augustino
1232 870 138 41 super
1324 870 169 41 loannem
1447 870 154 41 parte.
1540 870 62 41 i.

101 900 186 57 Sermone.
241 900 140 57 xxii.
334 900 186 57 Quicquid
474 900 140 57 nobis
567 900 140 57 pater
661 900 155 57 dicit,
769 900 140 57 verbo
863 900 109 57 suo
925 900 155 57 dicit.
1033 900 109 57 Quo
1095 900 124 57 alio
1173 900 140 57 verbo
1266 900 155 57 dicit:
1375 900 124 57 Vnus
1453 900 124 57 deus
1515 900 93 57 vnum

110 952 152 57 verbum
216 952 152 57 habet:
323 952 91 57 in
369 952 107 57 vno
430 952 137 57 verbo
521 952 137 57 omnia
613 952 198 57 continet.
765 952 107 57 Sic
826 952 137 57 etiam
918 952 152 57 filius
1025 952 137 57 dicit
1116 952 122 57 siue
1192 952 183 57 loquitur
1330 952 91 57 se
1375 952 152 57 nobis.
1467 952 137 57 dicente

104 1003 129 43 eodem
190 1003 143 43 ibidem
290 1003 143 43 Sermo.
390 1003 143 43 xiiii.
490 1003 100 43 Cum
547 1003 143 43 verbum
647 1003 100 43 dei
705 1003 143 43 filius
805 1003 114 43 sit,
876 1003 143 43 filius
977 1003 157 43 locutus
1091 1003 100 43 est
1148 1003 129 43 nobis
1234 1003 100 43 non
1291 1003 143 43 verbum
1392 1003 129 43 suum:
1478 1003 100 43 sed
1520 1003 72 43 ver

103 1046 103 48 bum
162 1046 162 48 patris:
280 1046 88 48 se
324 1046 132 48 nobis
412 1046 132 48 loqui
500 1046 147 48 voluit
603 1046 103 48 qui
661 1046 147 48 verbum
764 1046 147 48 patris
867 1046 220 48 loquebatur.
1043 1046 73 48 &
1072 1046 147 48 sermo.
1175 1046 132 48 xlii.
1263 1046 88 48 Se
1307 1046 147 48 videt:
1410 1046 88 48 se
1439 1046 162 48 loquitur.

107 1082 62 56 &
131 1082 99 56 ser.
194 1082 124 56 xliii.
280 1082 99 56 Erat
343 1082 124 56 verbum
430 1082 124 56 patris
516 1082 99 56 quod
579 1082 161 56 hominibus
703 1082 199 56 loquaebatur.
864 1082 99 56 ldem
926 1082 124 56 contra
1013 1082 137 56 quinque
1113 1082 149 56 haereses
1224 1082 87 56 ca.
1274 1082 99 56 xvi.
1336 1082 99 56 Quod
1398 1082 149 56 loquitur
1498 1082 99 56 pater-

110 1130 152 51 loquitur
224 1130 63 51 &
249 1130 139 51 filius:
350 1130 101 51 quia
414 1130 126 51 verbum
502 1130 126 51 patris
590 1130 101 51 est:
654 1130 63 51 &
679 1130 101 51 quod
742 1130 126 51 filius
830 1130 152 51 loquitur
944 1130 114 51 pater
1020 1130 164 51 loquitur:
1146 1130 101 51 quia
1209 1130 114 51 prtur
1285 1130 114 51 verbi
1361 1130 101 51 est.
1424 1130 76 51 Et
1462 1130 114 51 super
1525 1130 76 51 Gene

110 1176 81 56 sim
157 1176 69 56 ad
191 1176 127 56 literam
283 1176 81 56 li.
329 1176 69 56 i.
364 1176 81 56 ca.
410 1176 69 56 v.
444 1176 92 56 Quod
502 1176 115 56 filius
583 1176 150 56 loquitur,
698 1176 92 56 ptur
755 1176 150 56 loquitur:
871 1176 92 56 quia
928 1176 58 56 a
951 1176 104 56 patre
1020 1176 138 56 loquente
1124 1176 127 56 dicitur
1216 1176 115 56 verbum
1297 1176 92 56 quod
1354 1176 81 56 est
1400 1176 127 56 illius.
1492 1176 69 56 Et
1527 1176 81 56 li.
1561 1176 35 56 i

115 1223 75 52 de
152 1223 175 52 trinitate.
289 1223 100 52 cap.
352 1223 100 52 xii.
414 1223 75 52 Si
451 1223 125 52 verbum
539 1223 125 52 patris
626 1223 162 52 loquitur,
751 1223 137 52 seipsum
851 1223 162 52 loquitur:
975 1223 100 52 quia
1038 1223 125 52 verbum
1125 1223 125 52 patris
1212 1223 100 52 est.
1275 1223 75 52 Et
1312 1223 150 52 secundum
1424 1223 125 52 eundem
1512 1223 112 52 modum

109 1268 140 56 dicere
207 1268 126 56 etiam
292 1268 169 56 convenit
418 1268 169 56 spiritui
544 1268 140 56 sctom.
643 1268 155 56 dicente
755 1268 169 56 Anselmo.
882 1268 112 56 mon.
952 1268 126 56 lxii.
1036 1268 98 56 ca.
1092 1268 84 56 vt
1134 1268 155 56 habitum
1247 1268 98 56 est
1303 1268 126 56 supra
1387 1268 197 56 opponendo.
1528 1268 70 56 Per

102 1314 165 54 eundem
217 1314 148 54 etiam
316 1314 148 54 modum
415 1314 148 54 dicit
513 1314 99 54 se
563 1314 82 54 &
596 1314 148 54 omnia
695 1314 132 54 alia
777 1314 148 54 omnis
876 1314 165 54 creatu
991 1314 99 54 ra
1041 1314 297 54 intellectualis
1288 1314 132 54 quae
1370 1314 148 54 videt
1453 1314 148 54 verbum.

100 1362 93 54 Et
146 1362 108 54 est
208 1362 93 54 in
254 1362 123 54 isto
331 1362 123 54 modo
408 1362 170 54 dicendi
532 1362 154 54 dicere
640 1362 123 54 idem
717 1362 123 54 quod
794 1362 231 54 manifestare
979 1362 123 54 siue
1056 1362 201 54 indicare.
1210 1362 93 54 Vt
1257 1362 123 54 enim
1334 1362 139 54 dicit
1411 1362 185 54 Augustinus

107 1402 128 53 super
192 1402 171 53 loanenem
321 1402 143 53 parte.
421 1402 86 53 i.
463 1402 143 53 Sermo.
563 1402 143 53 xxiii.
663 1402 100 53 Per
720 1402 128 53 ipsum
806 1402 143 53 filium
906 1402 157 53 indicat
1020 1402 114 53 deus
1091 1402 143 53 filium
1191 1402 128 53 suum:
1277 1402 157 53 indicat
1391 1402 86 53 se
1434 1402 100 53 per
1477 1402 128 53 filium.

103 1449 87 56 Et
147 1449 175 56 Sermone.
278 1449 146 56 liiii.
380 1449 160 56 Seipsum
497 1449 160 56 locutus
614 1449 117 56 est:
687 1449 146 56 seipso
789 1449 160 56 seipsum
905 1449 233 56 annunciauit.
1095 1449 102 56 Et.
1153 1449 117 56 vii.
1226 1449 87 56 de
1270 1449 190 56 trinitate
1415 1449 117 56 cap.
1488 1449 117 56 iii.
1547 1449 58 56 Si

106 1494 115 54 cut
171 1494 164 54 verbum
286 1494 131 54 quod
369 1494 115 54 nos
434 1494 230 54 proferimus
615 1494 214 54 temporale
779 1494 181 54 seipsum
911 1494 214 54 ostendit,
1075 1494 82 54 &
1108 1494 148 54 illud
1207 1494 99 54 de
1256 1494 115 54 quo
1322 1494 214 54 loquimur:
1470 1494 131 54 quanto

111 1538 126 58 magis
195 1538 140 58 verbum
293 1538 98 58 dei
349 1538 112 58 quod
418 1538 98 58 ita
474 1538 168 58 ostendit
600 1538 140 58 patrem
698 1538 126 58 sicut
782 1538 112 58 est,
852 1538 112 58 quia
921 1538 70 58 &
949 1538 126 58 ipsum
1033 1538 98 58 ita
1089 1538 112 58 est:
1159 1538 84 58 Et
1201 1538 112 58 quia
1271 1538 140 58 dicere
1368 1538 84 58 id
1410 1538 168 58 convenit
1522 1538 84 58 omni

102 1594 154 50 naturae
214 1594 252 50 intellectuali:
424 1594 112 50 ideo
494 1594 196 50 essentiale
648 1594 112 50 est.
718 1594 182 50 Similiter
858 1594 196 50 essentiale
1011 1594 98 50 est
1067 1594 112 50 Dici
1137 1594 84 50 ei
1179 1594 210 50 respondens:
1347 1594 112 50 quia
1417 1594 168 50 conuenit
1529 1594 70 50 ge-

96 1626 177 58 neraliter
232 1626 109 58 omni
301 1626 150 58 naturae
409 1626 191 58 quaecumque
559 1626 95 58 sit
614 1626 122 58 illa.
695 1626 136 58 Quinto
790 1626 109 58 modo
858 1626 150 58 vtuntur
967 1626 136 58 dicere
1063 1626 82 58 vt
1103 1626 122 58 ipsum
1185 1626 136 58 dicere
1280 1626 109 58 idem
1348 1626 95 58 est
1403 1626 109 58 quod
1471 1626 136 58 creare
1553 1626 54 58 si

103 1672 92 58 ue
149 1672 168 58 aliquid
271 1672 168 58 nouiter
394 1672 92 58 in
439 1672 199 58 creaturis
593 1672 184 58 operari.
730 1672 122 58 Vnde
807 1672 122 58 quia
883 1672 122 58 tota
960 1672 184 58 trinitas
1098 1672 138 58 creat
1190 1672 138 58 verbo
1282 1672 77 58 &
1312 1672 107 58 per
1373 1672 168 58 verbum,
1481 1672 122 58 dicere

101 1720 133 54 istud
190 1720 88 54 ex
234 1720 88 54 se
278 1720 206 54 essentiale
440 1720 118 54 est,
514 1720 118 54 quia
587 1720 118 54 toti
661 1720 191 54 trinitati
808 1720 191 54 conuenit.
956 1720 88 54 Et
1000 1720 191 54 similiter
1147 1720 118 54 dici
1221 1720 88 54 ei
1265 1720 206 54 respondens
1427 1720 147 54 omnino
1515 1720 74 54 est

110 1763 238 54 essentiale:
301 1763 127 54 quia
380 1763 111 54 sic
444 1763 175 54 dicitur
571 1763 207 54 creatura.
730 1763 95 54 de
778 1763 111 54 quo
841 1763 222 54 Augustinus
1016 1763 143 54 super
1111 1763 175 54 Genesim
1238 1763 95 54 ad
1286 1763 175 54 literam
1413 1763 127 54 lib.
1477 1763 111 54 primo

115 1810 106 62 cap.
181 1810 120 62 iiii.
261 1810 120 62 Dixit
341 1810 120 62 deus.
420 1810 80 62 i.
460 1810 93 62 per
513 1810 133 62 filium
606 1810 106 62 suum
673 1810 120 62 fecit
752 1810 159 62 quicquid
872 1810 133 62 fecit.
965 1810 80 62 Et
1005 1810 186 62 Gregorius.
1151 1810 106 62 vii.
1217 1810 159 62 Moralium
1337 1810 93 62 ca.
1390 1810 93 62 xi.
1443 1810 173 62 Plerumque

111 1861 130 54 verba
197 1861 101 54 dei
255 1861 87 54 ad
298 1861 101 54 nos
356 1861 101 54 non
414 1861 116 54 sunt
486 1861 188 54 dictionum
631 1861 173 54 sonitus:
761 1861 101 54 sed
819 1861 173 54 effectus
949 1861 231 54 operationum.
1137 1861 87 54 in
1180 1861 87 54 eo
1223 1861 116 54 enim
1296 1861 116 54 solo
1368 1861 130 54 nobis
1440 1861 159 54 loquitur:

104 1906 120 48 quod
179 1906 120 48 erga
254 1906 105 48 nos
314 1906 165 48 tacitus
434 1906 195 48 operatur.
584 1906 135 48 Sexto
674 1906 120 48 modo
749 1906 120 48 idem
824 1906 105 48 est
884 1906 150 48 dicere
989 1906 120 48 quod
1064 1906 90 48 ad
1109 1906 195 48 scientiam
1259 1906 225 48 illuminare:
1439 1906 75 48 &
1469 1906 105 48 sic
1514 1906 75 48 so-

104 1948 100 58 lis
161 1948 186 58 creaturis
304 1948 287 58 intellectualibus
548 1948 129 58 dicit
634 1948 72 58 &
663 1948 172 58 loquitur
792 1948 115 58 tota
863 1948 186 58 trinitas:
1006 1948 115 58 vnde
1078 1948 100 58 est
1135 1948 215 58 essentiale,
1307 1948 72 58 &
1336 1948 186 58 similiter
1479 1948 115 58 dici
1537 1948 57 58 ei

101 1998 233 48 respondens.
288 1998 93 48 de
335 1998 109 48 quo
397 1998 218 48 Augustinus
568 1998 155 48 ibidem
677 1998 109 48 li.
739 1998 140 48 viii.
832 1998 93 48 in
879 1998 140 48 fine.
972 1998 218 48 Certissime
1143 1998 171 48 debemus
1268 1998 155 48 tenere
1376 1998 124 48 deum
1454 1998 109 48 aut
1516 1998 109 48 per

107 2043 118 48 suam
181 2043 221 48 substantiam
357 2043 147 48 loqui:
460 2043 103 48 aut
519 2043 103 48 per
578 2043 118 48 sibi
651 2043 191 48 subiectam
798 2043 206 48 creaturam.
960 2043 103 48 Sed
1019 2043 103 48 per
1078 2043 221 48 substantiam
1254 2043 118 48 suam
1327 2043 103 48 non
1386 2043 176 48 loquitur
1504 2043 88 48 nisi

99 2084 94 55 ad
146 2084 188 55 creandas
287 2084 141 55 omnes
381 2084 188 55 naturas:
522 2084 94 55 ad
569 2084 235 55 spirituales
757 2084 125 55 vero
835 2084 141 55 atque
929 2084 282 55 intellectuales
1164 2084 110 55 non
1226 2084 141 55 solum
1320 2084 94 55 ad
1367 2084 203 55 creandas,
1524 2084 110 55 sed

104 2131 138 56 etiam
195 2131 260 56 illuminandas,
410 2131 107 56 cum
471 2131 107 56 iam
532 2131 168 56 possint
654 2131 153 56 capere
761 2131 138 56 lumen
853 2131 122 56 eius
929 2131 153 56 qualis
1037 2131 107 56 est
1098 2131 92 56 in
1144 2131 153 56 verbo.
1251 2131 92 56 Et
1296 2131 214 56 Gregorius.
1449 2131 138 56 xxviii.

99 2172 195 52 Moralium
245 2172 130 52 cap.
326 2172 114 52 ii.
391 2172 162 52 Duobus
505 2172 146 52 modis
602 2172 195 52 loquutio
748 2172 162 52 diuina
862 2172 276 52 distinguitur:
1089 2172 114 52 aut
1154 2172 114 52 per
1219 2172 179 52 seipsum
1349 2172 162 52 namque
1446 2172 146 52 dominus

104 2221 199 56 loquitur:
257 2221 107 56 aut
318 2221 107 56 per
379 2221 199 56 angelicam
532 2221 199 56 creaturam
685 2221 122 56 eius
761 2221 92 56 ad
807 2221 107 56 nos
868 2221 138 56 verba
960 2221 214 56 formantnr.
1128 2221 107 56 Sed
1189 2221 107 56 cum
1251 2221 107 56 per
1312 2221 168 56 seipsum
1419 2221 168 56 loquitur,

110 2263 133 53 verbo
199 2263 118 53 eius
273 2263 118 53 sine
347 2263 148 53 verbis
450 2263 89 53 ac
495 2263 177 53 syllabis
628 2263 104 53 cor
687 2263 177 53 docetur.
820 2263 118 53 ldem
894 2263 163 53 ibidem.
1012 2263 177 53 Spiritui
1145 2263 104 53 dei
1205 2263 133 53 quasi
1293 2263 163 53 quaedam
1412 2263 133 53 verba
1485 2263 104 53 nobis

105 2309 158 51 dicere,
220 2309 101 51 est
277 2309 158 51 occulta
392 2309 115 51 quae
464 2309 144 51 agenda
565 2309 115 51 sunt
637 2309 187 51 intimare:
781 2309 72 51 &
810 2309 101 51 cor
867 2309 158 51 hominis
983 2309 158 51 ignarum
1098 2309 101 51 non
1155 2309 173 51 adhibito
1285 2309 173 51 strepitu
1414 2309 72 51 &
1429 2309 158 51 tarditate

100 2354 185 58 sermonis
238 2354 170 58 peritum
362 2354 92 58 de
408 2354 231 58 absconditis
593 2354 185 58 reddere.
731 2354 92 58 Et
778 2354 123 58 quia
855 2354 92 58 ad
901 2354 200 58 scientiam
1055 2354 216 58 illuminare
1225 2354 108 58 non
1286 2354 108 58 est
1348 2354 123 58 nisi
1409 2354 170 58 abscondi-

100 2395 93 65 ta
146 2395 247 65 manifestare,
346 2395 139 65 modus
439 2395 123 65 iste
516 2395 201 65 coincidit
671 2395 108 65 cum
732 2395 170 65 tertio.
887 2395 108 65 Est
948 2395 139 65 autem
1041 2395 231 65 aduertendum
1226 2395 123 65 quod
1303 2395 93 65 in
1350 2395 139 65 primo
1427 2395 154 65 dictorum

113 2446 170 59 modorum
236 2446 155 59 dicere
344 2446 232 59 construitur
530 2446 108 59 cum
592 2446 139 59 verbo
684 2446 93 59 in
731 2446 216 59 accusatiuo
901 2446 124 59 casu
978 2446 170 59 tantum,
1102 2446 170 59 dicendo
1225 2446 139 59 dicit
1318 2446 170 59 verbum,
1442 2446 93 59 in
1473 2446 108 59 aliis

101 2493 147 52 autem.
204 2493 88 52 v.
248 2493 132 52 modis
336 2493 220 52 construitur
513 2493 103 52 cum
572 2493 132 52 verbo
660 2493 88 52 in
704 2493 176 52 ablatiuo
836 2493 132 52 casu:
924 2493 103 52 sed
983 2493 88 52 in
1027 2493 162 52 secundo
1145 2493 118 52 modo
1218 2493 103 52 non
1277 2493 118 52 nisi
1351 2493 176 52 mediante
1468 2493 103 52 prae-

109 2537 204 56 positione
266 2537 282 56 subintellecta.
502 2537 94 56 ea
549 2537 126 56 enim
627 2537 126 56 quae
705 2537 141 56 verbo
800 2537 94 56 in
847 2537 173 56 dicendo
972 2537 141 56 ipsum
1066 2537 282 56 communicantur,
1302 2537 141 56 pater
1396 2537 220 56 quodammodo

111 2579 122 55 dicit
193 2579 81 55 in
233 2579 135 55 verbo,
328 2579 81 55 vt
369 2579 81 55 in
409 2579 135 55 quodam
504 2579 122 55 quasi
585 2579 108 55 toto
653 2579 189 55 continente
801 2579 81 55 in
842 2579 81 55 se
883 2579 81 55 ea
923 2579 108 55 quae
991 2579 162 55 dicuntur
1113 2579 81 55 in
1153 2579 108 55 ipso
1221 2579 95 55 cum
1275 2579 122 55 ipsum
1356 2579 162 55 dicitur:
1478 2579 135 55 quemad

107 2627 133 59 modum
196 2627 208 59 quodammodo
359 2627 163 59 materia
478 2627 74 59 &
508 2627 133 59 forma
597 2627 178 59 dicuntur
730 2627 178 59 generari
863 2627 89 59 in
908 2627 193 59 composito
1056 2627 104 59 per
1115 2627 104 59 hoc
1175 2627 119 59 quod
1249 2627 208 59 compositum
1412 2627 89 59 ex
1457 2627 133 59 ipsis
1531 2627 59 59 ge

101 2669 162 63 neratur.
223 2669 81 63 In
264 2669 122 63 aliis
345 2669 108 63 vero
413 2669 149 63 quatuor
521 2669 122 63 modis
602 2669 203 63 construitur
765 2669 95 63 cum
819 2669 122 63 verbo
900 2669 81 63 in
941 2669 162 63 ablatiuo
1063 2669 81 63 vt
1104 2669 149 63 formali
1212 2669 162 63 ratione,
1334 2669 68 63 &
1361 2669 95 63 sic
1415 2669 135 63 absque
1496 2669 95 63 prae-

97 2716 179 76 positione,
238 2716 141 76 coniter
340 2716 179 76 accipiendo
481 2716 154 76 rationem
596 2716 154 76 formalem
711 2716 77 76 ad
750 2716 154 76 rationem
865 2716 179 76 elicitiuam
1006 2716 128 76 actus:
1095 2716 64 76 &
1121 2716 77 76 ad
1159 2716 179 76 operatiuam
1300 2716 166 76 potentiam
1428 2716 77 76 in
1466 2716 154 76 faciendo
