2017 3161
139 270 159 62 Dicendum
258 270 106 62 quod
324 270 132 62 falsum
417 270 106 62 est:
483 270 106 62 quia
549 270 132 62 dicere
642 270 93 62 non
695 270 185 62 significat
840 270 106 62 nisi
907 270 119 62 actum
986 270 185 62 generandi,
1132 270 93 62 vel
1185 270 225 62 communicandi,
1370 270 93 62 vel
1423 270 159 62 creandi,
1529 270 66 62 vel

130 327 161 46 manandi:
250 327 80 46 vt
290 327 121 46 patet
371 327 80 46 ex
411 327 201 46 praedictis:
571 327 134 46 quorum
665 327 134 46 nullum
759 327 187 46 significat
906 327 214 46 intelligere:
1080 327 107 46 quod
1147 327 187 46 significat
1294 327 174 46 solummodo
1415 327 174 46 intellectio

139 369 105 53 nem:
205 369 105 53 quae
270 369 92 53 non
323 369 92 53 est
375 369 105 53 nisi
441 369 171 53 perfectio
573 369 118 53 quasi
652 369 131 53 passio
744 369 79 53 in
783 369 184 53 intellectu
928 369 79 53 ab
967 369 237 53 intelligibili,
1164 369 66 53 &
1190 369 145 53 penitus
1296 369 171 53 absolutum
1427 369 118 53 quid,
1493 369 105 53 nullum

131 414 193 56 connotans
279 414 163 56 ordinem
398 414 104 56 aut
457 414 193 56 respectum
605 414 89 56 ad
650 414 163 56 verbum,
768 414 74 56 &
798 414 89 56 ea
842 414 119 56 quae
916 414 222 56 manifestari
1094 414 148 56 habent
1198 414 119 56 ipso
1272 414 148 56 verbo:
1376 414 119 56 quem
1435 414 163 56 respectum

131 457 172 57 connotat
260 457 158 57 dicere,
375 457 86 57 vt
418 457 144 57 dictum
518 457 115 57 est.
590 457 187 57 Contingit
734 457 115 57 enim
805 457 230 57 intelligere,
992 457 72 57 &
1021 457 100 57 hoc
1078 457 100 57 non
1136 457 230 57 intelligendo
1322 457 158 57 verbum,
1437 457 100 57 nec
1480 457 115 57 verbo,

129 501 96 48 nec
184 501 82 48 in
225 501 137 48 verbo,
321 501 96 48 nec
376 501 165 48 mediante
500 501 137 48 verbo:
596 501 137 48 dicere
692 501 123 48 autem
774 501 96 48 non
829 501 178 48 contingit
966 501 110 48 nisi
1034 501 151 48 verbum,
1144 501 96 48 aut
1199 501 137 48 verbo,
1295 501 96 48 aut
1350 501 82 48 in
1391 501 137 48 verbo,
1487 501 96 48 aut
1528 501 55 48 me

133 550 142 53 diante
232 550 142 53 verbo:
332 550 100 53 sed
389 550 128 53 ipsum
474 550 142 53 dicere
573 550 171 53 supponit
701 550 85 53 ex
744 550 128 53 parte
829 550 171 53 dicentis
957 550 128 53 actum
1043 550 227 53 intelligendi
1227 550 156 53 verbum:
1341 550 114 53 vnde
1412 550 128 53 omnis
1483 550 114 53 dicens

135 589 209 50 intelligit:
302 589 98 50 sed
358 589 98 50 non
414 589 195 50 econuerso.
567 589 98 50 Dis
623 589 112 50 enim
693 589 139 50 dicens
790 589 153 50 verbum,
902 589 125 50 illud
986 589 112 50 quod
1055 589 139 50 dicit,
1153 589 98 50 aut
1209 589 98 50 quo
1264 589 139 50 dicit,
1362 589 98 50 aut
1418 589 84 50 in
1460 589 98 50 quo
1501 589 98 50 dicit

132 632 98 52 aut
188 632 168 52 mediante
314 632 98 52 quo
371 632 126 52 dicit
455 632 211 52 intelligit:
623 632 98 52 sed
679 632 98 52 non
736 632 197 52 econuerso.
890 632 183 52 Contingit
1030 632 112 52 enim
1101 632 211 52 intelligere
1269 632 126 52 ipsum
1353 632 154 52 verbum,
1466 632 98 52 vel
1508 632 84 52 diui

139 684 94 52 nam
192 684 189 52 essentiam,
341 684 94 52 vel
395 684 148 52 aliquid
503 684 108 52 ipsa
570 684 135 52 diuina
664 684 175 52 essentia,
799 684 94 52 vel
853 684 81 52 in
894 684 108 52 ipsa
961 684 135 52 diuina
1056 684 162 52 essentia
1177 684 135 52 absque
1271 684 81 52 eo
1312 684 108 52 quod
1379 684 202 52 intellectus
1528 684 67 52 di-

140 729 89 48 cat
191 729 152 48 aliquid,
305 729 139 48 proprie
406 729 152 48 loquendo
520 729 76 48 de
558 729 139 48 dicere.
660 729 114 48 Pater
736 729 114 48 etiam
812 729 114 48 licet
888 729 114 48 verum
964 729 89 48 sit
1014 729 101 48 quod
1078 729 114 48 dicat
1154 729 114 48 verbo
1230 729 76 48 vt
1268 729 139 48 formali
1369 729 139 48 ratione
1470 729 152 48 secundum

133 771 179 57 praedicta:
274 771 90 57 non
325 771 115 57 tamen
402 771 115 57 verum
479 771 90 57 est
530 771 103 57 quod
594 771 115 57 verbo
671 771 77 57 vt
710 771 141 57 formali
812 771 141 57 ratione
915 771 192 57 intelligat:
1069 771 115 57 sicut
1145 771 90 57 non
1197 771 115 57 sapit
1274 771 115 57 verbo
1350 771 103 57 siue
1414 771 167 57 sapientia
1530 771 51 57 ge

141 817 111 55 nita:
215 817 148 55 secundum
325 817 98 55 quod
387 817 111 55 dicit
461 817 172 55 Augustinus
596 817 98 55 vii.
658 817 74 55 de
695 817 160 55 trinitate
818 817 123 55 mouens
904 817 111 55 super
978 817 86 55 hoc
1027 817 197 55 quaestionem,
1187 817 62 55 &
1211 817 123 55 dicens
1298 817 74 55 in
1335 817 160 55 principio
1458 817 123 55 libri.
1544 817 74 55 An

127 858 97 47 ita
183 858 97 47 sit
238 858 153 47 sapiens
349 858 153 47 quomodo
460 858 153 47 dicens:
571 858 125 47 Verbo
654 858 111 47 enim
723 858 111 47 quod
793 858 153 47 genuit,
904 858 139 47 dicens
1001 858 111 47 est:
1070 858 97 47 quo
1126 858 139 47 semper
1223 858 125 47 atque
1306 858 277 47 incommutabiliter
1528 858 69 47 se-

129 905 119 50 ipsum
208 905 132 50 dicit:
301 905 79 50 vt
341 905 66 50 &
367 905 93 50 hoc
420 905 93 50 sit
473 905 132 50 verbum
566 905 106 50 esse
632 905 106 50 quod
698 905 93 50 est
751 905 106 50 esse
817 905 199 50 sapientiam,
976 905 119 50 quasi
1055 905 146 50 diceret
1161 905 185 50 nequaquam.
1307 905 79 50 Et
1347 905 119 50 ratio
1426 905 119 50 huius
1492 905 93 50 diuer

121 949 157 52 sitatis
235 949 100 52 est
292 949 114 52 quod
364 949 214 52 intelligere
535 949 157 52 penitus
649 949 100 52 est
706 949 200 52 absolutum,
864 949 143 52 nullum
963 949 186 52 connotans
1106 949 157 52 ordinem
1221 949 114 52 siue
1292 949 186 52 respectum
1435 949 86 52 ad
1463 949 129 52 verbum-

125 995 112 52 siue
195 995 84 52 ad
237 995 112 52 alia
307 995 168 52 mediante
434 995 140 52 verbo,
532 995 126 52 sicut
616 995 126 52 facit
701 995 140 52 dicere
799 995 168 52 secundum
925 995 197 52 praedicta.
1080 995 112 52 Vnde
1150 995 70 52 &
1178 995 140 52 creare
1276 995 112 52 quia
1346 995 168 52 connotat
1459 995 126 52 ordinem

128 1047 85 48 ad
170 1047 141 48 verbum
269 1047 85 48 vt
312 1047 85 48 ad
354 1047 198 48 operatiuam
510 1047 198 48 potentiam:
665 1047 113 48 bene
736 1047 156 48 dicitur
849 1047 113 48 quod
920 1047 127 48 pater
1005 1047 85 48 vt
1047 1047 184 48 operatiua
1189 1047 170 48 potentia
1316 1047 127 48 creat
1401 1047 141 48 verbo:
1500 1047 71 48 &
1514 1047 71 48 hoc

132 1085 149 54 praeter
241 1085 122 54 illum
322 1085 122 54 modum
403 1085 95 54 quo
457 1085 149 54 dicitur
565 1085 135 54 creare
659 1085 122 54 verbo
740 1085 122 54 sicut
821 1085 68 54 &
848 1085 216 54 intelligere.
1024 1085 162 54 scilicet
1145 1085 95 54 per
1199 1085 135 54 verbum
1294 1085 68 54 &
1321 1085 162 54 mediante
1442 1085 135 54 verbo.
1523 1085 68 54 Pro

120 1134 122 50 tanto
202 1134 109 50 enim
270 1134 122 50 creat
352 1134 68 50 &
379 1134 190 50 intelligit
528 1134 95 50 per
583 1134 150 50 verbum,
692 1134 68 50 &
719 1134 163 50 mediante
841 1134 136 50 verbo:
936 1134 109 50 quia
1004 1134 109 50 quod
1072 1134 136 50 verbum
1167 1134 109 50 siue
1235 1134 109 50 ipse
1303 1134 136 50 filius
1399 1134 122 50 creat
1480 1134 95 50 aut
1535 1134 82 50 in

122 1174 176 50 telligit:
258 1174 95 50 hoc
312 1174 122 50 habet
394 1174 68 50 a
421 1174 136 50 patre.
516 1174 81 50 Et
557 1174 163 50 congruit
679 1174 109 50 iste
747 1174 122 50 modus
828 1174 217 50 intelligendi
1004 1174 149 50 patris,
1113 1174 149 50 naturae
1222 1174 109 50 rei:
1289 1174 122 50 licet
1371 1174 95 50 sit
1412 1174 176 50 inusitatus.

137 1220 85 57 Vt
179 1220 156 57 ratione
293 1220 128 57 autem
378 1220 156 57 formali
491 1220 128 57 pater
576 1220 128 57 verbo
661 1220 99 57 nec
718 1220 128 57 creat
803 1220 99 57 nec
860 1220 213 57 intelligit:
1030 1220 99 57 sed
1087 1220 184 57 solummodo
1229 1220 170 57 essentia
1356 1220 184 57 deitatis:
1498 1220 71 57 &
1512 1220 71 57 hoc

124 1261 112 57 ideo,
198 1261 100 57 quia
261 1261 100 57 quod
323 1261 137 57 aliquis
423 1261 100 57 agit
486 1261 125 57 aliquo
573 1261 75 57 vt
610 1261 137 57 ratione
710 1261 150 57 formali,
823 1261 75 57 eo
860 1261 100 57 siue
922 1261 75 57 ab
960 1261 75 57 eo
997 1261 112 57 habet
1072 1261 100 57 quod
1135 1261 112 57 agit:
1210 1261 100 57 quod
1272 1261 100 57 vero
1334 1261 100 57 agit
1397 1261 125 57 aliquo
1484 1261 75 57 vt
1509 1261 75 57 opea

122 1310 110 53 tiua
191 1310 165 53 potentia
315 1310 96 53 vel
370 1310 165 53 mediante
494 1310 124 53 illo,
576 1310 96 53 non
632 1310 83 53 eo
673 1310 124 53 habet
755 1310 110 53 quod
824 1310 124 53 agit:
907 1310 96 53 sed
962 1310 138 53 potius
1058 1310 110 53 illi
1127 1310 96 53 dat
1182 1310 110 53 quod
1251 1310 124 53 agat,
1333 1310 110 53 quae
1402 1310 138 53 multum
1485 1310 110 53 diffe-

120 1354 143 53 runt.
215 1354 174 53 dicente
342 1354 127 53 Hug.
421 1354 95 53 in
469 1354 190 53 epistola
612 1354 95 53 ad
659 1354 159 53 beatum
770 1354 222 53 Bernardum.
945 1354 174 53 Quantum
1072 1354 127 53 mihi
1151 1354 174 53 videtur
1278 1354 159 53 multum
1389 1354 190 53 interest
1532 1354 95 53 in

119 1403 97 55 ter
175 1403 139 55 facere
272 1403 69 55 &
300 1403 139 55 fieri:
397 1403 125 55 inter
480 1403 153 55 erudire
592 1403 69 55 &
619 1403 167 55 erudiri:
744 1403 125 55 inter
828 1403 181 55 sapientem
967 1403 153 55 facere,
1078 1403 69 55 &
1106 1403 181 55 sapientem
1245 1403 139 55 fieri.
1342 1403 125 55 Certe
1425 1403 83 55 si
1467 1403 125 55 pater
1536 1403 56 55 ea

128 1446 179 53 sapientia
266 1446 110 53 quae
335 1446 138 53 filius
431 1446 96 53 est
486 1446 151 53 saperet
596 1446 69 53 &
624 1446 151 53 sapiens
734 1446 151 53 fieret,
844 1446 83 53 ab
885 1446 110 53 ipso
954 1446 206 53 proculdubio
1119 1446 138 53 esset:
1215 1446 96 53 cui
1270 1446 110 53 idem
1339 1446 96 53 est
1394 1446 110 53 esse
1463 1446 69 53 &
1477 1446 110 53 sapere

126 1488 68 48 &
154 1488 177 48 sapientem
289 1488 122 48 esse:
371 1488 136 48 quando
466 1488 122 48 autem
548 1488 95 48 per
602 1488 136 48 filium
697 1488 122 48 pater
779 1488 149 48 aliquem
887 1488 149 48 erudit,
996 1488 82 48 ea
1037 1488 177 48 sapientia
1173 1488 109 48 quae
1241 1488 136 48 filius
1336 1488 95 48 est
1390 1488 149 48 aliquid
1485 1488 109 48 facit.

121 1534 98 48 Nec
177 1534 126 48 tamen
261 1534 168 48 sequitur
387 1534 84 48 vt
429 1534 70 48 a
457 1534 126 48 filio
542 1534 112 48 sit:
612 1534 210 48 proculdubio
780 1534 112 48 quod
850 1534 140 48 filius
948 1534 112 48 agit
1018 1534 126 48 pater
1102 1534 126 48 agit,
1186 1534 70 48 a
1214 1534 98 48 quo
1271 1534 140 48 filius
1369 1534 154 48 accipit
1481 1534 84 48 vt
1509 1534 84 48 agat

118 1575 66 55 &
144 1575 118 55 agere
223 1575 144 55 possit.
328 1575 105 55 Hinc
394 1575 92 55 est
446 1575 118 55 illud
525 1575 118 55 beati
604 1575 118 55 Hila.
682 1575 171 55 Intellige
814 1575 131 55 filium
905 1575 158 55 agentem,
1024 1575 66 55 &
1050 1575 92 55 per
1102 1575 92 55 eum
1155 1575 131 55 patrem
1247 1575 158 55 agentem:
1365 1575 158 55 simliter
1470 1575 118 55 intelli

119 1630 87 50 ge
162 1630 174 50 spiritum
293 1630 160 50 sanctum
409 1630 174 50 agentem,
539 1630 73 50 &
568 1630 102 50 per
626 1630 102 50 eum
684 1630 102 50 non
742 1630 116 50 modo
815 1630 145 50 patrem
916 1630 102 50 sed
974 1630 73 50 &
1003 1630 145 50 filium
1105 1630 174 50 agentem.
1235 1630 145 50 Filius
1337 1630 160 50 erudit:
1438 1630 145 50 spiritus

134 1668 144 61 ianctus
239 1668 157 61 diligit:
356 1668 65 61 &
383 1668 170 61 vtrobique
514 1668 118 61 pater
592 1668 118 61 agit.
671 1668 105 61 Quia
736 1668 118 61 autem
815 1668 118 61 pater
893 1668 92 61 per
946 1668 131 61 filium
1037 1668 118 61 opari
1116 1668 157 61 dicitur,
1234 1668 92 61 non
1286 1668 92 61 sic
1338 1668 209 61 intelligitur
1495 1668 92 61 quasi

120 1714 130 52 filius
211 1714 91 52 sit
263 1714 130 52 auctor
353 1714 65 52 &
379 1714 117 52 origo
457 1714 169 52 potentiae
587 1714 104 52 quae
652 1714 117 52 pater
729 1714 104 52 est:
794 1714 65 52 &
820 1714 104 52 quae
885 1714 104 52 vult
950 1714 156 52 opeatur:
1066 1714 91 52 sed
1118 1714 104 52 quod
1183 1714 117 52 pater
1261 1714 130 52 auctor
1352 1714 65 52 &
1378 1714 117 52 origo
1455 1714 91 52 sit
1494 1714 91 52 poten

127 1756 91 51 tiae
184 1756 91 51 quae
241 1756 114 51 filius
321 1756 91 51 est:
378 1756 57 51 &
401 1756 91 51 quod
458 1756 80 51 pro
504 1756 171 51 beneplacito
641 1756 91 51 eius
698 1756 91 51 agit
755 1756 91 51 quod
812 1756 103 51 agit.
881 1756 149 51 Similiter
995 1756 91 51 quod
1052 1756 103 51 pater
1121 1756 126 51 spiritu
1212 1756 114 51 sancto
1292 1756 137 51 diligere
1395 1756 137 51 dicitur:
1498 1756 80 51 non
1532 1756 57 51 sic

121 1800 220 58 intelligitur
300 1800 124 58 quasi
383 1800 165 58 spiritus
507 1800 151 58 sanctus
617 1800 138 58 auctor
713 1800 69 58 &
741 1800 124 58 origo
823 1800 151 58 existat
933 1800 206 58 dilectionis
1098 1800 110 58 quae
1167 1800 124 58 pater
1250 1800 110 58 est,
1319 1800 69 58 &
1346 1800 96 58 pro
1401 1800 165 58 arbitrio
1511 1800 83 58 eius

132 1841 106 62 amat
198 1841 106 62 quod
264 1841 119 62 amat:
343 1841 92 62 sed
396 1841 106 62 quod
462 1841 119 62 pater
541 1841 92 62 eam
594 1841 198 62 dilectionem
752 1841 106 62 quae
818 1841 106 62 spus
884 1841 145 62 sanctus
990 1841 106 62 est,
1056 1841 145 62 spirat:
1161 1841 66 62 &
1188 1841 132 62 illius
1280 1841 132 62 auctor
1373 1841 66 62 &
1399 1841 119 62 origo
1465 1841 132 62 existat.

128 1892 74 55 Et
165 1892 148 55 secundum
276 1892 87 55 hoc
325 1892 87 55 cum
375 1892 111 55 actus
449 1892 185 55 attribuitur
597 1892 124 55 alicui
684 1892 136 55 diuinae
783 1892 148 55 personae
894 1892 136 55 ratione
993 1892 99 55 suae
1055 1892 161 55 essentiae
1178 1892 99 55 quae
1240 1892 87 55 est
1289 1892 74 55 in
1326 1892 87 55 ea,
1376 1892 99 55 tunc
1425 1892 161 55 attribuitur

124 1935 78 58 ei
163 1935 91 58 per
215 1935 117 58 illud
294 1935 104 58 quod
359 1935 117 58 inest
437 1935 91 58 ei,
489 1935 117 58 quasi
567 1935 157 58 secundum
685 1935 130 58 primum
776 1935 117 58 modum
854 1935 143 58 dicendi
959 1935 91 58 per
1011 1935 91 58 se.
1063 1935 104 58 Quod
1128 1935 104 58 enim
1194 1935 157 58 convenit
1311 1935 130 58 alicui
1402 1935 117 58 primo
1481 1935 104 58 modo
1533 1935 52 58 di

128 1990 112 50 cendi
202 1990 87 50 per
252 1990 87 50 se,
301 1990 87 50 est
351 1990 112 50 ratio
425 1990 149 50 formalis
537 1990 62 50 &
562 1990 186 50 essentialis
711 1990 112 50 eius:
785 1990 74 50 vt
823 1990 161 50 rationale
947 1990 149 50 hominis.
1058 1990 87 50 Cum
1108 1990 99 50 vero
1170 1990 112 50 actus
1245 1990 186 50 attribuitur
1393 1990 149 50 personae
1505 1990 99 50 illi
1555 1990 37 50 a

135 2026 85 56 qua
183 2026 145 56 procedit
292 2026 109 56 alia,
365 2026 133 56 ratione
461 2026 121 56 illius
546 2026 97 56 quae
606 2026 73 56 ab
642 2026 73 56 ea
679 2026 157 56 procedit:
800 2026 97 56 tunc
860 2026 181 56 attribuitur
1005 2026 73 56 ei
1041 2026 85 56 per
1090 2026 73 56 id
1126 2026 97 56 quod
1186 2026 109 56 inest
1259 2026 85 56 ei:
1307 2026 109 56 quasi
1380 2026 109 56 iuxta
1452 2026 145 56 secundum
1549 2026 48 56 mo

124 2067 92 54 dum
176 2067 144 54 dicendi
281 2067 92 54 per
334 2067 92 54 se.
386 2067 105 54 Quod
452 2067 105 54 enim
517 2067 118 54 inest
596 2067 131 54 alicui
688 2067 144 54 secundo
793 2067 105 54 modo
858 2067 144 54 dicendi
963 2067 92 54 per
1016 2067 92 54 se,
1068 2067 92 54 est
1121 2067 144 54 aliquid
1226 2067 210 54 principiatum
1396 2067 79 54 ab
1436 2067 92 54 eo:
1488 2067 79 54 vt
1514 2067 79 54 risi

128 2119 99 61 bile
190 2119 74 61 ab
227 2119 137 61 homine.
326 2119 149 61 Speciali
438 2119 112 61 autem
512 2119 99 61 modo
574 2119 137 61 dicitur
674 2119 99 61 quod
736 2119 112 61 pater
810 2119 112 61 dicit
885 2119 124 61 verbo,
971 2119 99 61 quia
1034 2119 87 61 non
1083 2119 112 61 sicut
1158 2119 74 61 ab
1195 2119 124 61 agente
1282 2119 149 61 mediato:
1393 2119 112 61 quia.
1468 2119 149 61 scilicet

128 2158 87 62 id
171 2158 116 62 quod
243 2158 145 62 verbum
345 2158 130 62 dicit
432 2158 116 62 ipse
504 2158 145 62 dicat:
605 2158 72 62 &
634 2158 101 62 hoc
692 2158 261 62 medianteverbo:
909 2158 116 62 quia
982 2158 145 62 verbum
1083 2158 116 62 quod
1156 2158 159 62 aliquid
1271 2158 145 62 dicit,
1373 2158 101 62 hoc
1431 2158 130 62 habet
1518 2158 72 62 a
1532 2158 58 62 pa

135 2202 108 58 tre:
203 2202 95 58 nec
257 2202 122 58 sicut
339 2202 162 58 opeatiua
460 2202 176 58 potentia:
596 2202 122 58 quasi
677 2202 162 58 scilicet
799 2202 122 58 ipsum
880 2202 135 58 verbum
975 2202 95 58 sit
1029 2202 95 58 ars
1083 2202 95 58 qua
1137 2202 108 58 agat
1205 2202 122 58 actum
1286 2202 162 58 dicendi:
1408 2202 95 58 sed
1462 2202 122 58 pater
1530 2202 54 58 di

121 2242 116 65 citur
199 2242 129 65 dicere
289 2242 116 65 verbo
366 2242 116 65 sicut
444 2242 142 65 ratione
547 2242 155 65 formali.
663 2242 90 65 Non
715 2242 103 65 dico
779 2242 142 65 formali
882 2242 77 65 in
921 2242 155 65 dicente,
1037 2242 90 65 qua
1089 2242 103 65 ipse
1153 2242 129 65 elicit
1244 2242 116 65 actum
1321 2242 155 65 dicendi:
1437 2242 77 65 in
1476 2242 90 65 hoc
1515 2242 77 65 enim

130 2296 115 62 modo
202 2296 129 62 sicut
288 2296 72 62 &
317 2296 86 62 in
360 2296 144 62 duobus
460 2296 259 62 praecedentibus
676 2296 129 62 ipsum
762 2296 101 62 quo
820 2296 173 62 secundum
949 2296 173 62 rationem
1078 2296 158 62 nostram
1193 2296 144 62 medium
1294 2296 101 62 est
1352 2296 129 62 inter
1438 2296 173 62 dicentem
1553 2296 43 62 &

127 2335 122 63 actum
209 2335 163 63 dicendi:
331 2335 95 63 sed
385 2335 109 63 dico
453 2335 149 63 ratione
562 2335 149 63 formali
670 2335 95 63 qua
725 2335 190 63 innotescit
874 2335 81 63 id
914 2335 109 63 quid
982 2335 163 63 dicitur,
1104 2335 68 63 &
1132 2335 95 63 qua
1186 2335 122 63 actus
1267 2335 149 63 dicendi
1376 2335 176 63 dirigitur
1512 2335 81 63 in
1539 2335 54 63 il

132 2386 99 52 ud.
188 2386 85 52 In
231 2386 113 52 isto
301 2386 113 52 enim
372 2386 113 52 modo
442 2386 85 52 id
485 2386 99 52 quo
541 2386 155 52 dicitur
654 2386 169 52 secundum
781 2386 155 52 nostram
894 2386 183 52 rationem,
1035 2386 127 52 solum
1119 2386 141 52 medium
1218 2386 99 52 est
1275 2386 127 52 inter
1359 2386 127 52 actum
1444 2386 155 52 dicendi
1543 2386 42 52 &

117 2429 98 57 rem
173 2429 154 57 dictam.
285 2429 70 57 &
313 2429 168 57 secundum
439 2429 112 57 hunc
509 2429 126 57 modum
593 2429 140 57 dictum
691 2429 98 57 est
747 2429 126 57 supra
831 2429 112 57 quod
902 2429 98 57 non
958 2429 126 57 solum
1042 2429 126 57 pater
1126 2429 84 57 vt
1168 2429 154 57 ratione
1280 2429 154 57 formali
1392 2429 126 57 dicit
1476 2429 140 57 verbo:

122 2474 83 56 sed
169 2474 106 56 etiam
240 2474 141 56 spiritus
346 2474 141 56 sanctus,
452 2474 59 56 &
476 2474 106 56 omnis
547 2474 212 56 intellectualis
723 2474 118 56 natura
806 2474 118 56 videns
888 2474 130 56 verbum.
1006 2474 71 56 Et
1042 2474 94 56 quod
1101 2474 165 56 assumitur:
1230 2474 94 56 quod
1289 2474 141 56 secundum
1395 2474 141 56 Anselmus
1490 2474 94 56 dicere

129 2518 86 58 est
178 2518 99 58 idem
240 2518 99 58 quod
301 2518 197 58 intelligere:
462 2518 99 58 quia
523 2518 99 58 deus
585 2518 111 58 dicit
659 2518 111 58 sicut
733 2518 185 58 intelligit:
881 2518 148 58 Dicendum
992 2518 99 58 quod
1054 2518 62 58 l
1078 2518 111 58 sicut
1152 2518 86 58 non
1202 2518 111 58 dicit
1276 2518 160 58 omnimodam
1387 2518 197 58 similitudinem:

116 2561 97 59 quia
176 2561 85 59 non
225 2561 109 59 dicit
297 2561 206 59 similitudinem
467 2561 133 59 ratione
564 2561 133 59 actuum:
660 2561 109 59 quasi
733 2561 73 59 in
769 2561 85 59 hoc
818 2561 109 59 dicat
890 2561 97 59 quod
951 2561 182 59 intelligit:
1096 2561 85 59 Hoc
1144 2561 97 59 enim
1205 2561 85 59 non
1253 2561 85 59 est
1302 2561 121 59 verum:
1386 2561 85 59 sed
1435 2561 109 59 solum
1495 2561 85 59 dicit

120 2610 192 56 similitudinem
278 2610 124 56 ratione
368 2610 169 56 subiectorum
503 2610 56 56 &
526 2610 169 56 obiectorum:
661 2610 102 56 quia.
729 2610 135 56 scilicet
830 2610 90 56 illi
887 2610 102 56 iidem
954 2610 79 56 qui
999 2610 169 56 intelligunt
1135 2610 68 56 se
1169 2610 56 56 &
1191 2610 113 56 alios,
1270 2610 102 56 etiam
1338 2610 113 56 dicunt
1417 2610 68 56 se
1451 2610 56 56 &
1473 2610 113 56 alios.
1541 2610 45 56 Et

109 2659 89 57 cum
160 2659 190 57 intelligere
312 2659 165 57 contingit
439 2659 178 57 dupliciter
579 2659 165 57 quemlibet
706 2659 127 57 eorum:
794 2659 63 57 &
820 2659 76 57 in
858 2659 89 57 sua
909 2659 152 57 essentia
1023 2659 203 57 intelligendo
1188 2659 101 57 suam
1251 2659 178 57 essentiam:
1391 2659 63 57 &
1416 2659 76 57 in
1454 2659 114 57 verbo
1530 2659 76 57 in

105 2693 183 81 telligendo
249 2693 118 81 ipsum
327 2693 144 81 verbum:
432 2693 105 81 quod
497 2693 118 81 ergo.
576 2693 118 81 dicit
654 2693 170 81 quemlibet
785 2693 144 81 illorum
890 2693 131 81 dicere
981 2693 78 81 se
1020 2693 65 81 &
1047 2693 131 81 alios,
1138 2693 118 81 sicut
1217 2693 65 81 &
1243 2693 196 81 intelligere
1400 2693 78 81 se
1439 2693 65 81 &
1465 2693 131 81 alios:
1544 2693 65 81 hoc
