2017 3190
125 278 116 77 autem
202 278 77 77 se
241 278 116 77 habet
318 278 77 77 ad
357 278 180 77 possibilem
499 278 103 77 sic,
563 278 103 77 quod
627 278 103 77 nisi
692 278 116 77 esset
769 278 103 77 ipse
833 278 77 77 in
872 278 167 77 possibili
1001 278 77 77 vt
1039 278 90 77 lux
1091 278 103 77 eius
1155 278 219 77 connaturalis,
1336 278 90 77 non
1387 278 116 77 esset
1451 278 155 77 receptibi-

132 341 98 57 lis
188 341 169 57 alicuius
315 341 239 57 informationis
512 341 84 57 ab
554 341 253 57 intelligibili:
765 341 211 57 quemadmodum
933 341 127 57 neque
1018 341 127 57 visus
1102 341 70 57 a
1130 341 155 57 colore,
1243 341 112 57 nisi
1313 341 127 57 esset
1397 341 197 57 informatus
1538 341 70 57 lu-

121 386 88 53 ce
165 386 205 53 materiali.
326 386 132 53 Sicut
414 386 117 53 enim
487 386 102 53 non
545 386 161 53 recipit
662 386 132 53 visus
750 386 161 53 species
867 386 161 53 colorum
984 386 117 53 nisi
1057 386 175 53 admixtas
1189 386 161 53 lumini:
1306 386 73 53 &
1335 386 132 53 quasi
1423 386 132 53 lumen
1511 386 132 53 ipsum

121 432 244 48 determinantes:
325 432 95 48 sic
379 432 95 48 nec
433 432 203 48 intellectus
596 432 190 48 possibilis
745 432 149 48 recipit
854 432 244 48 intellectiones
1057 432 109 48 quae
1125 432 109 48 sunt
1193 432 149 48 species
1302 432 217 48 phantasmatum
1464 432 136 48 vniuersa

122 478 135 51 lium,
212 478 75 51 &
242 478 165 51 ipsarum
362 478 135 51 rerum
451 478 240 51 vniuersalium
646 478 90 51 in
691 478 225 51 intellectu:
871 478 120 51 nisi
945 478 180 51 admixtas
1080 478 120 51 luci
1155 478 180 51 agentis:
1290 478 75 51 &
1320 478 135 51 quasi
1409 478 135 51 ipsam
1484 478 120 51 deter-

131 523 181 51 minantes
267 523 91 51 vt
312 523 227 51 vniuersalem
494 523 166 51 habitum
615 523 91 51 in
660 523 121 51 illo
735 523 227 51 existentem.
917 523 121 51 Vnde
992 523 136 51 ponit
1083 523 181 51 Comment.
1219 523 121 51 quod
1295 523 151 51 quando
1401 523 136 51 agens
1476 523 121 51 fuerit

126 565 243 53 determinatus
324 565 167 53 omnibus
445 565 198 53 speciebus
597 565 152 53 omnium
704 565 259 53 intelligilium
917 565 167 53 suorum,
1038 565 122 53 tunc
1114 565 106 53 est
1175 565 228 53 intellectus
1358 565 167 53 adeptus
1479 565 91 53 in
1510 565 91 53 actu

123 615 70 60 &
151 615 154 60 poterit
263 615 210 60 intelligere
431 615 196 60 possibilis
586 615 168 60 agentem,
712 615 70 60 &
740 615 168 60 seipsum,
866 615 70 60 &
894 615 210 60 substantias
1062 615 196 60 separatas.
1216 615 70 60 â‹
1245 615 98 60 Est
1301 615 140 60 igitur
1399 615 98 60 hic
1455 615 112 60 tria
1511 615 84 60 con-

116 659 163 48 siderare
239 659 123 48 circa
321 659 123 48 visum
402 659 163 48 scilicet
525 659 123 48 lucem
607 659 204 48 materialem,
770 659 150 48 colorem
879 659 204 48 sensibilem,
1043 659 163 48 visionem
1165 659 82 48 in
1206 659 123 48 visu:
1288 659 68 48 &
1315 659 109 48 tria
1369 659 232 48 correspondentia

122 705 114 59 circa
198 705 178 59 possibilem
338 705 203 59 intellectum.
503 705 152 59 scilicet
617 705 114 59 lucem
693 705 152 59 agentis,
807 705 178 59 phantasma,
947 705 241 59 intellectionem.
1149 705 76 59 Et
1188 705 89 59 est
1238 705 114 59 agens
1314 705 114 59 sicut
1390 705 89 59 lux
1441 705 190 59 materialis:

125 749 180 47 Phantasma
263 749 124 47 sicut
346 749 124 47 color
429 749 207 47 sensibilis:
595 749 207 47 Intellectio
761 749 124 47 sicut
844 749 138 47 visio.
941 749 83 47 Et
982 749 124 47 sicut
1065 749 97 47 lux
1120 749 193 47 materialis
1272 749 124 47 facit
1355 749 111 47 quod
1424 749 152 47 colores
1535 749 97 47 ma-

125 794 185 48 teriales
263 794 154 48 specie
371 794 108 48 sua
432 794 123 48 sine
509 794 169 48 materia
632 794 185 48 immutant
771 794 139 48 visum
863 794 92 48 ad
909 794 139 48 actum
1002 794 185 48 visionis
1140 794 123 48 quae
1217 794 215 48 terminatur
1387 794 92 48 ad
1433 794 169 48 colorem
1540 794 62 48 vt

124 837 83 52 ad
166 837 96 52 rem
221 837 138 52 visam:
317 837 220 52 consimiliter
496 837 96 52 lux
551 837 151 52 agentis
661 837 124 52 facit
744 837 110 52 quod
812 837 206 52 phantasmata
978 837 220 52 particularia
1157 837 96 52 sub
1212 837 151 52 ratione
1322 837 151 52 speciei
1418 837 179 52 vniuersalis

112 891 150 53 absque
217 891 254 53 conditionibus
426 891 239 53 materialibus
621 891 180 53 immutant
755 891 224 53 intellectum
935 891 90 53 ad
980 891 135 53 actum
1069 891 284 53 intellectionis,
1309 891 120 53 quae
1384 891 209 53 terminatur
1533 891 60 53 ad

120 929 105 49 rem
180 929 224 49 vniuersalem
359 929 90 49 vt
404 929 90 49 ad
449 929 134 49 ipsum
538 929 119 49 quod
613 929 254 49 intelligitur.
822 929 90 49 Et
867 929 105 49 non
926 929 105 49 est
986 929 224 49 differentia
1165 929 119 49 nisi
1240 929 90 49 in
1285 929 164 49 duobus.
1404 929 134 49 Primo
1494 929 90 49 in
1523 929 75 49 hoc

124 980 113 51 quod
194 980 99 51 ibi
251 980 155 51 colores
364 980 226 51 particulares
547 980 113 51 sunt
618 980 127 51 extra
703 980 198 51 existentes
858 980 85 51 in
900 980 141 51 rebus,
999 980 127 51 circa
1084 980 113 51 quos
1154 980 169 51 operatur
1281 980 99 51 lux
1338 980 198 51 materialis
1493 980 85 51 ab
1521 980 71 51 eis

107 1020 243 55 abstrahendo
301 1020 178 55 species
431 1020 146 55 eorum
528 1020 130 55 sine
610 1020 178 55 materia
739 1020 97 55 ad
788 1020 227 55 immutandum
966 1020 146 55 visum
1064 1020 130 55 actu
1145 1020 211 55 visionis,
1307 1020 130 55 quae
1388 1020 130 55 sunt
1453 1020 146 55 obiecta

107 1065 87 55 ad
150 1065 116 55 quae
222 1065 203 55 terminatur
382 1065 131 55 actus
469 1065 189 55 visionis.
614 1065 102 55 Hic
672 1065 116 55 vero
745 1065 218 55 phantasmata
919 1065 232 55 particularia
1107 1065 116 55 sunt
1180 1065 203 55 existentia
1339 1065 87 55 in
1383 1065 203 55 phantasia,
1528 1065 73 55 cir

115 1111 85 55 ca
157 1111 113 55 quae
228 1111 170 55 operatur
356 1111 99 55 lux
413 1111 170 55 agentis,
540 1111 184 55 separando
682 1111 85 55 ea
725 1111 71 55 a
753 1111 241 55 conditionibus
952 1111 269 55 particularibus,
1179 1111 71 55 &
1207 1111 227 55 sequestrando
1391 1111 128 55 illas
1476 1111 85 55 ab
1519 1111 113 55 eis:

123 1158 111 60 quod
192 1158 97 60 est
248 1158 194 60 abstrahere
400 1158 83 60 ab
441 1158 97 60 eis
497 1158 152 60 species
607 1158 111 60 quae
676 1158 111 60 sunt
746 1158 207 60 phantasmata
911 1158 221 60 vniuersalia.
1091 1158 152 60 Species
1202 1158 69 60 &
1230 1158 235 60 similitudines
1423 1158 111 60 dico
1492 1158 97 60 non
1534 1158 69 60 tam

113 1201 158 52 ipsorum
227 1201 229 52 phantasmatum
413 1201 243 52 particularium
614 1201 115 52 quae
685 1201 115 52 sunt
757 1201 158 52 species
872 1201 129 52 rerum
958 1201 243 52 particularium
1158 1201 143 52 extra,
1258 1201 115 52 quam
1330 1201 129 52 rerum
1402 1201 200 52 vniuersalium

117 1250 159 50 illarum
232 1250 130 50 rerum
319 1250 261 50 particularium.
536 1250 116 50 lpsa
609 1250 116 50 enim
681 1250 217 50 phantasmata
855 1250 232 50 particularia
1043 1250 130 50 circa
1130 1250 116 50 quae
1203 1250 174 50 operatur
1333 1250 101 50 lux
1391 1250 159 50 agentis
1507 1250 101 50 sic
1550 1250 58 50 ad

115 1295 196 47 immutandum
269 1295 210 47 intellectum
437 1295 196 47 possibilem
592 1295 112 47 actu
662 1295 266 47 intellectionis,
886 1295 98 47 non
942 1295 112 47 sunt
1012 1295 154 47 obiecta
1124 1295 84 47 ad
1166 1295 112 47 quae
1237 1295 196 47 terminatur
1391 1295 126 47 actus
1461 1295 140 47 intelle-

118 1339 166 47 ctionis:
242 1339 97 47 sed
298 1339 138 47 potius
394 1339 110 47 ipsa
463 1339 207 47 vniuersalia
629 1339 124 47 rerum
712 1339 235 47 particularium
905 1339 124 47 extra
988 1339 221 47 existentium:
1167 1339 138 47 quarum
1264 1339 152 47 species
1374 1339 69 47 &
1388 1339 207 47 similitudines

117 1385 119 53 sunt
192 1385 224 53 phantasmata
371 1385 254 53 particularia:
580 1385 134 53 sicut
669 1385 239 53 vniuersalium
863 1385 164 53 illarum
982 1385 134 53 rerum
1072 1385 254 53 particularium
1281 1385 164 53 species
1400 1385 119 53 sunt
1460 1385 134 53 phanta-

118 1431 119 56 smata
197 1431 212 56 vniuersalia.
369 1431 146 56 Secundo
475 1431 119 56 autem
554 1431 79 56 in
594 1431 93 56 hoc
647 1431 93 56 est
700 1431 212 56 differentia:
872 1431 106 56 quod
938 1431 93 56 ibi
991 1431 119 56 aliud
1071 1431 93 56 est
1124 1431 79 56 re
1163 1431 119 56 color
1243 1431 66 56 &
1269 1431 146 56 species
1375 1431 159 56 coloris:
1494 1431 66 56 &
1521 1431 106 56 quod

117 1477 110 59 ipsa
186 1477 152 59 species
296 1477 152 59 coloris
406 1477 207 59 abstrahitur
572 1477 69 59 a
599 1477 138 59 colore
696 1477 96 59 per
751 1477 124 59 quasi
833 1477 152 59 quandam
944 1477 220 59 separationem
1123 1477 138 59 realem
1219 1477 69 59 &
1247 1477 220 59 generationem
1426 1477 110 59 siue
1481 1477 110 59 multi-

105 1532 212 48 plicationem
275 1532 142 48 ipsius
374 1532 85 48 in
416 1532 127 48 totum
501 1532 142 48 medium
600 1532 113 48 quod
671 1532 99 48 est
728 1532 127 48 inter
813 1532 99 48 rem
869 1532 127 48 visam
954 1532 71 48 &
982 1532 85 48 id
1025 1532 127 48 oculi
1110 1532 85 48 in
1152 1532 99 48 quo
1209 1532 127 48 viget
1294 1532 99 48 vis
1350 1532 142 48 animae
1449 1532 142 48 visiua
1534 1532 57 48 ip

113 1567 103 57 sum
172 1567 220 57 informando,
348 1567 118 57 siue
422 1567 147 57 medium
525 1567 147 57 fuerit
627 1567 176 57 exterius
760 1567 132 57 extra
848 1567 162 57 oculum,
965 1567 118 57 siue
1039 1567 176 57 interius
1171 1567 88 57 in
1215 1567 147 57 oculo.
1318 1567 118 57 Aquo
1391 1567 132 57 medio
1479 1567 103 57 sic
1538 1567 88 57 in

110 1613 162 49 formato
228 1613 103 49 non
287 1613 162 49 vidente
406 1613 103 49 sed
465 1613 192 49 deferente
612 1613 162 49 speciem
730 1613 207 49 visibilis,
893 1613 162 49 punctus
1011 1613 133 49 nerui
1100 1613 207 49 interioris
1262 1613 103 49 est
1321 1613 89 49 in
1365 1613 103 49 quo
1410 1613 177 49 concurrunt

105 1652 107 65 duo
166 1652 138 65 nerui
258 1652 153 65 duorum
365 1652 199 65 oculorum:
518 1652 77 65 &
549 1652 92 65 in
595 1652 107 65 quo
656 1652 107 65 vis
718 1652 153 65 visiua
825 1652 107 65 est
886 1652 199 65 recipiens
1039 1652 245 65 immutationem
1239 1652 184 65 secundum
1376 1652 138 65 actum
1468 1652 107 65 qui
1514 1652 77 65 est

111 1705 132 48 visio.
203 1705 92 48 Non
256 1705 106 48 enim
322 1705 79 48 in
361 1705 132 48 vltimo
454 1705 92 48 est
506 1705 132 48 anima,
599 1705 92 48 sed
652 1705 185 48 manifestum
797 1705 106 48 quod
863 1705 171 48 interius,
994 1705 119 48 sicut
1074 1705 171 48 scribitur
1206 1705 79 48 in
1245 1705 79 48 de
1285 1705 119 48 Sensu
1364 1705 66 48 &
1390 1705 158 48 sensato.
1496 1705 92 48 Reue-

111 1751 83 47 ra
153 1751 83 47 in
194 1751 110 47 illo
263 1751 179 47 interiori
401 1751 110 47 solo
470 1751 97 47 est
525 1751 124 47 anima
608 1751 166 47 secundum
732 1751 97 47 vim
787 1751 166 47 visiuam:
911 1751 69 47 &
939 1751 110 47 ideo
1008 1751 110 47 illo
1077 1751 166 47 patiente
1201 1751 83 47 vt
1242 1751 97 47 quo
1297 1751 179 47 sentimus,
1435 1751 83 47 ab
1477 1751 110 47 ipso
1532 1751 55 47 me

108 1797 97 57 dio
164 1797 180 57 informato
302 1797 138 57 specie
399 1797 180 57 visibilis
537 1797 97 57 fit
593 1797 152 57 videre:
704 1797 83 57 vt
745 1797 152 57 dicitur
856 1797 83 57 in
898 1797 152 57 secundo
1008 1797 83 57 de
1050 1797 111 57 Aia.
1119 1797 83 57 Et
1161 1797 125 57 adhuc
1244 1797 83 57 in
1285 1797 152 57 amplius
1396 1797 180 57 interiori
1521 1797 69 57 est

120 1842 109 48 anima
193 1842 145 48 secundum
301 1842 85 48 vim
350 1842 182 48 phantasiae:
495 1842 85 48 ita
543 1842 97 48 quod
604 1842 121 48 medium
689 1842 85 48 tam
737 1842 109 48 intra
810 1842 97 48 quam
870 1842 109 48 extra
943 1842 169 48 informatur
1076 1842 121 48 specie
1161 1842 145 48 visibili
1269 1842 133 48 tantum,
1366 1842 61 48 &
1390 1842 85 48 non
1439 1842 133 48 visione
1524 1842 61 48 aut

120 1886 233 50 phantasiatione:
316 1886 110 50 illud
390 1886 98 50 vero
451 1886 147 50 interius
561 1886 221 50 phantasiatione
745 1886 86 50 aut
795 1886 135 50 visione
893 1886 123 50 tantum
979 1886 61 50 &
1003 1886 86 50 non
1052 1886 123 50 specie
1138 1886 86 50 per
1187 1886 86 50 se,
1236 1886 98 50 nisi
1298 1886 86 50 pro
1347 1886 123 50 quanto
1433 1886 110 50 illud
1494 1886 98 50 indiui

120 1929 124 56 sibile
207 1929 87 56 quo
256 1929 162 56 immutatur
381 1929 87 56 vis
431 1929 124 56 visiua
518 1929 87 56 vel
567 1929 224 56 phantasiatiua,
754 1929 87 56 est
804 1929 137 56 aliquod
903 1929 124 56 illius
990 1929 187 56 diuisibilis
1140 1929 100 56 quod
1202 1929 174 56 informatur
1339 1929 100 56 ipsa
1401 1929 137 56 specie.
1488 1929 112 56 Species

118 1977 100 60 enim
181 1977 88 60 cum
231 1977 88 60 sit
282 1977 138 60 habitus
382 1977 75 60 in
420 1977 151 60 corpore,
533 1977 63 60 &
558 1977 100 60 ideo
621 1977 88 60 non
671 1977 126 60 mouens
759 1977 100 60 nisi
822 1977 88 60 per
872 1977 176 60 contactum:
1010 1977 88 60 non
1060 1977 113 60 mouet
1136 1977 100 60 quod
1199 1977 163 60 informat,
1324 1977 88 60 sed
1374 1977 100 60 quod
1437 1977 126 60 tagit,
1513 1977 75 60 siue

109 2021 84 62 in
151 2021 167 62 contiguo
276 2021 112 62 siue
346 2021 84 62 in
388 2021 181 62 continuo,
527 2021 125 62 large
611 2021 153 62 sumendo
723 2021 195 62 contactum.
876 2021 98 62 Hic
932 2021 112 62 vero
1001 2021 98 62 non
1057 2021 98 62 est
1113 2021 125 62 aliud
1197 2021 84 62 re
1238 2021 181 62 phantasma
1378 2021 223 62 particulare,
1545 2021 42 62 &

120 2068 150 56 species
230 2068 109 56 quae
298 2068 96 56 est
352 2068 177 56 phantasma
489 2068 205 56 vniuersale:
653 2068 123 56 sicut
735 2068 96 56 nec
789 2068 96 56 res
844 2068 205 56 vniuersalis
1008 2068 96 56 est
1062 2068 109 56 alia
1131 2068 68 56 a
1158 2068 82 56 re
1199 2068 218 56 particulari:
1376 2068 96 56 nec
1431 2068 109 56 ipsa
1485 2068 96 56 speci

117 2116 86 50 es
160 2116 115 50 quae
232 2116 101 50 est
289 2116 187 50 phantasma
433 2116 216 50 vniuersale,
606 2116 216 50 abstrahitur
778 2116 72 50 a
807 2116 216 50 phantasmate
980 2116 216 50 particulari
1152 2116 101 50 per
1210 2116 129 50 modum
1296 2116 230 50 separationis
1469 2116 115 50 realis

108 2159 99 57 aut
164 2159 227 57 generationis
349 2159 99 57 aut
405 2159 283 57 multiplicationis
646 2159 85 57 in
689 2159 227 57 intellectum:
873 2159 85 57 vt
915 2159 113 57 quem
986 2159 170 57 informat
1113 2159 85 57 ad
1156 2159 198 57 eliciendum
1312 2159 85 57 in
1354 2159 198 57 intellectu
1496 2159 99 57 actum

107 2205 275 54 intellectionis:
338 2205 101 54 sed
396 2205 130 54 solum
483 2205 101 54 per
541 2205 159 54 quandam
657 2205 232 54 separationem
845 2205 188 54 virtualem
990 2205 217 54 conditionum
1163 2205 217 54 materialium
1337 2205 72 54 &
1351 2205 232 54 particularium,

116 2249 65 60 &
142 2249 144 60 illarum
247 2249 249 60 sequestrationem
456 2249 79 60 ab
496 2249 118 60 ipso:
574 2249 105 60 qua.
640 2249 157 60 scilicet
757 2249 118 60 habet
836 2249 157 60 virtutem
954 2249 170 60 immutandi
1085 2249 209 60 intellectum:
1255 2249 92 60 non
1307 2249 157 60 secundum
1412 2249 170 60 conditiones

110 2293 220 59 particulares
289 2293 83 59 ad
331 2293 234 59 intelligendum
523 2293 124 59 primo
606 2293 69 59 &
634 2293 234 59 principaliter
826 2293 124 59 ipsam
909 2293 220 59 particularem
1088 2293 96 59 rem
1143 2293 96 59 (vt
1198 2293 138 59 aliqui
1295 2293 152 59 dicunt)
1405 2293 110 59 quod
1474 2293 96 59 est
1515 2293 69 59 im-

112 2337 186 59 possibile:
258 2337 93 59 sed
311 2337 160 59 secundum
431 2337 160 59 rationem
551 2337 213 59 phantasmatis
724 2337 213 59 simpliciter,
896 2337 67 59 &
923 2337 120 59 quasi
1003 2337 173 59 abstracti
1136 2337 67 59 &
1162 2337 160 59 separati
1282 2337 67 59 a
1309 2337 146 59 materia
1415 2337 67 59 &
1428 2337 160 59 conditioni

105 2386 99 48 bus
161 2386 255 48 particularibus
374 2386 184 48 materiae.
515 2386 71 48 &
543 2386 99 48 hoc
600 2386 85 48 ad
642 2386 198 48 eliciendum
798 2386 85 48 in
840 2386 198 48 intellectu
996 2386 127 48 actum
1081 2386 255 48 intellectionis
1293 2386 212 48 inhaerentem
1463 2386 113 48 ipsi
1533 2386 85 48 in

111 2430 188 58 tellectui,
258 2430 67 58 &
285 2430 202 58 informantem
447 2430 121 58 ipsum
527 2430 134 58 absque
622 2430 108 58 omni
689 2430 108 58 alia
756 2430 134 58 specie
850 2430 94 58 rei
904 2430 202 58 vniuersalis
1065 2430 202 58 intellectae
1227 2430 108 58 illi
1294 2430 188 58 inhaerente
1442 2430 81 58 ad
1469 2430 121 58 intelli

108 2480 138 55 gendum
205 2480 97 55 rem
260 2480 221 55 vniuersalem.
439 2480 69 55 â‹
467 2480 97 55 Est
522 2480 138 55 igitur
619 2480 193 55 progressus
771 2480 83 55 in
812 2480 110 55 actu
881 2480 166 55 visionis
1005 2480 138 55 talis.
1102 2480 124 55 Primo
1185 2480 97 55 lux
1240 2480 193 55 materialis
1392 2480 124 55 super
1461 2480 124 55 colorem

118 2523 221 50 particularem
298 2523 193 50 materialem
449 2523 193 50 existentem
601 2523 124 50 extra
684 2523 179 50 irradiat.
822 2523 152 50 Secundo
932 2523 152 50 coloris
1043 2523 152 50 speciem
1153 2523 207 50 abstrahendo
1319 2523 110 50 sine
1388 2523 152 50 materia
1498 2523 83 50 in
1526 2523 55 50 me

106 2577 106 51 dium
172 2577 119 51 agit,
252 2577 66 51 &
278 2577 119 51 ipsum
358 2577 159 51 informat
477 2577 106 51 illa
544 2577 146 51 specie.
650 2577 133 51 Tertio
743 2577 133 51 medium
836 2577 133 51 specie
928 2577 106 51 illa
995 2577 119 51 actum
1074 2577 159 51 visionis
1194 2577 146 51 elicit.
1300 2577 80 51 Et
1340 2577 146 51 simiter
1446 2577 80 51 in
1473 2577 119 51 phanta-

114 2610 93 64 sia
167 2610 120 64 actum
247 2610 213 64 phantasiandi
419 2610 93 64 qui
473 2610 186 64 terminatur
619 2610 120 64 quasi
699 2610 133 64 quodam
792 2610 146 64 circulo
898 2610 80 64 in
938 2610 146 64 colorem
1044 2610 199 64 praedictum:
1204 2610 120 64 licet
1283 2610 186 64 differunt:
1430 2610 146 64 quoniam
1523 2610 66 64 vi-

109 2657 93 50 sio
162 2657 93 50 non
215 2657 186 50 terminatur
361 2657 80 50 ad
400 2657 119 50 illum
480 2657 106 50 nisi
546 2657 93 50 cum
599 2657 159 50 praesens
718 2657 133 50 fuerit
811 2657 146 50 sensui:
917 2657 212 50 Phantasiatio
1089 2657 106 50 vero
1156 2657 186 50 terminatur
1301 2657 80 50 ad
1341 2657 119 50 illum
1421 2657 80 50 ad
1447 2657 146 50 absentiam

116 2705 117 55 eius
189 2705 73 55 a
219 2705 146 55 sensu.
321 2705 146 55 Quarto
423 2705 117 55 vero
496 2705 131 55 supra
584 2705 190 55 phantasma
730 2705 219 55 particulare
905 2705 102 55 quo
963 2705 102 55 sic
1022 2705 190 55 phantasia
1168 2705 161 55 existit
1284 2705 88 55 in
1328 2705 131 55 actu,
1416 2705 175 55 irradiat
1533 2705 58 55 lu

107 2751 105 74 men
167 2751 226 74 intellectus
348 2751 181 74 agentis.
483 2751 90 74 Et
528 2751 196 74 praedicto
679 2751 120 74 modo
754 2751 196 74 phantasma
905 2751 211 74 vniuersale
1070 2751 75 74 a
1100 2751 226 74 particulari
1281 2751 211 74 abstrahit,
1446 2751 75 74 &
1461 2751 151 74 intelle
