2017 3293
436 300 127 71 notitia
529 300 127 71 paritux
621 300 138 71 scilicet
725 300 58 71 a
748 300 173 71 cognoscente
886 300 58 71 &
909 300 138 71 cognito.
1013 300 115 71 ltaque
1094 300 138 71 menscum.
1198 300 138 71 scilicet
1301 300 81 71 per
1347 300 138 71 memoriam
1451 300 69 71 de
1486 300 150 71 praesenti
1601 300 127 71 seipsam
1693 300 150 71 cognoscit
1797 300 104 71 scilice

441 364 146 53 confuse:
551 364 98 53 sola
612 364 122 53 parens
697 364 85 53 est
746 364 146 53 notitiae
855 364 98 53 suae
916 364 146 53 scilicet
1026 364 195 53 discretiuae,
1185 364 98 53 quam
1246 364 134 53 generat
1343 364 73 53 in
1380 364 219 53 intelligentia.
1563 364 73 53 Et
1599 364 146 53 cognitum
1709 364 98 53 enim
1770 364 61 53 &
1782 364 122 53 cognitor

442 410 104 57 ipsa
507 410 104 57 est.
571 410 78 57 Et
610 410 168 57 intelligo
740 410 65 57 a
766 410 168 57 contrario
895 410 104 57 quod
960 410 91 57 cum
1011 410 116 57 aliud
1089 410 65 57 a
1115 410 78 57 se
1154 410 129 57 nouit:
1244 410 91 57 non
1296 410 104 57 sola
1361 410 129 57 parens
1451 410 91 57 est
1503 410 104 57 suae
1568 410 168 57 notitiae:
1697 410 91 57 sed
1749 410 65 57 &
1775 410 104 57 ipsa
1839 410 65 57 &
1852 410 65 57 co-

440 456 130 58 gnitum
531 456 130 58 illud.
623 456 78 58 Et
662 456 170 58 consimili
792 456 104 58 modo
857 456 157 58 vtrumque
975 456 143 58 notitia
1079 456 117 58 parta
1157 456 91 58 est
1210 456 157 58 scilicet
1327 456 65 58 &
1353 456 117 58 ipsum
1431 456 183 58 cognoscens
1575 456 65 58 &
1601 456 117 58 ipsum
1679 456 157 58 cognitum
1784 456 130 58 scilicet

440 507 165 57 distincte
567 507 153 57 secundum
682 507 153 57 rationem
796 507 203 57 definitiuam.
961 507 216 57 Intelligentia
1139 507 102 57 enim
1203 507 89 57 cum
1254 507 153 57 secundum
1368 507 153 57 rationem
1483 507 191 57 definitiuam
1635 507 140 57 seipsam
1737 507 165 57 cognoscit
1851 507 51 57 di

430 552 162 55 stincte:
551 552 108 55 sola
618 552 135 55 proles
712 552 94 55 est
766 552 162 55 notitiae
888 552 135 55 illius
982 552 81 55 de
1022 552 94 55 qua
1076 552 108 55 est.
1144 552 67 55 &
1170 552 162 55 cognitum
1292 552 108 55 enim
1359 552 67 55 &
1386 552 162 55 cognitor
1507 552 108 55 ipsa
1575 552 108 55 est.
1642 552 94 55 Sed
1696 552 94 55 cum
1750 552 108 55 mens
1804 552 94 55 nouit

440 595 122 51 aliud
522 595 68 51 a
549 595 95 51 se,
603 595 95 51 non
658 595 109 51 sola
726 595 136 51 parens
821 595 109 51 est:
889 595 95 51 sed
943 595 68 51 &
970 595 109 51 ipsa
1038 595 68 51 &
1065 595 122 51 illud
1147 595 163 51 cognitum
1269 595 136 51 simul:
1364 595 109 51 quia
1432 595 95 51 non
1487 595 163 51 cognitum
1609 595 68 51 &
1636 595 163 51 cognitor
1759 595 122 51 ipsa:
1840 595 95 51 sed

438 640 109 57 ipsa
507 640 109 57 sola
575 640 96 57 est
630 640 178 57 cognitor:
767 640 68 57 &
794 640 123 57 illud
876 640 123 57 aliud
958 640 96 57 est
1013 640 178 57 cognitum.
1150 640 178 57 Similiter
1286 640 233 57 intelligentia
1478 640 96 57 cum
1533 640 123 57 nouit
1615 640 123 57 aliud
1697 640 68 57 a
1724 640 96 57 se,
1779 640 96 57 non
1820 640 82 57 sola

448 687 105 53 ples
513 687 105 53 est:
579 687 92 53 sed
631 687 66 53 &
658 687 105 53 ipsa
723 687 66 53 &
749 687 118 53 illud
828 687 157 53 cognitum
946 687 118 53 simul
1025 687 144 53 propter
1130 687 131 53 eandem
1221 687 170 53 rationem.
1352 687 66 53 â‹
1379 687 92 53 Est
1431 687 118 53 autem
1510 687 210 53 aduertendum:
1680 687 105 53 quod
1746 687 79 53 in
1772 687 144 53 cognoscen

438 741 76 45 do
476 741 114 45 aliud
552 741 63 45 a
577 741 76 45 se
615 741 89 45 non
666 741 139 45 dicitur
767 741 152 45 cognitum
881 741 89 45 cum
931 741 114 45 mente
1007 741 101 45 esse
1071 741 126 45 parens
1159 741 152 45 notitiae
1273 741 101 45 suae
1336 741 152 45 scilicet
1450 741 202 45 declaratiuae
1614 741 76 45 in
1652 741 126 45 seipsa
1741 741 76 45 vt
1779 741 89 45 est
1816 741 89 45 obie-

432 784 106 55 ctum
498 784 159 55 quoddam:
617 784 93 55 sed
670 784 79 55 in
710 784 106 55 ipsa
776 784 146 55 notitia
882 784 159 55 simplici
1001 784 93 55 qua
1054 784 79 55 ab
1094 784 106 55 ipso
1160 784 172 55 informata
1293 784 93 55 est
1346 784 106 55 ipsa
1412 784 159 55 memoria.
1531 784 172 55 Similiter
1664 784 93 55 nec
1717 784 146 55 dicitur
1809 784 93 55 cogni

436 827 94 50 tum
489 827 94 50 cum
543 827 121 50 mente
624 827 107 50 esse
691 827 134 50 proles
785 827 81 50 in
825 827 148 50 seipso:
933 827 94 50 sed
986 827 81 50 in
1027 827 107 50 ipsa
1094 827 148 50 notitia
1201 827 201 50 declaratiua
1362 827 107 50 eius
1429 827 107 50 quae
1497 827 161 50 generata
1618 827 94 50 est
1671 827 81 50 de
1712 827 148 50 notitia
1806 827 107 50 simpli

446 874 121 47 vitae
526 874 80 47 vt
566 874 147 47 proprie
674 874 161 47 loquendo
794 874 161 47 obiectum
915 874 161 47 cognitum
1036 874 94 47 sub
1089 874 147 47 ratione
1196 874 147 47 obiecti
1304 874 94 47 non
1357 874 94 47 est
1411 874 80 47 de
1451 874 147 47 ratione
1558 874 161 47 parentis
1679 874 121 47 neque
1760 874 147 47 prolis:
1853 874 54 47 ni

432 918 81 56 si
472 918 81 56 in
512 918 108 56 ipsa
579 918 148 56 notitia
687 918 108 56 quae
754 918 81 56 de
795 918 108 56 ipso
862 918 108 56 est.
929 918 81 56 In
969 918 148 56 notitia
1077 918 108 56 enim
1144 918 161 56 simplici
1265 918 94 56 est
1319 918 81 56 de
1359 918 148 56 ratione
1467 918 175 56 parentis.
1601 918 81 56 In
1642 918 148 56 notitia
1749 918 108 56 vero
1803 918 94 56 decla

435 964 141 52 ratiua
534 964 99 52 est
590 964 85 52 de
633 964 155 52 ratione
746 964 155 52 prolis.
859 964 85 52 Et
901 964 99 52 sic
958 964 85 52 in
1000 964 212 52 cognoscendo
1170 964 127 52 aliud
1255 964 155 52 creatum
1368 964 71 52 a
1396 964 99 52 se,
1453 964 141 52 verbum
1552 964 141 52 minime
1651 964 155 52 simplex
1764 964 113 52 est:
1820 964 85 52 sim-

442 1009 155 54 plicius
554 1009 113 54 vero
625 1009 84 54 in
667 1009 211 54 cognoscendo
836 1009 169 54 seipsum:
962 1009 253 54 simplicissimum
1173 1009 113 54 vero
1244 1009 84 54 in
1286 1009 211 54 cognoscendo
1455 1009 127 54 deum:
1539 1009 113 54 quia
1610 1009 113 54 ipse
1680 1009 169 54 intimior
1792 1009 113 54 animae

435 1061 93 49 est
488 1061 106 49 quam
554 1061 106 49 ipsa
620 1061 119 49 sibi:
699 1061 66 49 &
726 1061 132 49 maxime
818 1061 172 49 inquantum
950 1061 106 49 ipse
1016 1061 93 49 est
1069 1061 159 49 obiectum
1188 1061 159 49 cognitum
1307 1061 66 49 &
1334 1061 106 49 ipsa
1400 1061 185 49 similite.r
1545 1061 79 49 Et
1585 1061 106 49 ideo
1651 1061 132 49 verbum
1743 1061 145 49 nostrum
1836 1061 66 49 cum

445 1102 114 59 mens
516 1102 128 59 nouit
601 1102 171 59 seipsam,
730 1102 128 59 magis
815 1102 214 59 assimilatur
986 1102 171 59 simplici
1114 1102 128 59 verbo
1200 1102 157 59 diuino,
1314 1102 114 59 quam
1385 1102 142 59 quando
1485 1102 185 59 cognoscit
1627 1102 128 59 aliud
1713 1102 71 59 a
1741 1102 85 59 se
1770 1102 128 59 creatum

436 1147 69 52 &
464 1147 138 52 maxime
561 1147 97 52 cum
616 1147 125 52 nouit
699 1147 125 52 deum.
782 1147 83 52 Et
824 1147 166 52 quamquam
949 1147 138 52 verbum
1045 1147 97 52 (vt
1101 1147 138 52 dictum
1198 1147 111 52 est)
1267 1147 222 52 comprehendat
1447 1147 125 52 actum
1530 1147 166 52 notitiae
1655 1147 111 52 quae
1724 1147 97 52 est
1766 1147 138 52 actualis

438 1193 210 61 intellectio
606 1193 84 61 in
648 1193 252 61 intelligentia,
859 1193 70 61 &
887 1193 126 61 ipsum
971 1193 182 61 obiectum:
1111 1193 224 61 propriissime
1293 1193 126 61 tamen
1377 1193 126 61 ratio
1461 1193 126 61 verbi
1546 1193 182 61 consistit
1686 1193 84 61 in
1728 1193 112 61 ipsa
1784 1193 126 61 notitia

444 1241 201 55 discretiua:
605 1241 81 55 vt
645 1241 215 55 comprehendit
820 1241 121 55 ipsum
900 1241 201 55 intellectum
1061 1241 107 55 siue
1128 1241 215 55 cognoscentem
1303 1241 94 55 cum
1357 1241 94 55 sua
1410 1241 148 55 notitia
1518 1241 121 55 eidem
1598 1241 188 55 inhaerente
1746 1241 81 55 de
1786 1241 107 55 ipso
1853 1241 81 55 in

442 1287 196 53 telligente
596 1287 84 53 vt
638 1287 84 53 de
680 1287 196 53 potentiali
835 1287 140 53 educto
933 1287 112 53 quod
1003 1287 112 53 erat
1073 1287 168 53 notitia,
1199 1287 70 53 &
1227 1287 140 53 verbum
1325 1287 84 53 in
1367 1287 182 53 potentia:
1507 1287 70 53 &
1535 1287 182 53 formabile
1676 1287 98 53 non
1732 1287 168 53 formatum
1844 1287 70 53 cum

452 1329 202 55 volubiliter
613 1329 188 55 inquirendo
761 1329 202 55 iactabatur.
922 1329 94 55 Sed
976 1329 107 55 tunc
1043 1329 121 55 primo
1123 1329 107 55 erat
1191 1329 134 55 verbum
1285 1329 81 55 in
1325 1329 121 55 actu,
1405 1329 94 55 cum
1459 1329 81 55 ab
1500 1329 81 55 ea
1540 1329 148 55 notitia
1647 1329 107 55 quae
1714 1329 94 55 est
1768 1329 81 55 in
1795 1329 121 55 memoria

439 1377 220 58 informabatur.
620 1377 207 58 Informabatur
789 1377 104 58 dico
853 1377 91 58 non
905 1377 91 58 tam
957 1377 78 58 ex
996 1377 78 58 eo
1035 1377 104 58 quod
1099 1377 104 58 ipsa
1164 1377 142 58 notitia
1268 1377 155 58 memoriae
1384 1377 155 58 notitiam
1501 1377 168 58 impressit
1630 1377 246 58 intelligentiae:
1837 1377 104 58 quam

438 1426 81 46 ex
479 1426 81 46 eo
520 1426 108 46 quod
587 1426 108 46 ipsa
655 1426 149 46 notitia
763 1426 244 46 intelligentiae
966 1426 189 46 terminatur
1115 1426 68 46 &
1142 1426 135 46 sistit
1237 1426 81 46 in
1277 1426 122 46 eodem
1358 1426 162 46 obiecto,
1480 1426 95 46 per
1534 1426 108 46 quod
1602 1426 149 46 notitia
1710 1426 162 46 memoriae
1818 1426 95 46 illam

433 1474 188 54 impressit.
580 1474 147 54 Propter
687 1474 107 54 quod
754 1474 67 54 &
781 1474 121 54 ipsum
862 1474 107 54 quod
929 1474 107 54 quid
996 1474 94 54 est
1049 1474 174 54 inquantum
1183 1474 94 54 dat
1237 1474 161 54 rationem
1357 1474 161 54 formalem
1478 1474 121 54 verbo
1559 1474 201 54 intellectui
1719 1474 201 54 inhaerenti,
1867 1474 40 54 &

439 1516 96 48 hoc
494 1516 96 48 non
549 1516 96 48 tam
604 1516 82 48 in
645 1516 192 48 exprimendo
797 1516 137 48 verbum
893 1516 110 48 quod
962 1516 96 48 est
1017 1516 110 48 ipsa
1085 1516 151 48 notitia
1195 1516 82 48 in
1236 1516 206 48 intellectu,
1401 1516 110 48 quam
1470 1516 82 48 in
1511 1516 192 48 terminando
1663 1516 124 48 ipsam
1745 1516 137 48 eandem
1841 1516 96 48 no-

440 1562 119 50 titiam
524 1562 72 50 vt
559 1562 84 50 est
607 1562 131 50 quoddam
703 1562 179 50 intelligere
846 1562 143 50 secundum
953 1562 119 50 actum:
1037 1562 107 50 etiam
1108 1562 107 50 ipsum
1180 1562 95 50 quod
1240 1562 95 50 quid
1299 1562 84 50 est
1347 1562 119 50 verbum
1431 1562 143 50 dicitur:
1538 1562 107 50 quia.
1610 1562 143 50 scilicet
1717 1562 107 50 actum
1777 1562 143 50 cognitiuum

432 1610 167 61 obiectum
557 1610 181 61 informat,
696 1610 97 61 non
752 1610 97 61 tam
807 1610 83 61 ea
849 1610 153 61 ratione
960 1610 97 61 qua
1016 1610 125 61 ipsum
1099 1610 167 61 terminat
1224 1610 111 61 quam
1294 1610 83 61 ea
1335 1610 153 61 ratione
1446 1610 97 61 qua
1502 1610 153 61 elicit.
1613 1610 222 61 Principalius
1794 1610 125 61 tamen
1863 1610 42 61 &

440 1657 222 48 essentialius
621 1657 153 48 dicitur
732 1657 139 48 verbum
829 1657 111 48 ipsa
899 1657 209 48 intellectio
1066 1657 209 48 intellectui
1233 1657 167 48 impressa
1358 1657 70 48 a
1386 1657 153 48 memoria
1497 1657 83 48 de
1539 1657 83 48 eo
1580 1657 111 48 quod
1650 1657 111 48 quid
1719 1657 97 48 est
1761 1657 139 48 informan

438 1701 81 49 te
479 1701 135 49 ipsam:
574 1701 81 49 vt
614 1701 122 49 tamen
695 1701 108 49 ipsa
763 1701 203 49 intellectio
925 1701 216 49 comprehendit
1101 1701 81 49 in
1141 1701 81 49 se
1182 1701 122 49 ipsum
1263 1701 216 49 intellectum.
1439 1701 81 49 Et
1479 1701 216 49 consimiliter
1655 1701 81 49 in
1695 1701 95 49 non
1736 1701 162 49 habentibus

434 1749 224 59 definitionem
616 1749 168 59 discreta
743 1749 168 59 cognitio
869 1749 84 59 in
911 1749 238 59 intelligentia
1107 1749 168 59 generata
1234 1749 70 59 a
1262 1749 196 59 cognitione
1416 1749 154 59 confusa
1528 1749 84 59 in
1570 1749 168 59 memoria,
1697 1749 154 59 proprie
1795 1749 112 59 verbum

437 1793 104 47 est.
502 1793 104 47 Vnde
567 1793 78 47 in
605 1793 130 47 beatis
696 1793 117 47 licet
774 1793 91 47 non
826 1793 91 47 sit
878 1793 130 47 verbum
968 1793 155 47 secundum
1085 1793 194 47 definitiuam
1240 1793 155 47 rationem
1357 1793 78 47 de
1396 1793 104 47 deo:
1461 1793 155 47 secundum
1577 1793 104 47 quod
1642 1793 117 47 alias
1707 1793 207 47 determinauimus

439 1837 80 57 in
479 1837 134 57 quadam
573 1837 188 57 quaestione
720 1837 80 57 de
760 1837 174 57 Quolibet:
894 1837 107 57 quia
961 1837 174 57 simplicia
1095 1837 121 57 illam
1176 1837 94 57 non
1229 1837 147 57 habent:
1337 1837 94 57 est
1390 1837 121 57 tamen
1471 1837 80 57 in
1511 1837 94 57 eis
1565 1837 80 57 de
1605 1837 94 57 deo
1658 1837 134 57 verbum
1739 1837 174 57 discretiuae

450 1886 225 46 cognitionis,
633 1886 127 46 natum
717 1886 84 46 de
759 1886 197 46 cognitione
914 1886 155 46 confusa
1026 1886 84 46 in
1069 1886 155 46 memoria
1181 1886 211 46 praecedente
1350 1886 98 46 vel
1406 1886 155 46 natura,
1518 1886 98 46 vel
1575 1886 197 46 duratione.
1715 1886 183 46 Naturaliter

443 1931 102 62 enim
507 1931 102 62 etsi
571 1931 89 62 non
622 1931 127 62 semper
711 1931 178 62 duratione,
851 1931 115 62 omnis
927 1931 153 62 creatura
1042 1931 229 62 intellectualis
1233 1931 115 62 prius
1309 1931 191 62 apprehendit
1462 1931 140 62 confuse
1564 1931 76 62 de
1602 1931 166 62 quocumque
1730 1931 102 62 quod
1793 1931 102 62 quid
1844 1931 64 62 sit

443 1977 96 63 quam
503 1977 96 63 quid
563 1977 96 63 quid
623 1977 84 63 sit
671 1977 192 63 determinate:
826 1977 108 63 licet
898 1977 180 63 cognoscendo
1042 1977 96 63 quod
1102 1977 132 63 aliquid
1197 1977 84 63 sit
1245 1977 144 63 confuse,
1353 1977 72 63 in
1389 1977 84 63 hoc
1437 1977 180 63 cognoscitur
1581 1977 96 63 quid
1641 1977 84 63 sit
1688 1977 144 63 confuse.
1796 1977 84 63 Per
1832 1977 72 63 quem

435 2028 119 62 modum
514 2028 159 62 superius
633 2028 251 62 determinauimus:
845 2028 93 62 nos
897 2028 79 62 de
937 2028 93 62 deo
990 2028 185 62 intellectu
1135 2028 119 62 posse
1215 2028 172 62 percipere
1347 2028 106 62 quid
1413 2028 93 62 sit
1466 2028 225 62 generalissima
1651 2028 198 62 cognitione.
1809 2028 79 62 In
1836 2028 66 62 con

429 2071 189 58 templatione
581 2071 101 58 enim
644 2071 151 58 profunda
757 2071 177 58 percipitur
896 2071 114 58 quasi
972 2071 214 58 transuolando,
1148 2071 88 58 sed
1199 2071 88 58 non
1249 2071 151 58 sistendo
1363 2071 76 58 in
1401 2071 114 58 illo,
1476 2071 189 58 quemadmodum
1628 2071 88 58 cum
1678 2071 139 58 aliquid
1779 2071 126 58 subito
1855 2071 63 58 im-

437 2114 145 57 mutando
542 2114 118 57 visum
621 2114 197 57 corporalem,
779 2114 184 57 percipimus
924 2114 92 57 nos
976 2114 145 57 aliquid
1081 2114 158 57 vidisse:
1200 2114 158 57 nescimus
1318 2114 118 57 tamen
1397 2114 184 57 determiate
1542 2114 105 57 quod
1607 2114 118 57 fuit.
1686 2114 118 57 Solus
1765 2114 118 57 autem
1831 2114 79 57 deus

450 2165 157 56 erfectam
568 2165 157 56 notitiam
685 2165 118 56 habet
764 2165 92 56 sui
816 2165 65 56 &
842 2165 144 56 aliorum
947 2165 131 56 absque
1038 2165 105 56 omni
1104 2165 183 56 cognitione
1247 2165 144 56 confusa
1352 2165 196 56 praecedente
1509 2165 131 56 natura
1600 2165 92 56 vel
1653 2165 183 56 duratione.
1783 2165 118 56 Propter

444 2212 91 58 quod
501 2212 68 58 in
535 2212 91 58 solo
592 2212 80 58 deo
637 2212 80 58 est
683 2212 114 58 verbum
763 2212 148 58 perfectum
877 2212 80 58 non
922 2212 148 58 formabile
1036 2212 103 58 prius
1104 2212 114 58 natura
1184 2212 80 58 vel
1230 2212 148 58 duratione
1344 2212 91 58 quam
1401 2212 148 58 formatum.
1515 2212 91 58 Vnde
1572 2212 171 58 Augustinus,
1708 2212 80 58 xv.
1754 2212 68 58 de
1777 2212 125 58 trinitate

446 2256 81 61 ca.
493 2256 92 61 xvi.
550 2256 138 61 exponens
654 2256 104 61 illud
723 2256 115 61 primae
804 2256 138 61 loannem.
907 2256 104 61 iiii.
976 2256 138 61 Similies
1080 2256 69 61 ei
1115 2256 115 61 erimus
1195 2256 92 61 quia
1253 2256 150 61 videbimus
1368 2256 81 61 eum
1414 2256 115 61 sicuti
1495 2256 92 61 est:
1552 2256 104 61 dicit
1622 2256 92 61 sic.
1679 2256 92 61 Tunc
1737 2256 115 61 quidem
1806 2256 92 61 verbum

445 2304 146 55 nostrum
551 2304 93 55 non
604 2304 106 55 erit
670 2304 146 55 falsum,
776 2304 106 55 quia
843 2304 93 55 non
896 2304 172 55 mentiemur
1028 2304 119 55 neque
1108 2304 172 55 fallemur:
1241 2304 119 55 tamen
1320 2304 93 55 cum
1373 2304 93 55 hoc
1426 2304 146 55 fuerit,
1533 2304 146 55 formata
1639 2304 106 55 erit
1705 2304 159 55 creatura
1824 2304 106 55 quae

436 2343 180 51 formabilis
578 2343 116 51 fuit:
655 2343 77 51 vt
694 2343 116 51 nihil
771 2343 90 51 iam
822 2343 116 51 desit
900 2343 103 51 eius
964 2343 129 51 formae
1054 2343 77 51 ad
1093 2343 103 51 quam
1157 2343 167 51 paruenire
1286 2343 155 51 deberet:
1402 2343 90 51 sed
1453 2343 116 51 tamen
1531 2343 180 51 coaequanda
1672 2343 90 51 non
1724 2343 103 51 erit
1788 2343 103 51 illi
1840 2343 64 51 sim

436 2392 191 53 plicitati:
587 2392 96 53 vbi
641 2392 96 53 non
696 2392 178 53 formabile
832 2392 150 53 aliquid
942 2392 96 53 vel
996 2392 191 53 reformatum
1147 2392 109 53 est:
1215 2392 96 53 sed
1270 2392 123 53 forma
1352 2392 123 53 neque
1434 2392 164 53 informis
1556 2392 123 53 neque
1638 2392 164 53 formata.
1761 2392 82 53 de
1802 2392 96 53 qua
1843 2392 55 53 di

434 2442 94 56 cit
487 2442 107 56 cap,
554 2442 94 56 xv.
608 2442 107 56 Quis
675 2442 94 56 non
728 2442 134 56 videat
822 2442 134 56 quanta
916 2442 94 56 hic
969 2442 94 56 sit
1023 2442 228 56 dissimilitudo
1210 2442 80 56 ab
1251 2442 107 56 illo
1318 2442 94 56 dei
1371 2442 121 56 verbo
1452 2442 107 56 quod
1519 2442 80 56 in
1559 2442 121 56 forma
1639 2442 94 56 dei
1693 2442 94 56 sic
1746 2442 107 56 est:
1813 2442 80 56 vt
1840 2442 67 56 non

429 2484 125 55 antea
512 2484 139 55 fuerit
610 2484 181 55 formabile
749 2484 111 55 quam
818 2484 181 55 formatum:
957 2484 97 55 nec
1013 2484 153 55 informe
1124 2484 111 55 esse
1193 2484 153 55 potest.
1305 2484 111 55 Vnde
1374 2484 83 55 in
1416 2484 97 55 deo
1471 2484 97 55 non
1527 2484 153 55 dicitur
1638 2484 139 55 verbum
1735 2484 153 55 notitia
1833 2484 69 55 de-

437 2533 186 47 claratiua:
583 2533 106 47 quia
650 2533 146 47 clarior
756 2533 67 47 &
783 2533 186 47 perfectior
929 2533 93 47 est
982 2533 106 47 illa
1049 2533 106 47 quae
1116 2533 93 47 est
1169 2533 160 47 memoriae
1289 2533 80 47 de
1329 2533 93 47 qua
1382 2533 173 47 formatur,
1515 2533 120 47 sicut
1595 2533 173 47 contingit
1728 2533 80 47 de
1768 2533 120 47 verbo
1834 2533 67 47 cre

431 2575 136 65 aturae
526 2575 258 65 intellectualis:
743 2575 95 65 sed
798 2575 109 65 quia
866 2575 136 65 tantum
960 2575 149 65 dicendo
1069 2575 68 65 &
1096 2575 109 65 modo
1164 2575 203 65 declaratiuo
1327 2575 109 65 siue
1395 2575 231 65 manifestatiuo
1584 2575 81 65 ex
1625 2575 95 65 hoc
1679 2575 176 65 procedit:
1801 2575 109 65 secun-

441 2620 90 50 dum
493 2620 103 50 quod
557 2620 77 50 de
596 2620 90 50 hoc
647 2620 155 50 inferius
763 2620 142 50 amplior
866 2620 103 50 erit
930 2620 129 50 sermo.
1021 2620 142 50 Praeter
1124 2620 129 50 dictam
1214 2620 116 50 autem
1291 2620 155 50 actionem
1407 2620 103 50 quam
1471 2620 116 50 habet
1548 2620 193 50 intellectus
1703 2620 77 50 vt
1742 2620 90 50 est
1780 2620 116 50 simpli-

423 2662 103 55 cium
488 2662 219 55 intelligentia
668 2662 116 55 circa
745 2662 193 55 incomplexa,
900 2662 116 55 habet
977 2662 155 55 actionem
1093 2662 77 55 vt
1132 2662 90 55 est
1183 2662 193 55 compositius
1338 2662 64 55 &
1364 2662 168 55 diuisiuus
1493 2662 193 55 simplicium:
1647 2662 103 55 quae
1712 2662 116 55 magis
1789 2662 90 55 est
1828 2662 64 55 eui

428 2715 99 66 dens
490 2715 62 66 &
514 2715 173 66 manifesta.
651 2715 87 66 Cum
700 2715 99 66 enim
762 2715 186 66 intellectus
911 2715 173 66 simplicium
1047 2715 211 66 intelligentia
1220 2715 161 66 concepeit
1344 2715 136 66 hominem
1443 2715 111 66 equum
1517 2715 111 66 album
1592 2715 124 66 nigrum
1678 2715 124 66 animal
1753 2715 136 66 rationale

426 2759 63 47 &
452 2759 163 47 huiusmodi
577 2759 113 47 alia,
653 2759 188 47 concipiendo
803 2759 100 47 ista
866 2759 163 47 simplicia
992 2759 88 47 non
1042 2759 113 47 solum
1117 2759 151 47 concipit
1230 2759 100 47 ista
1293 2759 163 47 absolute:
1419 2759 88 47 sed
1469 2759 113 47 etiam
1544 2759 100 47 vnum
1607 2759 151 47 concipit
1720 2759 75 47 in
1758 2759 126 47 ordine
1846 2759 75 47 ad

426 2802 163 67 alterum,
549 2802 81 67 ex
589 2802 203 67 conceptione
752 2802 190 67 simplicium
901 2802 122 67 simul
983 2802 203 67 cognoscendo
1145 2802 176 67 simplicem
1281 2802 203 67 habitudinem
1444 2802 122 67 vnius
1525 2802 81 67 ad
1566 2802 163 67 alterum:
1688 2802 81 67 vt
1729 2802 203 67 concipiendo
