2017 3147
156 285 188 55 respondet
300 285 116 55 suum
373 285 159 55 verbum:
488 285 217 55 proculdubio
662 285 116 55 tria
735 285 130 55 verba
821 285 130 55 erunt
908 285 87 55 in
952 285 174 55 diuinis.
1082 285 101 55 Aut
1140 285 87 55 si
1183 285 116 55 sunt
1256 285 116 55 vnus
1328 285 145 55 dicens
1415 285 188 55 nominaliter

147 329 68 52 &
175 329 230 52 essentialiter
364 329 122 52 (quod
445 329 149 52 videtur
553 329 203 52 intelligere
716 329 95 52 per
770 329 95 52 hoc
824 329 108 52 quid
892 329 135 52 subdit
986 329 149 52 dicens.
1094 329 122 52 Sicut
1176 329 108 52 ergo
1243 329 108 52 vnum
1311 329 95 52 est
1365 329 81 52 in
1406 329 122 52 ipsis
1487 329 108 52 quod
1541 329 54 52 di

155 374 112 48 cit,
225 374 70 48 &
253 374 112 48 vnum
323 374 112 48 quod
392 374 168 48 dicitur:
518 374 98 48 vna
574 374 140 48 quippe
672 374 181 48 sapientia
811 374 98 48 est
867 374 84 48 in
909 374 126 48 illis
993 374 112 48 quae
1062 374 140 48 dicit,
1160 374 70 48 &
1188 374 98 48 vna
1244 374 195 48 substantia
1398 374 98 48 qua
1453 374 168 48 dicitur)

146 418 115 51 tunc
217 418 101 51 non
275 418 172 51 sequitur
404 418 187 51 conclusio
548 418 115 51 quam
620 418 158 51 subdit.
735 418 216 51 Consequitur
907 418 101 51 non
965 418 101 51 ibi
1022 418 115 51 esse
1094 418 129 51 plura
1180 418 144 51 verba:
1281 418 101 51 sed
1338 418 115 51 vnum
1410 418 158 51 verbum.
1511 418 86 51 Quia

151 463 74 51 si
188 463 149 51 cuilibet
299 463 124 51 dicere
386 463 161 51 rninderet
510 463 99 51 suum
572 463 136 51 verbam:
671 463 87 51 cum
721 463 124 51 dicere
808 463 112 51 istud
882 463 174 51 essentiale
1019 463 87 51 est
1068 463 74 51 eo
1105 463 99 51 quod
1167 463 124 51 tribus
1254 463 161 51 convenit:
1378 463 99 51 quod
1440 463 87 51 est
1490 463 112 51 aliud
1552 463 37 51 a

154 508 130 51 dicere
245 508 181 51 personali:
387 508 143 51 habebit
491 508 104 51 ergo
556 508 130 51 verbum
647 508 181 51 essentiale
789 508 104 51 sibi
854 508 181 51 respondens
997 508 117 51 aliud
1074 508 65 51 a
1100 508 117 51 verbo
1178 508 181 51 personali.
1321 508 117 51 cuius
1399 508 181 51 contrarium
1528 508 52 51 su

144 555 89 49 pra
195 555 204 49 determinatum
361 555 102 49 est.
424 555 102 49 Quod
488 555 115 49 etiam
564 555 89 49 est
615 555 127 49 contra
704 555 191 49 intentionem
857 555 153 49 Anselmi:
971 555 102 49 quia
1035 555 153 49 intendit
1150 555 178 49 concludere
1290 555 102 49 quod
1353 555 89 49 non
1404 555 89 49 sit
1455 555 76 49 in
1480 555 115 49 diuinis

150 594 102 56 nisi
214 594 102 56 vnum
278 594 128 56 verbum
367 594 179 56 personale,
507 594 115 56 licet
584 594 102 56 tres
648 594 140 56 dicant,
749 594 102 56 quia
813 594 102 56 illi
877 594 102 56 tres
941 594 102 56 sunt
1005 594 102 56 vnus
1068 594 140 56 dicens.
1170 594 102 56 Vnde
1234 594 128 56 subdit
1323 594 140 56 dicens.
1425 594 115 56 Licet
1489 594 102 56 igitur

157 640 196 50 vnusquisque
314 640 144 50 seipsum
418 640 65 50 &
444 640 117 50 omnes
522 640 144 50 inuicem
627 640 78 50 se
666 640 144 50 dicunt:
770 640 196 50 impossibile
927 640 117 50 tamen
1005 640 91 50 est
1057 640 104 50 esse
1122 640 78 50 in
1161 640 117 50 summa
1240 640 144 50 deitate
1344 640 130 50 verbum
1435 640 117 50 aliud
1501 640 91 50 prae-

149 685 90 51 ter
201 685 116 51 illud
278 685 77 51 de
317 685 90 51 quo
368 685 90 51 sic
420 685 90 51 iam
471 685 142 51 constat
575 685 103 51 quod
639 685 155 51 nascitur
755 685 77 51 de
794 685 77 51 eo
832 685 116 51 cuius
910 685 90 51 est
961 685 142 51 verbum,
1064 685 77 51 vt
1103 685 64 51 &
1129 685 103 51 vera
1193 685 103 51 eius
1258 685 129 51 possit
1348 685 103 51 dici
1413 685 129 51 imago,
1503 685 64 51 &
1516 685 77 51 vere

152 730 105 46 eius
218 730 144 46 filius.
323 730 92 46 Sed
375 730 79 46 ex
414 730 92 46 hoc
467 730 118 46 nullo
546 730 105 46 modo
611 730 131 46 potest
703 730 197 46 concludere,
861 730 171 46 supposito
992 730 105 46 quod
1058 730 158 46 cuilibet
1176 730 131 46 dicere
1268 730 171 46 respondet
1399 730 105 46 suum
1465 730 144 46 verbum:
1557 730 39 46 a

155 776 85 53 quo
203 776 133 53 sumitur
300 776 109 53 ratio
373 776 97 53 quam
433 776 109 53 ponit
506 776 73 53 in
542 776 97 53 cap.
603 776 109 53 lxii.
675 776 61 53 &
700 776 85 53 cui
748 776 145 53 intendit
857 776 157 53 ramindere
978 776 73 53 in
1014 776 85 53 ca.
1063 776 121 53 lxiii.
1147 776 121 53 Rnedet
1232 776 97 53 enim
1293 776 182 53 interimendo
1438 776 109 53 illam
1510 776 97 53 quae

153 825 113 50 ponit
229 825 101 50 quod
292 825 76 50 in
330 825 138 50 diuinis
430 825 101 50 sunt
493 825 101 50 tres
556 825 151 50 dicentes
669 825 63 50 &
695 825 101 50 tres
757 825 88 50 qui
808 825 164 50 dicuntur,
934 825 101 50 quam
997 825 101 50 male
1059 825 176 50 interimit.
1198 825 101 50 Vnde
1261 825 113 50 licet
1336 825 164 50 huiusmodi
1462 825 113 50 falsa
1525 825 63 50 sup

158 864 156 51 positione
278 864 120 51 posita
362 864 96 51 bene
422 864 144 51 ramendet
530 864 96 51 illi
590 864 216 51 argumentationi
770 864 84 51 quo
818 864 132 51 arguit.
915 864 108 51 lxii.
987 864 84 51 ca.
1035 864 96 51 Tres
1095 864 156 51 dicentes,
1215 864 60 51 &
1239 864 96 51 tres
1299 864 84 51 qui
1347 864 156 51 dicuntur,
1467 864 96 51 ergo
1515 864 72 51 tria

158 910 128 55 verba,
248 910 90 55 non
299 910 115 55 tamen
376 910 154 55 ramendet
491 910 102 55 illi
555 910 243 55 argumentationi:
760 910 90 55 duo
812 910 102 55 sunt
876 910 141 55 dicere,
978 910 102 55 ergo
1042 910 90 55 duo
1093 910 102 55 sunt
1157 910 128 55 verba:
1247 910 64 55 &
1273 910 115 55 tamen
1350 910 167 55 vtrobique
1478 910 90 55 est
1516 910 77 55 con-

147 951 139 52 similis
248 951 177 52 efficacia.
387 951 101 52 Siue
450 951 101 52 enim
513 951 88 52 sit
564 951 101 52 vnus
627 951 139 52 dicens,
728 951 101 52 siue
791 951 139 52 plures,
892 951 101 52 siue
955 951 101 52 vnum
1018 951 126 52 dictum
1106 951 126 52 verbo,
1195 951 101 52 siue
1258 951 126 52 plura:
1346 951 76 52 si
1384 951 126 52 dicere
1472 951 88 52 est
1510 951 76 52 vnum

154 1004 82 48 non
201 1004 117 48 potest
283 1004 94 48 esse
342 1004 94 48 nisi
401 1004 94 48 vnum
459 1004 129 48 verbum:
553 1004 106 48 sicut
623 1004 70 48 si
659 1004 129 48 spirare
752 1004 82 48 est
799 1004 106 48 vnum,
870 1004 82 48 non
917 1004 117 48 potest
999 1004 94 48 esse
1057 1004 94 48 nisi
1116 1004 94 48 vnus
1175 1004 152 48 spiratus:
1292 1004 106 48 licet
1362 1004 94 48 sint
1421 1004 82 48 duo
1456 1004 141 48 spirantes.

156 1040 75 69 Et
194 1040 163 69 similiter
319 1040 75 69 si
357 1040 125 69 dicere
444 1040 125 69 essent
532 1040 125 69 plura,
619 1040 63 69 &
644 1040 150 69 cuilibet
757 1040 175 69 ramenderet
894 1040 138 69 verbum,
994 1040 175 69 necessario
1132 1040 113 69 plura
1207 1040 125 69 essent
1294 1040 125 69 verba.
1382 1040 113 69 Quare
1457 1040 113 69 autem
1519 1040 63 69 plu

149 1085 111 51 ribus
223 1085 124 51 dicere
309 1085 74 51 in
346 1085 136 51 diuinis
445 1085 87 51 non
495 1085 148 51 tamendet
606 1085 99 51 nisi
668 1085 99 51 vnum
730 1085 136 51 verbum,
829 1085 74 51 in
866 1085 111 51 parte
940 1085 124 51 tactum
1027 1085 87 51 est
1076 1085 111 51 supra
1150 1085 62 51 &
1175 1085 87 51 iam
1224 1085 136 51 amplius
1323 1085 148 51 dicetur.
1447 1085 136 51 Praeterea

161 1129 92 54 quod
218 1129 138 54 Anselmus
321 1129 126 54 assumit
413 1129 69 54 in
447 1129 80 54 suo
493 1129 115 54 dicto,
573 1129 80 54 vna
619 1129 103 54 sapia
688 1129 80 54 est
734 1129 92 54 quae
791 1129 103 54 dicit
860 1129 69 54 in
894 1129 126 54 tribus:
986 1129 80 54 non
1032 1129 80 54 est
1078 1129 103 54 verus
1147 1129 115 54 sermo,
1227 1129 69 54 si
1261 1129 126 54 proprie
1353 1129 149 54 loquatur:
1468 1129 92 54 quia
1514 1129 80 54 nulla

145 1175 119 47 actio
224 1175 119 47 neque
303 1175 198 47 essentialis
462 1175 119 47 neque
541 1175 185 47 personalis
686 1175 158 47 elicitur
805 1175 79 47 ab
845 1175 158 47 essentia
963 1175 92 47 vel
1016 1175 79 47 ab
1056 1175 132 47 aliquo
1148 1175 198 47 essentiali:
1307 1175 92 47 sed
1360 1175 172 47 solummodo
1492 1175 66 47 a
1505 1175 79 47 per-

145 1222 114 52 sona,
221 1222 114 52 licet
297 1222 152 52 essentia
412 1222 89 52 sit
462 1222 114 52 ratio
538 1222 165 52 eliciendi
665 1222 114 52 omnes
741 1222 152 52 actiones
855 1222 152 52 diuinas,
969 1222 152 52 secundum
1084 1222 101 52 quod
1147 1222 127 52 supra,
1236 1222 165 52 expositum
1362 1222 101 52 est.
1451 1222 76 52 Ad
1477 1222 101 52 primum

155 1263 73 48 in
191 1263 158 48 oppositum
313 1263 97 48 quod
373 1263 97 48 idem
434 1263 85 48 est
482 1263 121 48 dicere
567 1263 61 48 &
592 1263 158 48 generare:
713 1263 97 48 quia
773 1263 109 48 loqui
846 1263 85 48 dei
895 1263 146 48 secundum
1004 1263 109 48 Greg.
1077 1263 85 48 est
1125 1263 121 48 verbum
1210 1263 158 48 genuisse:
1331 1263 146 48 Dicendum
1441 1263 97 48 quod
1489 1263 85 48 verum

155 1310 90 52 est
206 1310 77 52 de
245 1310 128 52 dicere
335 1310 167 52 personali
463 1310 77 52 de
501 1310 90 52 quo
552 1310 154 52 loquitur
668 1310 115 52 Greg.
744 1310 192 52 Nihilominus
898 1310 115 52 tamen
975 1310 90 52 est
1026 1310 115 52 aliud
1103 1310 141 52 dicere:
1206 1310 192 52 essentiale,
1359 1310 102 52 quod
1423 1310 90 52 non
1475 1310 90 52 est
1513 1310 64 52 pe-

160 1358 101 48 nitus
227 1358 101 48 idem.
295 1358 101 48 Illud
362 1358 101 48 etiam
430 1358 113 48 dicere
509 1358 158 48 personale.
633 1358 135 48 secundum
734 1358 135 48 rationem
836 1358 124 48 differt
926 1358 56 48 a
948 1358 146 48 generare,
1061 1358 68 48 vt
1095 1358 101 48 patet
1162 1358 68 48 ex
1196 1358 169 48 praedictis.
1354 1358 101 48 Eodem
1421 1358 90 48 modo
1466 1358 113 48 dicendum

147 1403 76 56 ad
185 1403 151 56 secundum
298 1403 76 56 de
336 1403 126 56 glossa
424 1403 101 56 Gen.
487 1403 88 56 ii.
538 1403 126 56 Dixit,
626 1403 113 56 idest
701 1403 126 56 verbum
789 1403 138 56 genuit.
915 1403 76 56 Ad
953 1403 151 56 tertium,
1066 1403 76 56 si
1104 1403 126 56 dicere
1192 1403 113 56 esset
1267 1403 101 56 alid
1330 1403 63 56 a
1355 1403 164 56 generare,
1481 1403 88 56 cum
1519 1403 63 56 ips

158 1446 126 49 dicere
247 1446 151 49 ramindet
360 1446 138 49 verbum,
461 1446 113 49 aliud
536 1446 101 49 ergo
599 1446 113 49 esset
675 1446 126 49 verbum
763 1446 76 49 in
800 1446 138 49 diuinis
901 1446 101 49 quam
964 1446 126 49 verbum
1052 1446 164 49 personale
1178 1446 138 49 genitum
1279 1446 63 49 a
1304 1446 126 49 patre:
1392 1446 101 49 quod
1455 1446 88 49 non
1493 1446 88 49 esset

147 1488 99 47 nisi
208 1488 185 47 essentiale,
356 1488 99 47 quid
418 1488 111 47 supra
492 1488 160 47 negauimus
615 1488 99 47 poni
676 1488 74 47 in
713 1488 148 47 diuinis:
824 1488 148 47 Dicendum
935 1488 99 47 quod
997 1488 123 47 dicere
1083 1488 172 47 essentiale
1218 1488 148 47 secundum
1329 1488 172 47 praedictum
1465 1488 111 47 modum
1526 1488 62 47 est

151 1533 102 45 aliod
219 1533 57 45 a
242 1533 148 45 generare,
355 1533 57 45 &
378 1533 91 45 quod
435 1533 137 45 cuilibet
537 1533 114 45 dicere
617 1533 125 45 rmindet
708 1533 125 45 verbum.
799 1533 80 45 Sed
845 1533 80 45 hoc
890 1533 114 45 potest
970 1533 148 45 intelligi
1083 1533 182 45 dupliciterer
1231 1533 91 45 quia
1288 1533 91 45 omni
1345 1533 114 45 dicere
1425 1533 114 45 rnndet
1493 1533 91 45 verbum

144 1578 84 57 aut
192 1578 96 57 quod
252 1578 145 57 dicitur,
361 1578 84 57 aut
409 1578 84 57 quo
457 1578 96 57 siue
518 1578 72 57 in
554 1578 84 57 quo
602 1578 145 57 dicitur.
711 1578 109 57 Primo
783 1578 96 57 modo
843 1578 109 57 adhuc
916 1578 169 57 dupliciter
1048 1578 133 57 aliquid
1145 1578 96 57 enim
1205 1578 133 57 dicitur
1302 1578 84 57 aut
1350 1578 181 57 productiue:
1495 1578 84 57 aut
1543 1578 72 57 in

157 1618 154 53 dicatiue.
276 1618 107 53 Primo
347 1618 95 53 modo
406 1618 130 53 dicitur
500 1618 95 53 quod
560 1618 130 53 dicendo
654 1618 189 53 praoducitur.
808 1618 71 53 Et
844 1618 83 53 sic
891 1618 95 53 soli
950 1618 118 53 dicere
1033 1618 154 53 personali
1151 1618 118 53 rmidet
1234 1618 130 53 verbum.
1329 1618 107 53 Solus
1400 1618 95 53 enim
1459 1618 95 53 pitr
1506 1618 83 53 dicit

145 1664 138 62 verbam:
246 1664 101 62 quid
309 1664 151 62 sufficit
422 1664 76 62 in
460 1664 101 62 tota
523 1664 164 62 trinitate
649 1664 76 62 ad
687 1664 201 62 perficiendum
850 1664 189 62 essentialem
1001 1664 189 62 intellectum
1152 1664 76 62 in
1190 1664 151 62 singulis
1303 1664 164 62 personis,
1429 1664 76 62 vt
1467 1664 138 62 suprius
1555 1664 38 62 &

150 1710 82 50 in
191 1710 163 50 Quolibet
314 1710 136 50 quodam
409 1710 231 50 declarauimus.
600 1710 109 50 lpse
668 1710 109 50 enim
736 1710 122 50 solus
817 1710 150 50 dicendo
926 1710 136 50 verbum
1021 1710 177 50 producit.
1157 1710 122 50 cuius
1239 1710 218 50 productionem
1416 1710 163 50 supponit
1525 1710 68 50 di-

159 1755 96 46 cere
219 1755 179 46 essentiale.
362 1755 132 46 Secundo
458 1755 96 46 modo
518 1755 132 46 dicitur
614 1755 72 46 id
650 1755 96 46 quid
709 1755 132 46 dicendo
805 1755 203 46 essentialiter
973 1755 96 46 ipso
1033 1755 108 46 verbo
1104 1755 108 46 dicto
1176 1755 168 46 indicatur:
1308 1755 84 46 sic
1356 1755 108 46 omnis
1427 1755 120 46 natura
1499 1755 96 46 intel-

144 1801 166 45 lectualis
272 1801 115 45 beata
348 1801 115 45 dicit
425 1801 89 45 se,
476 1801 64 45 &
502 1801 115 45 omnes
578 1801 128 45 alios,
667 1801 64 45 &
693 1801 115 45 omnia
770 1801 115 45 alia,
846 1801 77 45 vt
884 1801 128 45 dictum
974 1801 89 45 est
1025 1801 128 45 supra.
1114 1801 64 45 &
1140 1801 102 45 tali
1203 1801 128 45 dicere
1293 1801 89 45 non
1344 1801 128 45 rmndet
1433 1801 128 45 verbum
1522 1801 102 45 quod

146 1845 165 53 dicitur,
270 1845 110 53 nisi
339 1845 193 53 appellando
490 1845 138 53 verbum
587 1845 193 53 largissime
738 1845 83 53 id
779 1845 110 53 quod
848 1845 179 53 indicatur
986 1845 124 53 verbo
1068 1845 110 53 siue
1137 1845 179 53 indicando
1275 1845 165 53 dicitur.
1399 1845 96 53 Sic
1454 1845 110 53 enim
1509 1845 96 53 lapis

159 1891 94 58 qui
212 1891 94 58 est
266 1891 80 58 in
306 1891 121 58 muro,
386 1891 134 58 verbum
480 1891 94 58 est
534 1891 107 58 eius
601 1891 94 58 qui
654 1891 147 58 indicat
761 1891 121 58 ipsum
842 1891 134 58 alteri
936 1891 121 58 verbo
1016 1891 94 58 suo
1070 1891 80 58 ad
1110 1891 188 58 indicandum
1257 1891 107 58 siue
1324 1891 228 58 significandum
1498 1891 94 58 illam

158 1935 90 55 rem
209 1935 167 55 imposito.
338 1935 102 55 Vnde
402 1935 102 55 isti
466 1935 128 55 dicere
555 1935 115 55 licet
632 1935 154 55 ramendet
747 1935 128 55 verbum
837 1935 102 55 quod
901 1935 141 55 dicitur
1004 1935 179 55 indicatiue
1145 1935 179 55 extendendo
1286 1935 115 55 nomen
1362 1935 128 55 verbi:
1452 1935 102 55 ipsi
1503 1935 90 55 tamen

158 1977 86 55 non
207 1977 134 55 ramndet
304 1977 122 55 verbum
390 1977 98 55 quod
451 1977 134 55 dicitur
549 1977 171 55 productiue
683 1977 110 55 quale
757 1977 171 55 quaerimus,
891 1977 98 55 quod
952 1977 134 55 proprie
1050 1977 86 55 est
1099 1977 134 55 verbum:
1197 1977 86 55 sed
1246 1977 122 55 verbum
1331 1977 98 55 quod
1392 1977 134 55 dicitur
1478 1977 122 55 producti

164 2023 74 55 ue
201 2023 124 55 dicere
288 2023 161 55 personali
411 2023 62 55 a
436 2023 99 55 solo
498 2023 124 55 patre,
585 2023 136 55 rmindet
684 2023 112 55 etiam
759 2023 99 55 isti
821 2023 124 55 dicere
907 2023 74 55 vt
944 2023 87 55 quo
994 2023 136 55 aliquid
1093 2023 174 55 indicatiue
1230 2023 149 55 dicitur.
1341 2023 99 55 Isto
1403 2023 99 55 enim
1465 2023 99 55 modo
1527 2023 87 55 di-

155 2064 112 61 cendi
229 2064 99 61 quod
291 2064 149 61 dicitur,
403 2064 112 61 verbo
477 2064 149 61 dicitur,
589 2064 74 61 vt
626 2064 136 61 habitum
725 2064 87 61 est
775 2064 124 61 supra.
861 2064 74 61 Et
899 2064 149 61 secundum
1010 2064 87 61 hoc
1060 2064 186 61 ramendendum
1209 2064 87 61 est
1258 2064 74 61 ad
1295 2064 236 61 interrogationes
1481 2064 112 61 Anselmi

161 2114 161 52 praedicto
285 2114 99 52 cap.
347 2114 112 52 lxii.
421 2114 87 52 Cum
471 2114 99 52 enim
533 2114 161 52 quaeritur
657 2114 124 52 primo,
743 2114 74 52 si
781 2114 87 52 ita
830 2114 87 52 est
880 2114 99 52 quod
942 2114 112 52 pater
1016 2114 62 52 &
1041 2114 124 52 filius
1128 2114 62 52 &
1153 2114 112 52 eorum
1227 2114 161 52 spiritus,
1351 2114 186 52 vnusquisque
1487 2114 112 52 seipsum

158 2160 71 51 &
186 2160 127 51 alios
271 2160 127 51 ambos
356 2160 141 51 dicit,
455 2160 113 51 quom
526 2160 99 51 non
582 2160 113 51 sunt
653 2160 85 51 in
695 2160 127 51 summa
780 2160 170 51 essentia
908 2160 99 51 tot
964 2160 127 51 verba
1049 2160 113 51 quot
1120 2160 113 51 sunt
1191 2160 184 51 dicentes:
1332 2160 71 51 &
1360 2160 113 51 quot
1431 2160 113 51 quid
1488 2160 113 51 dicun-

150 2195 109 63 tur:
219 2195 82 63 Et
260 2195 96 63 est
314 2195 164 63 dicendum
437 2195 109 63 quod
506 2195 82 63 eo
547 2195 96 63 non
601 2195 109 63 sunt
670 2195 96 63 tot
724 2195 123 63 verba
806 2195 109 63 quot
875 2195 164 63 dicentes
998 2195 68 63 &
1025 2195 109 63 quot
1093 2195 137 63 dicti,
1189 2195 109 63 quia
1257 2195 96 63 non
1312 2195 123 63 omnes
1394 2195 150 63 dicunt,
1503 2195 96 63 nec
1544 2195 55 63 di

157 2249 126 51 cuntur
246 2249 189 51 productiue:
397 2249 88 51 sed
447 2249 177 51 indicatiue
586 2249 139 51 tantum.
687 2249 88 51 Sed
737 2249 177 51 productiue
876 2249 113 51 solum
952 2249 101 51 vnus
1015 2249 126 51 dicit:
1103 2249 63 51 &
1128 2249 126 51 vnicus
1217 2249 113 51 solus
1292 2249 151 51 dicitur:
1406 2249 88 51 qui
1456 2249 113 51 solus
1519 2249 76 51 ver-

157 2289 95 55 bum
212 2289 95 55 est
266 2289 95 55 quo
320 2289 108 55 omns
388 2289 135 55 dicunt
482 2289 203 55 indicatiue.
645 2289 95 55 Nec
699 2289 122 55 valet
780 2289 95 55 (vt
835 2289 135 55 dictum
929 2289 108 55 est)
997 2289 176 55 responsio
1133 2289 95 55 qua
1187 2289 176 55 respondet
1322 2289 95 55 ca.
1376 2289 135 55 lxiii,
1471 2289 149 55 negando

159 2333 140 56 plures
257 2333 112 56 esse
328 2333 183 56 dicentes,
468 2333 70 56 &
496 2333 140 56 plures
594 2333 98 56 qui
651 2333 183 56 dicuntur.
791 2333 112 56 Haec
861 2333 112 56 enim
932 2333 211 56 simpliciter
1100 2333 197 56 concedenda
1255 2333 112 56 est.
1325 2333 84 56 Et
1367 2333 112 56 quod
1437 2333 140 56 arguit
1522 2333 70 56 con

161 2386 91 46 tra
213 2386 91 46 hoc
265 2386 91 46 per
318 2386 131 46 simile
409 2386 78 46 in
448 2386 183 46 hominibus,
592 2386 105 46 quod
657 2386 78 46 si
697 2386 78 46 in
736 2386 91 46 eis
788 2386 131 46 plures
879 2386 105 46 sunt
945 2386 170 46 dicentes,
1075 2386 91 46 aut
1128 2386 118 46 plura
1206 2386 105 46 quae
1271 2386 170 46 dicuntur,
1402 2386 118 46 plura
1480 2386 105 46 sunt
1533 2386 65 46 ver

157 2421 92 60 ba,
210 2421 145 60 subdens
315 2421 79 60 de
355 2421 198 60 pluralitate
513 2421 172 60 dicentium
645 2421 66 60 &
671 2421 145 60 vnitate
777 2421 132 60 dicti:
869 2421 79 60 Si
909 2421 106 60 enim
975 2421 132 60 plures
1067 2421 145 60 homines
1173 2421 106 60 vnum
1239 2421 145 60 aliquod
1344 2421 198 60 cogitatione
1489 2421 106 60 dicant

158 2467 98 56 tot
214 2467 169 56 videntur
341 2467 113 56 esse
411 2467 127 56 verba
496 2467 113 56 quot
566 2467 211 56 cogitantes,
735 2467 113 56 quia
805 2467 84 56 in
847 2467 197 56 singulorum
1002 2467 253 56 cogitationibus
1213 2467 141 56 verbum
1312 2467 113 56 eius
1382 2467 113 56 est:
1452 2467 169 56 Dicendum

154 2509 117 55 quod
227 2509 131 55 verum
315 2509 117 55 est,
388 2509 117 55 quia
461 2509 117 55 idem
534 2509 146 55 verbum
636 2509 146 55 numero
738 2509 161 55 creatum
855 2509 88 55 de
899 2509 117 55 illa
972 2509 88 55 re
1016 2509 102 55 non
1074 2509 146 55 potest
1177 2509 117 55 esse
1250 2509 88 55 in
1293 2509 204 55 singulorum
1439 2509 161 55 cordibus.

161 2554 101 53 Sed
218 2554 130 53 sicut
305 2554 130 53 corda
392 2554 116 53 sunt
464 2554 159 53 singula
580 2554 72 53 &
609 2554 174 53 diuersa,
740 2554 101 53 sic
797 2554 72 53 &
826 2554 130 53 verba
913 2554 159 53 singula
1029 2554 72 53 &
1058 2554 159 53 diuersa
1174 2554 159 53 oportet
1290 2554 116 53 esse
1362 2554 87 53 in
1405 2554 145 53 ipsis.
1507 2554 101 53 Sed
1550 2554 58 53 si

164 2606 108 50 vnum
231 2606 94 50 cor
285 2606 121 50 esset
366 2606 202 50 singulorum,
528 2606 67 50 &
554 2606 135 50 tantum
649 2606 108 50 vnum
716 2606 135 50 omnium
811 2606 135 50 eorum,
905 2606 108 50 quem
972 2606 148 50 admodum
1080 2606 108 50 vnus
1148 2606 202 50 intellectus
1309 2606 202 50 essentialis
1471 2606 94 50 est
1512 2606 94 50 singu

161 2641 115 59 latum
238 2641 167 59 diuinarum
366 2641 192 59 personarum,
520 2641 64 59 &
546 2641 128 59 tantum
635 2641 102 59 vnus
699 2641 141 59 omnium,
802 2641 90 59 non
853 2641 167 59 oporteret
981 2641 102 59 quod
1045 2641 128 59 essent
1135 2641 90 59 tot
1186 2641 115 59 verba
1263 2641 102 59 quot
1327 2641 167 59 dicentes,
1455 2641 102 59 immo
1506 2641 90 59 suffi

161 2686 114 56 ceret
237 2686 101 56 quod
300 2686 101 56 vnus
363 2686 114 56 eorum
439 2686 139 56 diceret
540 2686 126 56 vnicum
628 2686 126 56 verbum
717 2686 177 56 productiue
856 2686 101 56 quod
919 2686 114 56 esset
994 2686 164 56 productum
1121 2686 76 56 in
1159 2686 126 56 corde,
1247 2686 101 56 quod
1310 2686 88 56 est
1361 2686 215 56 essentialiter
1537 2686 101 56 sin-

163 2731 163 71 gulorum,
285 2731 95 71 quo
340 2731 122 71 omnes
421 2731 122 71 simul
502 2731 68 71 &
529 2731 149 71 singuli
637 2731 135 71 dicunt
732 2731 203 71 indicatiue,
895 2731 122 71 sicut
976 2731 108 71 modo
1044 2731 176 71 sufficit.
1179 2731 81 71 Et
1220 2731 108 71 ideo
1288 2731 81 71 in
1328 2731 149 71 diuinis
1423 2731 176 71 necessarium
