2017 3147
155 272 88 62 â‹
190 272 105 62 Ad
242 272 175 62 primum
365 272 105 62 in
417 272 228 62 oppositum
592 272 140 62 quod
680 272 263 62 intellectus
890 272 210 62 paternus
1047 272 228 62 perfectus
1222 272 123 62 est
1292 272 158 62 verbo
1397 272 210 62 generato
1537 272 70 62 in

152 315 115 71 ipso,
229 315 102 71 ergo
293 315 89 71 non
344 315 89 71 est
395 315 192 71 generatiuus
548 315 140 71 ipsius,
650 315 102 71 quia
714 315 102 71 tunc
778 315 102 71 idem
842 315 153 71 respectu
957 315 166 71 suiipsius
1084 315 115 71 esset
1161 315 77 71 in
1199 315 115 71 actum
1276 315 64 71 &
1302 315 77 71 in
1340 315 166 71 potentia,
1468 315 64 71 &
1493 315 128 71 seipso
1570 315 38 71 &

160 361 76 68 de
198 361 152 68 potentia
312 361 76 68 in
350 361 114 68 actu,
426 361 101 68 quod
489 361 88 68 est
540 361 202 68 impossibile:
704 361 152 68 Dicendum
818 361 101 68 quod
881 361 114 68 verum
957 361 114 68 esset
1033 361 76 68 si
1070 361 152 68 secundum
1184 361 126 68 eandem
1273 361 152 68 rationem
1386 361 101 68 vnus
1450 361 63 68 &
1475 361 101 68 idem
1526 361 88 68 esset

168 404 114 70 modo
239 404 85 70 in
282 404 171 70 potentia
410 404 71 70 &
438 404 114 70 modo
509 404 85 70 in
552 404 114 70 actu
623 404 171 70 secundum
751 404 228 70 generationem
936 404 142 70 verbi:
1036 404 100 70 hoc
1093 404 114 70 enim
1164 404 128 70 esset
1249 404 142 70 omnino
1349 404 228 70 impossibile.
1520 404 85 70 Nunc

169 457 127 53 autem
253 457 113 53 quia
324 457 211 53 intellectus
493 457 84 53 in
535 457 169 53 potentia
662 457 99 53 est
718 457 84 53 ad
760 457 225 53 generatiouem
943 457 127 53 verbi
1028 457 84 53 in
1070 457 113 53 ipso
1140 457 70 53 &
1169 457 84 53 de
1211 457 113 53 ipso
1281 457 84 53 vt
1323 457 127 53 purus
1408 457 99 53 est
1464 457 70 53 &
1492 457 141 53 nudus:

163 498 86 56 in
206 498 115 56 actu
277 498 115 56 vero
349 498 100 56 est
406 498 86 56 vt
449 498 100 56 iam
507 498 201 56 informatus
664 498 100 56 est
722 498 158 56 notitia
836 498 172 56 simplici
965 498 100 56 sub
1022 498 158 56 ratione
1137 498 186 56 memoriae,
1280 498 86 56 vt
1323 498 72 56 a
1352 498 100 56 quo
1409 498 172 56 procedit
1524 498 86 56 gene

171 542 113 58 randi
247 542 88 58 seu
297 542 139 58 dicendi
398 542 126 58 actio,
486 542 63 58 &
512 542 88 58 sic
562 542 88 58 non
612 542 151 58 secundum
726 542 126 58 eandem
814 542 151 58 rationem
928 542 88 58 est
978 542 76 58 in
1016 542 151 58 potentia
1129 542 63 58 &
1154 542 76 58 in
1192 542 113 58 actu,
1268 542 88 58 sed
1318 542 76 58 in
1356 542 151 58 potentia
1469 542 88 58 est
1520 542 76 58 vt
1545 542 63 58 con

162 585 160 62 uersus,
279 585 87 62 in
322 585 116 62 actu
395 585 87 62 vt
438 585 160 62 actiuus
555 585 87 62 in
598 585 203 62 conversum,
758 585 73 62 &
787 585 102 62 sic
845 585 102 62 non
903 585 87 62 vt
947 585 131 62 vnus,
1034 585 102 62 sed
1092 585 87 62 vt
1135 585 116 62 duo,
1208 585 116 62 immo
1281 585 87 62 vt
1324 585 116 62 duae
1397 585 131 62 vires
1469 585 131 62 eiusdem

159 636 156 58 potentiae
279 636 216 58 intellectiuae:
460 636 132 58 idcirco
556 636 120 58 igitur
640 636 120 58 nullum
724 636 84 58 est
772 636 192 58 inconveniens
929 636 96 58 quod
989 636 84 58 sic
1037 636 96 58 vnum
1097 636 72 58 vt
1133 636 96 58 duo,
1193 636 60 58 &
1217 636 144 58 secundum
1325 636 96 58 duas
1386 636 144 58 rationes
1482 636 120 58 respectu

164 687 174 45 suiipsius
297 687 94 45 sit
351 687 80 45 in
391 687 160 45 potentia
511 687 67 45 &
538 687 80 45 in
578 687 120 45 actu,
658 687 67 45 &
685 687 134 45 seipso
779 687 134 45 vadens
872 687 80 45 de
913 687 160 45 potentia
1033 687 80 45 in
1073 687 134 45 actum.
1167 687 94 45 Est
1220 687 134 45 igitur
1314 687 201 45 aduertendum
1474 687 107 45 quod
1541 687 94 45 in-

158 720 189 62 tellectus
304 720 174 62 paternus
434 720 261 62 quadrupliciter
652 720 247 62 consideratur.
855 720 102 62 Vno
914 720 116 62 modo
986 720 87 62 vt
1030 720 102 62 est
1088 720 131 62 purus
1175 720 73 62 &
1204 720 145 62 nudus,
1306 720 73 62 &
1335 720 102 62 sic
1393 720 102 62 est
1451 720 87 62 in
1480 720 116 62 poten-

158 773 97 49 tia
214 773 125 49 solum
297 773 83 49 ad
338 773 166 49 notitiam
463 773 83 49 in
504 773 111 49 ipso
573 773 69 49 &
601 773 83 49 de
643 773 111 49 ipso
712 773 208 49 generandam.
878 773 97 49 Sed
933 773 97 49 hoc
989 773 208 49 dupliciter.
1155 773 125 49 primo
1238 773 111 49 enim
1307 773 111 49 modo
1376 773 222 49 consideratur
1543 773 55 49 vt

163 810 97 63 est
219 810 83 63 in
260 810 166 63 potentia
385 810 83 63 ad
426 810 166 63 notitiam
551 810 180 63 simplicem
689 810 180 63 generatam
827 810 166 63 secundum
952 810 166 63 rationem
1076 810 83 63 in
1118 810 111 63 ipso
1187 810 69 63 a
1215 810 97 63 sua
1270 810 166 63 essentia
1394 810 83 63 vt
1436 810 97 63 sub
1477 810 125 63 ratione

161 853 111 62 veri
231 853 97 62 est
286 853 167 62 obiectum
411 853 180 62 cognitum.
550 853 153 62 Secundo
661 853 125 62 autem
744 853 111 62 modo
814 853 222 62 consideratur
994 853 83 62 vt
1036 853 97 62 est
1091 853 83 62 in
1133 853 167 62 potentia
1258 853 83 62 ad
1300 853 167 62 notitiam
1411 853 194 62 declaratiuam

165 899 176 70 generatam
301 899 162 70 secundum
422 899 95 70 rem
476 899 81 70 in
517 899 108 70 ipso
584 899 68 70 &
611 899 81 70 de
652 899 108 70 ipso
719 899 81 70 ab
760 899 122 70 eodem
841 899 81 70 vt
881 899 95 70 est
935 899 189 70 informatus
1084 899 149 70 notitia
1192 899 162 70 simplici
1313 899 149 70 habente
1421 899 162 70 rationem
1529 899 68 70 me-

157 943 158 61 moriae.
272 943 86 61 Et
315 943 115 61 iste
386 943 129 61 modus
473 943 230 61 considerandi
659 943 172 61 paternum
788 943 230 61 intellectum,
975 943 172 61 scilicet
1104 943 86 61 vt
1147 943 101 61 est
1205 943 201 61 informatus
1363 943 158 61 notitia
1463 943 144 61 simplici

153 997 179 54 secundum
288 997 224 54 praedictum,
467 997 105 54 est
527 997 164 54 tertius
646 997 135 54 modus
736 997 224 54 principalis
915 997 239 54 considerandi
1110 997 149 54 ipsum:
1214 997 105 54 qui
1274 997 179 54 secundum
1409 997 164 54 quartum
1528 997 105 54 mo-

163 1032 95 64 dum
218 1032 203 64 principalem
380 1032 217 64 consideratur
557 1032 81 64 vt
597 1032 176 64 perfectus
733 1032 95 64 est
787 1032 149 64 notitia
896 1032 203 64 declaratiua
1059 1032 108 64 siue
1126 1032 122 64 verbo
1208 1032 163 64 generato
1330 1032 81 64 de
1370 1032 81 64 se
1411 1032 136 64 actiue
1506 1032 81 64 vt
1533 1032 68 64 est

160 1087 217 53 intellectus
333 1087 202 53 informatus
492 1087 159 53 notitia
607 1087 188 53 simplici:
752 1087 72 53 &
781 1087 87 53 de
824 1087 87 53 se
867 1087 130 53 quasi
954 1087 159 53 passiue
1070 1087 87 53 vt
1113 1087 101 53 est
1171 1087 217 53 intellectus
1344 1087 130 53 nudus
1431 1087 72 53 &
1460 1087 144 53 purus.
1546 1087 58 53 Et

153 1122 98 66 per
209 1122 98 66 hoc
265 1122 169 66 paternus
392 1122 211 66 intellectus
561 1122 169 66 secundum
688 1122 113 66 quod
758 1122 98 66 est
814 1122 183 66 perfectus
955 1122 155 66 notitia
1067 1122 225 66 declaratiua,
1250 1122 127 66 summe
1335 1122 183 66 perfectus
1475 1122 113 66 est:
1532 1122 70 66 non

162 1166 81 58 sic
209 1166 104 58 autem
278 1166 139 58 secundum
382 1166 92 58 quod
440 1166 81 58 est
486 1166 162 58 informatus
613 1166 58 58 &
636 1166 150 58 perfectus
751 1166 115 58 tantum
832 1166 127 58 notitia
925 1166 150 58 simplici.
1040 1166 92 58 Vnde
1098 1166 58 58 &
1121 1166 139 58 secundum
1225 1166 104 58 illam
1294 1166 139 58 rationem
1398 1166 185 58 perfectionis
1537 1166 69 58 quam

168 1212 124 65 habet
251 1212 69 65 a
278 1212 151 65 notitia
388 1212 220 65 declaratiua,
567 1212 96 65 non
622 1212 96 65 est
677 1212 110 65 eius
746 1212 179 65 generare:
884 1212 124 65 sicut
966 1212 124 65 neque
1049 1212 179 65 creaturis
1186 1212 179 65 perfectis
1324 1212 220 65 simpliciter,
1489 1212 110 65 cuius-

167 1253 108 64 modi
234 1253 108 64 sunt
301 1253 135 64 angeli
396 1253 67 64 &
423 1253 148 64 corpora
531 1253 189 64 caelestia,
679 1253 162 64 conpetit
800 1253 175 64 generare.
935 1253 162 64 Secundum
1056 1253 121 64 illam
1137 1253 108 64 vero
1205 1253 162 64 rationem
1326 1253 216 64 perfectionis
1501 1253 108 64 quam
1555 1253 54 64 ha

163 1306 95 57 bet
218 1306 68 57 a
245 1306 149 57 notitia
353 1306 176 57 simplici,
488 1306 162 57 conpetit
609 1306 81 57 ei
650 1306 176 57 generare:
785 1306 68 57 &
812 1306 95 57 hoc
866 1306 108 57 quia
934 1306 149 57 notitia
1042 1306 149 57 simplex
1150 1306 95 57 non
1204 1306 176 57 omnimodam
1339 1306 162 57 rationem
1447 1306 162 57 perfectio-

163 1347 92 68 nis
216 1347 171 68 importat:
347 1347 119 68 quod,
427 1347 158 68 proprium
545 1347 185 68 generanti.
690 1347 105 68 Vnde
756 1347 66 68 &
783 1347 79 68 in
822 1347 171 68 creaturis
954 1347 92 68 non
1007 1347 158 68 conpetit
1125 1347 171 68 aliquibus
1257 1347 158 68 generare
1376 1347 105 68 nisi
1442 1347 145 68 propter
1534 1347 66 68 ali

161 1390 98 67 quam
222 1390 148 67 rationem
333 1390 222 67 imperfectionis
518 1390 86 67 eis
567 1390 148 67 annexam.
678 1390 148 67 secundum
789 1390 98 67 quod
850 1390 111 67 alibi
924 1390 135 67 plenius
1022 1390 172 67 declaraui.
1158 1390 62 67 â‹
1182 1390 74 67 Ad
1219 1390 148 67 secundum
1330 1390 98 67 quod
1392 1390 148 67 generare
1503 1390 86 67 est
1539 1390 62 67 age

161 1434 98 63 re:
217 1434 211 63 intellectus
386 1434 126 63 autem
470 1434 98 63 est
526 1434 140 63 virtus
624 1434 168 63 passiua.
751 1434 98 63 &c.
807 1434 140 63 Medium
905 1434 98 63 hoc
961 1434 140 63 tactum
1059 1434 98 63 est
1116 1434 84 63 in
1158 1434 183 63 argumento
1298 1434 140 63 quodam
1396 1434 211 63 quaestionis
1551 1434 56 63 se

166 1491 138 54 cundae
263 1491 235 54 praecedentis:
456 1491 69 54 &
484 1491 83 54 ad
525 1491 124 54 ipsum
608 1491 179 54 diffusius
746 1491 83 54 in
787 1491 124 54 magno
870 1491 166 54 digressu
995 1491 179 54 responsum
1133 1491 97 54 est
1188 1491 152 54 ibidem.
1298 1491 110 54 Vnde
1367 1491 83 54 ad
1395 1491 207 54 dissolutionem

161 1535 135 59 huius
251 1535 195 59 argumenti
401 1535 75 59 &
431 1535 255 59 necessariorum
641 1535 90 59 ad
686 1535 120 59 eius
761 1535 270 59 declarationem,
987 1535 90 59 ad
1032 1535 135 59 dicta
1122 1535 120 59 illa
1182 1535 195 59 recurratur.

395 1575 153 76 Arti.
497 1575 102 76 Ll
548 1575 102 76 X.
599 1575 102 76 De
650 1575 307 76 proprietatibus
906 1575 273 76 peculiaribus
1127 1575 204 76 personae
1264 1575 136 76 filii.

556 1623 198 91 Equitur
700 1623 108 91 de
754 1623 323 91 proprietatibus
1023 1623 144 91 quae
1113 1623 198 91 proprie
1257 1623 90 91 &
1293 1623 269 91 specialiter
1490 1623 108 91 per-

575 1688 126 61 inent
659 1688 84 61 ad
701 1688 168 61 personam
827 1688 140 61 filii.
925 1688 98 61 vbi
982 1688 196 61 occurrunt.
1136 1688 98 61 vi.
1192 1688 196 61 dubitanda.

574 1731 154 63 Quorum
681 1731 154 63 primum
789 1731 123 63 est:
866 1731 138 63 vtrum
958 1731 185 63 generari
1097 1731 108 63 sit
1158 1731 215 63 proprietas
1312 1731 123 63 filii.

568 1757 201 81 Secundum:
722 1757 139 81 vtrum
814 1757 185 81 potentia
953 1757 201 81 generandi
1107 1757 170 81 passiue
1231 1757 108 81 sit
1293 1757 216 81 proprietas
1447 1757 154 81 existens

575 1828 65 52 in
597 1828 86 52 filio.

576 1842 173 97 Tertium:
705 1842 130 97 vtrum
792 1842 173 97 generari
922 1842 101 97 sit
980 1842 202 97 proprietas
1138 1842 231 97 constitutiua
1326 1842 173 97 personae
1442 1842 115 97 filii.

582 1921 157 54 uartum:
696 1921 129 54 vtrum
782 1921 86 54 in
824 1921 129 54 filio
910 1921 100 54 sit
967 1921 143 54 aliqua
1067 1921 114 54 alia
1139 1921 200 54 proprietas
1296 1921 71 54 a
1310 1921 157 54 generari.

584 1971 164 56 uintum:
703 1971 134 56 vtrum
793 1971 149 56 filius
898 1971 90 56 ex
942 1971 90 56 eo
987 1971 119 56 quod
1062 1971 104 56 est
1121 1971 149 56 verbum
1226 1971 134 56 habet
1315 1971 194 56 respectum
1465 1971 90 56 ad
1510 1971 134 56 solum

558 2014 157 52 atrem.

575 2025 162 91 bextum:
693 2025 133 91 vtrum
781 2025 147 91 filius
884 2025 103 91 sit
943 2025 147 91 verbum
1046 2025 191 91 practicum
1194 2025 88 91 an
1223 2025 221 91 speculatiuum.

484 2050 72 68 quam

457 2102 89 57 rca
508 2102 127 57 primum
597 2102 152 57 arguitur
711 2102 102 57 quod
775 2102 152 57 generari
889 2102 89 57 non
940 2102 89 57 sit
991 2102 178 57 proprietas
1130 2102 127 57 filii,
1219 2102 114 57 Primo
1296 2102 102 57 sic.
1359 2102 76 57 si
1397 2102 102 57 vnum
1448 2102 165 57 oppositorum

445 2150 80 56 est
490 2150 125 56 aliquod
581 2150 171 56 nobilitatis
718 2150 182 56 simpliciter,
867 2150 137 56 reliquum
969 2150 80 56 non
1015 2150 80 56 est
1061 2150 125 56 aliquid
1152 2150 171 56 nobilitatis
1289 2150 171 56 simpliciter
1426 2150 91 56 quia
1483 2150 68 56 in
1505 2150 103 56 omnibus

465 2201 136 52 ppositis
567 2201 113 52 semper
646 2201 79 52 est
691 2201 125 52 alterum
782 2201 102 52 eorum
850 2201 147 52 nobilius,
964 2201 136 52 secundum
1066 2201 181 52 philosophum.
1213 2201 68 52 x.
1247 2201 102 52 Meta.
1315 2201 79 52 cum
1361 2201 91 52 ergo
1417 2201 136 52 generari
1519 2201 91 52 fiue
1565 2201 45 52 ge

447 2238 120 57 nitum
527 2238 107 57 esse
594 2238 67 57 &
620 2238 94 57 non
674 2238 160 57 generari
794 2238 107 57 siue
861 2238 174 57 ingenitum
995 2238 107 57 esse
1062 2238 107 57 sint
1129 2238 174 57 opposita:
1262 2238 67 57 &
1289 2238 94 57 non
1343 2238 160 57 generari
1463 2238 107 57 siue
1516 2238 94 57 inge-

444 2283 120 55 nitum
523 2283 106 55 esse
590 2283 93 55 est
643 2283 199 55 nobilitatis
803 2283 213 55 simpliciter:
976 2283 66 55 &
1002 2283 106 55 ideo
1069 2283 186 55 proprietas
1215 2283 146 55 patris,
1321 2283 80 55 vt
1361 2283 146 55 habitum
1468 2283 93 55 est
1508 2283 106 55 supra:

435 2330 126 51 genari
524 2330 101 51 siue
587 2330 139 51 genitum
688 2330 101 51 esse
751 2330 88 51 non
802 2330 126 51 potest
890 2330 101 51 esse
953 2330 139 51 aliquod
1054 2330 189 51 nobilitatis
1206 2330 202 51 simpliciter.
1370 2330 88 51 Sed
1421 2330 114 51 nihil
1496 2330 88 51 est
1534 2330 76 51 pro-

163 2386 141 49 prietas
266 2386 102 49 siue
330 2386 115 49 notio
406 2386 154 49 alicuius
522 2386 154 49 personae
637 2386 102 49 nisi
701 2386 90 49 sit
752 2386 141 49 aliquid
854 2386 102 49 quid
918 2386 90 49 est
969 2386 192 49 nobilitatis
1123 2386 205 49 simpliciter:
1289 2386 77 49 vt
1328 2386 141 49 habitum
1430 2386 90 49 est
1481 2386 128 49 supra.
1558 2386 64 49 er-

162 2418 80 60 go
202 2418 94 60 &c.
255 2418 67 60 â‹
282 2418 147 60 Secundo
389 2418 107 60 sic.
456 2418 174 60 productio
589 2418 147 60 similis
696 2418 80 60 in
736 2418 134 60 natura
830 2418 94 60 est
883 2418 187 60 generatio.
1030 2418 160 60 spiritus
1151 2418 134 60 sancti
1244 2418 174 60 productio
1378 2418 94 60 est
1431 2418 174 60 productio
1552 2418 53 60 si

167 2462 121 54 milis
247 2462 80 54 in
287 2462 147 54 natura.
394 2462 94 54 Est
448 2462 107 54 enim
515 2462 161 54 spiritus
635 2462 147 54 sanctus
742 2462 147 54 similis
850 2462 80 54 in
890 2462 134 54 natura
984 2462 121 54 patri
1064 2462 67 54 &
1091 2462 134 54 filio,
1184 2462 121 54 sicut
1265 2462 134 54 filius
1359 2462 94 54 est
1412 2462 147 54 similis
1506 2462 107 54 patri.

156 2505 155 51 spiritus
273 2505 129 51 sancti
363 2505 104 51 ergo
428 2505 168 51 productio
557 2505 91 51 est
609 2505 181 51 generatio.
752 2505 155 51 spiritus
868 2505 142 51 sanctus
972 2505 104 51 ergo
1036 2505 181 51 generatur.
1179 2505 91 51 sed
1231 2505 104 51 quod
1295 2505 129 51 alteri
1386 2505 155 51 personae
1490 2505 129 51 convenit

160 2552 96 58 non
215 2552 96 58 est
270 2552 193 58 proptietas
422 2552 138 58 vnius.
518 2552 110 58 ergo
587 2552 96 58 &c.
642 2552 69 58 â‹
669 2552 151 58 Contra.
780 2552 165 58 relatiue
903 2552 206 58 oppositorum
1069 2552 83 58 in
1110 2552 151 58 diuinis
1220 2552 124 58 inter
1302 2552 110 58 duas
1371 2552 124 58 solas
1454 2552 165 58 personas
1564 2552 55 58 si

156 2596 105 57 vnum
221 2596 118 57 eorum
300 2596 92 57 est
352 2596 183 57 proprietas
496 2596 118 57 vnius
574 2596 170 57 personae,
705 2596 144 57 alterum
810 2596 92 57 est
862 2596 183 57 proprietas
1006 2596 170 57 alterius.
1136 2596 157 57 generare
1254 2596 65 57 &
1280 2596 157 57 generari
1398 2596 157 57 relatiue
1502 2596 118 57 opponum

170 2642 102 49 tur
229 2642 131 49 inter
316 2642 131 49 solum
404 2642 146 49 patrem
506 2642 73 49 &
535 2642 161 49 filium:
652 2642 117 49 quia
725 2642 131 49 solus
813 2642 131 49 pater
901 2642 161 49 generat
1017 2642 73 49 &
1047 2642 131 49 solus
1134 2642 146 49 filius
1236 2642 204 49 generatur,
1397 2642 88 49 vt
1441 2642 161 49 habitum
1543 2642 73 49 est

164 2683 123 73 supra:
250 2683 61 73 &
274 2683 86 73 iam
323 2683 110 73 infra
397 2683 135 73 amplius
495 2683 147 73 patebit,
605 2683 110 73 quare
678 2683 86 73 cum
727 2683 147 73 generare
838 2683 86 73 sit
887 2683 172 73 proprietas
1021 2683 110 73 pris:
1095 2683 196 73 consimiliter
1254 2683 147 73 generari
1364 2683 86 73 est
1413 2683 172 73 proprietas
1536 2683 98 73 filii.
