2017 3200
95 255 122 71 raret
177 255 136 71 primo,
272 255 95 71 sed
327 255 122 71 primo
408 255 163 71 crearet:
531 255 95 71 non
585 255 82 71 ab
626 255 109 71 alio
694 255 136 71 habere
789 255 122 71 esse,
871 255 122 71 esset
953 255 122 71 notio
1034 255 82 71 in
1075 255 109 71 illa
1143 255 177 71 inquantum
1279 255 163 71 fundatur
1402 255 82 71 in
1443 255 82 71 eo
1484 255 109 71 quod
1538 255 68 71 est

101 318 74 55 a
131 318 103 55 quo
190 318 132 55 alius
278 318 147 55 primo.
381 318 88 55 Et
425 318 103 55 hoc
484 318 118 55 modo
557 318 235 55 intelligitur
749 318 147 55 dictum
852 318 191 55 Augustini
999 318 88 55 de
1043 318 132 55 prima
1131 318 162 55 persona
1249 318 118 55 quae
1322 318 103 55 non
1381 318 103 55 est
1440 318 88 55 ab
1484 318 118 55 alia
1543 318 59 55 in

107 364 161 52 diuinis:
228 364 108 52 quod
295 364 81 52 si
335 364 94 52 non
389 364 188 52 generaret,
537 364 121 52 nihil
618 364 121 52 minus
698 364 121 52 esset
779 364 175 52 ingenita:
914 364 94 52 dum
967 364 121 52 tamen
1048 364 121 52 primo
1129 364 161 52 spiraret
1250 364 67 52 &
1277 364 148 52 secundo
1384 364 175 52 generaret
1519 364 67 52 &
1532 364 81 52 ter-

101 403 102 61 tio
160 403 175 61 crearet,
291 403 102 61 aut
350 403 132 61 primo
438 403 161 61 crearet
555 403 73 61 &
584 403 102 61 nec
642 403 190 61 generaret
788 403 102 61 nec
847 403 190 61 spiraret.
993 403 175 61 secundum
1125 403 117 61 quod
1198 403 146 61 Pagani
1300 403 146 61 ponunt
1402 403 117 61 vnam
1461 403 146 61 personam

98 455 182 56 absolutam
238 455 182 56 ingenitam
377 455 84 56 in
419 455 168 56 diuinis,
545 455 112 56 quae
615 455 126 56 primo
699 455 140 56 creat,
797 455 70 56 &
825 455 140 56 deinde
922 455 154 56 virtute
1034 455 154 56 accepta
1146 455 84 56 ab
1188 455 112 56 ipsa
1258 455 168 56 vlterius
1383 455 112 56 ipsa
1453 455 140 56 creata
1537 455 70 56 ge-

110 505 142 57 nerant.
214 505 104 57 Vnde
278 505 91 57 non
330 505 78 57 ab
369 505 104 57 alio
434 505 116 57 esse,
511 505 104 57 quod
576 505 181 57 importatur
718 505 129 57 nomine
809 505 155 57 igeniti,
925 505 91 57 non
977 505 142 57 proprie
1080 505 155 57 supponit
1197 505 155 57 generare
1313 505 116 57 sicut
1391 505 91 57 nec
1443 505 142 57 spirare
1533 505 65 57 aut

99 548 151 53 creare:
209 548 96 53 nec
264 548 165 53 fundatur
388 548 83 53 in
429 548 124 53 ipso:
512 548 96 53 sed
567 548 83 53 in
608 548 138 53 aliquo
705 548 206 53 communiori:
870 548 110 53 quod
939 548 165 53 praecise
1062 548 96 53 non
1117 548 165 53 supponit
1241 548 110 53 nisi
1310 548 179 53 producere
1448 548 124 53 primo
1516 548 83 53 sim-

98 592 171 54 pliciter,
229 592 66 54 &
256 592 79 54 in
295 592 105 54 illo
361 592 171 54 fundatur,
492 592 105 54 siue
558 592 118 54 ipsum
637 592 171 54 producere
768 592 118 54 primo
847 592 118 54 esset
926 592 158 54 generare
1044 592 105 54 siue
1110 592 145 54 spirare
1215 592 105 54 siue
1281 592 145 54 creare.
1386 592 105 54 Quia
1451 592 105 54 etsi
1517 592 79 54 ex
1543 592 53 54 na

102 637 112 48 tura
172 637 98 48 rei
228 637 84 48 in
271 637 155 48 diuinis
383 637 141 48 primum
481 637 183 48 producere
622 637 197 48 necessario
777 637 70 48 &
805 637 211 48 naturaliter
973 637 98 48 non
1030 637 98 48 est
1086 637 112 48 nisi
1156 637 183 48 generare:
1297 637 70 48 &
1325 637 84 48 ad
1367 637 98 48 hoc
1423 637 197 48 aspiciendo

100 681 126 50 supra
184 681 168 50 loquendo
310 681 84 50 de
352 681 182 50 ingenito,
492 681 252 50 determinauimus
702 681 112 50 quod
772 681 168 50 supponit
899 681 182 50 generare:
1039 681 70 50 &
1067 681 84 50 in
1109 681 196 50 quaestione
1263 681 210 50 praecedente
1431 681 112 50 quod
1487 681 112 50 suppo-

88 724 92 55 nit
141 724 198 55 generatiuum
299 724 159 55 secundum
418 724 159 55 rationem
537 724 198 55 generatiui:
696 724 92 55 cum
748 724 119 55 tamen
828 724 172 55 ingenitum
960 724 92 55 non
1013 724 159 55 supponit
1132 724 119 55 ipsum
1211 724 172 55 producere
1343 724 119 55 primo
1422 724 145 55 ratione
1528 724 92 55 qua

101 770 114 58 ipsum
177 770 89 58 est
228 770 152 58 generare
342 770 89 58 aut
393 770 203 58 generatiuum,
557 770 89 58 sed
608 770 165 58 solummodo
735 770 139 58 ratione
836 770 89 58 qua
887 770 114 58 ipsum
963 770 89 58 est
1013 770 165 58 producere
1140 770 114 58 primo
1216 770 203 58 simpliciter:
1381 770 101 58 quia
1444 770 101 58 etsi
1507 770 89 58 per
1545 770 51 58 im

99 824 165 52 possibile
226 824 165 52 producere
353 824 114 52 primo
429 824 89 52 non
480 824 114 52 esset
556 824 165 52 generare:
683 824 89 52 non
734 824 102 52 esse
797 824 114 52 tamen
874 824 76 52 ab
912 824 114 52 alio,
988 824 178 52 importatum
1127 824 127 52 nomine
1216 824 178 52 ingenitum,
1356 824 114 52 esset
1432 824 127 52 notio,
1521 824 76 52 vt
1546 824 51 52 di

101 860 107 56 ctum
168 860 107 56 est:
235 860 147 56 Propter
342 860 94 56 hoc
395 860 174 56 ingenitum
529 860 147 56 dicitur
637 860 107 56 esse
704 860 121 56 notio
784 860 161 56 negatiua
905 860 147 56 ratione
1012 860 188 56 primitatis
1159 860 201 56 simpliciter
1320 860 107 56 quam
1387 860 161 56 supponit
1508 860 67 56 &
1534 860 80 56 in

96 904 89 62 qua
147 904 165 62 fundatur:
274 904 89 62 cum
325 904 114 62 tamen
401 904 102 62 ipsa
464 904 152 62 primitas
579 904 89 62 non
629 904 89 62 sit
680 904 114 62 notio
756 904 102 62 nisi
820 904 165 62 inquantum
947 904 140 62 incidit
1048 904 76 62 in
1086 904 203 62 generationem
1251 904 152 62 actiuam,
1366 904 102 62 quae
1429 904 152 62 secundum
1531 904 63 62 rem

88 956 69 48 &
116 956 151 48 naturam
226 956 96 48 est
281 956 124 48 prima
363 956 193 48 productio:
515 956 83 48 vt
556 956 165 48 secundum
680 956 179 48 veritatem
817 956 138 48 ordine
913 956 138 48 quodam
1010 956 165 48 rationis
1133 956 69 48 a
1161 956 96 48 quo
1216 956 124 48 alius
1298 956 110 48 siue
1367 956 179 48 producere
1491 956 96 48 primo

89 991 90 60 sit
140 991 128 60 primum
230 991 154 60 secundum
345 991 166 60 rationem:
473 991 154 60 secundum
588 991 102 60 vero
652 991 179 60 ingenitum:
793 991 141 60 tertium
896 991 205 60 generatiuum:
1062 991 141 60 quartum
1165 991 115 60 posse
1241 991 115 60 gener
1318 991 102 60 are:
1382 991 141 60 quintum
1472 991 115 60 genera-

89 1047 88 58 re:
140 1047 125 58 sextum
227 1047 125 58 patrem
315 1047 113 58 esse.
390 1047 75 58 Et
427 1047 88 58 est
477 1047 188 58 aduertendum
628 1047 100 58 quod
690 1047 113 58 notio
765 1047 100 58 ista
828 1047 150 58 negatiua
940 1047 88 58 non
990 1047 138 58 proprie
1090 1047 175 58 exprimitur
1228 1047 125 58 nomine
1316 1047 163 58 ingeniti:
1441 1047 100 58 quia
1491 1047 100 58 nomine

90 1092 168 56 ingeniti
216 1092 126 56 magis
300 1092 210 56 determinata
468 1092 154 56 negatio
580 1092 196 56 importatur
734 1092 112 56 quam
804 1092 168 56 requirat
930 1092 112 56 haec
1000 1092 210 56 proprietas:
1168 1092 112 56 quia
1238 1092 112 56 inge
1308 1092 126 56 nitum
1392 1092 126 56 dicit
1476 1092 98 56 non
1532 1092 84 56 ab

103 1133 113 58 alio
173 1133 113 58 esse
244 1133 99 58 per
300 1133 240 58 generationem:
498 1133 71 58 &
526 1133 169 58 fundatur
653 1133 155 58 negatio
766 1133 85 58 vt
808 1133 99 58 sic
865 1133 212 58 significata
1034 1133 85 58 in
1076 1133 226 58 affirmatione
1260 1133 127 58 magis
1344 1133 212 58 determinata
1499 1133 85 58 quam

89 1174 142 56 requirat
196 1174 95 56 ista
255 1174 178 56 proprietas:
397 1174 95 56 quia
456 1174 71 56 in
492 1174 71 56 eo
528 1174 59 56 a
551 1174 83 56 quo
599 1174 83 56 est
646 1174 107 56 alius
717 1174 83 56 per
764 1174 201 56 generationem.
930 1174 95 56 Ista
990 1174 95 56 enim
1049 1174 166 56 proprietas
1179 1174 107 56 dicit
1250 1174 83 56 non
1298 1174 95 56 esse
1357 1174 71 56 ab
1392 1174 95 56 alio
1440 1174 142 56 simplicite

98 1216 64 64 &
124 1216 153 64 fundatur
239 1216 140 64 negatio
341 1216 102 64 haec
404 1216 77 64 in
443 1216 204 64 affirmatione
609 1216 102 64 quae
672 1216 89 64 est
723 1216 64 64 a
749 1216 89 64 quo
800 1216 89 64 est
851 1216 115 64 alius
928 1216 115 64 primo
1004 1216 204 64 simpliciter,
1170 1216 102 64 siue
1234 1216 128 64 fuerit
1323 1216 89 64 per
1374 1216 204 64 generationem
1527 1216 64 64 si-

103 1274 75 57 ue
141 1274 163 57 quocumque
267 1274 101 57 alio
330 1274 113 57 modo.
405 1274 101 57 Quia
468 1274 113 57 tamen
543 1274 113 57 nomen
619 1274 151 57 proprium
732 1274 88 57 non
782 1274 88 57 est
832 1274 163 57 impositum
958 1274 188 57 productioni
1109 1274 188 57 simpliciter
1259 1274 101 57 quae
1322 1274 138 57 dicitur
1423 1274 138 57 aliquis
1511 1274 75 57 esse

105 1320 68 59 a
133 1320 96 59 quo
187 1320 123 59 alius
269 1320 123 59 primo
351 1320 218 59 simpliciter:
528 1320 68 59 &
556 1320 164 59 generare
679 1320 109 59 est,
747 1320 164 59 proprium
870 1320 123 59 nomen
952 1320 136 59 primae
1047 1320 218 59 productionis
1225 1320 164 59 secundum
1347 1320 150 59 naturam
1457 1320 109 59 rei:
1511 1320 82 59 ideo

102 1363 82 56 in
143 1363 110 56 ista
212 1363 206 56 proprietate
377 1363 220 56 significanda
555 1363 137 56 vtimur
651 1363 96 56 cum
706 1363 178 56 negatione
844 1363 110 56 ista
912 1363 206 56 productione
1077 1363 151 56 passiua
1187 1363 110 56 quae
1256 1363 96 56 est
1310 1363 124 56 prima
1393 1363 165 56 secundum
1503 1363 82 56 rem-

96 1409 70 60 &
124 1409 211 60 determinata
293 1409 113 60 loco
364 1409 226 60 productionis
547 1409 183 60 passiuae,
688 1409 113 60 quae
758 1409 99 60 est
815 1409 127 60 prima
899 1409 254 60 indeterminate,
1111 1409 155 60 dicendo
1224 1409 183 60 ingenitum
1364 1409 127 60 quasi
1449 1409 113 60 vice
1505 1409 85 60 eius

102 1455 110 57 quod
171 1455 96 57 est
226 1455 220 57 improcedens.
405 1455 110 57 Quod
474 1455 110 57 enim
543 1455 96 57 sic
598 1455 96 57 est
653 1455 179 57 ingenitum
791 1455 110 57 quod
860 1455 110 57 neoc
929 1455 179 57 immediate
1067 1455 96 57 nec
1122 1455 152 57 mediate
1232 1455 124 57 habet
1314 1455 110 57 esse
1383 1455 96 57 per
1425 1455 165 57 generatio-

104 1500 93 55 nem
157 1500 145 55 omnino,
262 1500 93 55 non
315 1500 159 55 procedit
434 1500 145 55 habendo
540 1500 106 55 siue
606 1500 185 55 accipiendo
751 1500 106 55 esse
817 1500 79 55 ab
857 1500 119 55 alio.
936 1500 106 55 Vnde
1002 1500 119 55 illud
1082 1500 172 55 positiuum
1214 1500 119 55 super
1293 1500 106 55 quod
1359 1500 159 55 fundatur
1478 1500 93 55 non
1531 1500 79 55 ab

106 1544 114 51 alio
177 1544 114 51 esse
248 1544 85 51 vt
290 1544 99 51 sit
347 1544 142 51 notio,
446 1544 99 51 non
503 1544 99 51 est
560 1544 142 51 notio.
659 1544 99 51 Non
716 1544 114 51 enim
787 1544 71 51 a
815 1544 99 51 quo
872 1544 128 51 alius
957 1544 142 51 primo,
1057 1544 99 51 est
1113 1544 128 51 notio
1199 1544 114 51 nisi
1270 1544 156 51 ratione
1383 1544 114 51 modi
1440 1544 156 51 determina

98 1590 90 54 tim
150 1590 155 54 scilicet
266 1590 90 54 per
317 1590 206 54 generationem
485 1590 90 54 aut
536 1590 90 54 per
588 1590 206 54 spirationem.
755 1590 142 54 Propter
858 1590 103 54 quod
923 1590 129 54 dictum
1013 1590 90 54 est
1065 1590 129 54 supra:
1155 1590 103 54 quod
1219 1590 168 54 ingenitum
1348 1590 90 54 est
1400 1590 116 54 notio
1464 1590 129 54 negatiua

92 1636 68 52 &
120 1636 95 52 hoc
174 1636 95 52 non
229 1636 109 52 nisi
297 1636 150 52 ratione
406 1636 204 52 negationis:
569 1636 82 52 vt
610 1636 123 52 tamen
691 1636 163 52 fundatur
814 1636 82 52 in
855 1636 231 52 affirmatione:
1045 1636 95 52 non
1100 1636 123 52 autem
1182 1636 150 52 ratione
1290 1636 136 52 ipsius
1372 1636 218 52 affirmationis.

105 1681 79 50 Et
144 1681 118 50 sicut
223 1681 66 50 a
249 1681 92 50 quo
302 1681 118 50 alius
381 1681 131 50 primo,
473 1681 92 50 non
525 1681 92 50 est
578 1681 118 50 notio
657 1681 105 50 nisi
723 1681 145 50 ratione
828 1681 105 50 modi
893 1681 210 50 determinati,
1064 1681 92 50 quo
1117 1681 158 50 scilicet
1235 1681 92 50 est
1288 1681 66 50 a
1314 1681 92 50 quo
1367 1681 92 50 per
1406 1681 184 50 generationem

99 1727 109 56 quae
167 1727 163 56 secundum
290 1727 95 56 rem
344 1727 68 56 &
371 1727 149 56 naturam
480 1727 95 56 est
534 1727 122 56 prima
615 1727 177 56 productio
751 1727 136 56 actiua
846 1727 149 56 ratione
955 1727 95 56 sui
1009 1727 109 56 modi
1077 1727 217 56 determinati,
1254 1727 177 56 importans
1389 1727 109 56 quod
1457 1727 95 56 est
1498 1727 95 56 digni

106 1776 123 52 tatis
188 1776 219 52 simpliciter,
366 1776 109 52 quod
434 1776 96 52 non
489 1776 164 52 importat
612 1776 123 52 ipsum
694 1776 260 52 indeterminatum:
913 1776 96 52 sic
967 1776 96 52 qui
1022 1776 82 52 ab
1063 1776 109 52 alio
1131 1776 137 52 primo,
1227 1776 96 52 non
1282 1776 96 52 est
1336 1776 123 52 notio
1418 1776 109 52 nisi
1473 1776 123 52 ratione

97 1811 99 63 modi
158 1811 198 63 determinati:
319 1811 86 63 quo
368 1811 148 63 scilicet
480 1811 86 63 est
529 1811 86 63 qui
578 1811 74 63 ab
615 1811 99 63 alio
677 1811 86 63 per
727 1811 210 63 generationem:
899 1811 99 63 quae
961 1811 148 63 secundum
1072 1811 86 63 rem
1122 1811 62 63 &
1146 1811 136 63 naturam
1245 1811 86 63 est
1295 1811 111 63 prima
1369 1811 161 63 productio
1480 1811 111 63 passiua

95 1867 151 50 ratione
205 1867 96 50 sui
260 1867 110 50 modi
329 1867 206 50 determinati
494 1867 110 50 quid
562 1867 165 50 importat
686 1867 82 50 id
727 1867 110 50 quid
796 1867 96 50 est
851 1867 192 50 dignitatis
1002 1867 220 50 simpliciter:
1181 1867 110 50 quod
1249 1867 96 50 non
1304 1867 165 50 importat
1428 1867 124 50 ipsum
1497 1867 96 50 inde-

97 1905 191 50 terminatum
247 1905 177 50 inquantum
383 1905 123 50 ratio
465 1905 95 50 sua
519 1905 150 50 deficit
628 1905 68 50 a
655 1905 150 50 ratione
764 1905 218 50 determinati.
941 1905 82 50 Et
982 1905 95 50 sic
1037 1905 95 50 per
1091 1905 191 50 consimilem
1241 1905 123 50 modum
1322 1905 259 50 determinationis
1527 1905 54 50 in

92 1951 168 62 generare
218 1951 70 62 &
246 1951 182 62 generari,
385 1951 168 62 aequalis
511 1951 196 62 dignitatis
665 1951 98 62 est
721 1951 84 62 in
763 1951 154 62 diuinis
874 1951 168 62 generare
1000 1951 70 62 &
1028 1951 182 62 generari:
1168 1951 70 62 &
1196 1951 98 62 est
1252 1951 168 62 generari
1377 1951 126 62 notio
1461 1951 126 62 filii
1531 1951 70 62 si-

101 1995 105 57 cut
161 1995 75 57 &
191 1995 180 57 generare
326 1995 105 57 est
385 1995 135 57 notio
460 1995 135 57 patris.

129 2032 100 74 Ad
178 2032 149 74 illud
278 2032 133 74 quod
361 2032 199 74 arguitur
510 2032 149 74 primo
610 2032 100 74 in
660 2032 232 74 oppositum,
842 2032 133 74 quod
925 2032 116 74 non
991 2032 199 74 generari
1141 2032 116 74 est
1207 2032 199 74 dignitas
1356 2032 83 74 &
1390 2032 166 74 notio,
1489 2032 83 74 er-

97 2103 75 53 go
135 2103 100 53 eius
198 2103 163 53 oppositum
323 2103 100 53 quod
386 2103 88 53 est
436 2103 151 53 generari
549 2103 88 53 nec
599 2103 88 53 est
650 2103 151 53 dignitas
762 2103 88 53 nec
813 2103 125 53 notio:
900 2103 151 53 Dicendum
1013 2103 100 53 quod
1076 2103 113 53 verum
1151 2103 113 53 esset
1227 2103 75 53 si
1264 2103 163 53 ingenitum
1390 2103 176 53 vniversali
1515 2103 63 53 non

94 2131 174 73 generari
225 2131 131 73 esset
312 2131 131 73 notio
399 2131 160 73 ratione
515 2131 131 73 purae
602 2131 218 73 negationis:
776 2131 73 73 &
805 2131 145 73 maxime
907 2131 87 73 vt
951 2131 131 73 negat
1038 2131 218 73 specialiter
1212 2131 131 73 ipsum
1299 2131 189 73 generari.
1444 2131 116 73 Nunc
1516 2131 131 73 autem

98 2187 104 61 quia
163 2187 91 61 non
215 2187 91 61 est
268 2187 117 61 notio
346 2187 104 61 nisi
411 2187 144 61 ratione
516 2187 183 61 negationis
659 2187 78 61 vt
698 2187 157 61 fundatur
816 2187 117 61 super
894 2187 222 61 affirmationem
1077 2187 104 61 quae
1142 2187 91 61 est
1194 2187 65 61 a
1220 2187 91 61 quo
1273 2187 117 61 alius
1351 2187 117 61 primo
1429 2187 117 61 sicut
1495 2187 104 61 dictum

98 2239 92 56 est:
155 2239 57 56 &
178 2239 137 56 generari
281 2239 80 56 non
326 2239 126 56 ponitur
418 2239 103 56 notio
486 2239 92 56 nisi
544 2239 126 56 ratione
635 2239 194 56 affirmationis
795 2239 114 56 ipsius
875 2239 92 56 esse
933 2239 69 56 ab
967 2239 92 56 alio
1024 2239 80 56 per
1070 2239 194 56 generationem:
1230 2239 126 56 idcirco
1321 2239 137 56 vtrumque
1424 2239 103 56 eorum
1482 2239 114 56 scilicet

101 2276 63 52 &
127 2276 151 52 generari
240 2276 63 52 &
265 2276 88 52 non
316 2276 151 52 generari
429 2276 101 52 siue
492 2276 88 52 non
543 2276 151 52 genitum,
656 2276 101 52 esse
720 2276 139 52 possunt
820 2276 164 52 notiones:
947 2276 101 52 vnum
1010 2276 189 52 affirmatiua
1161 2276 139 52 ratione
1262 2276 202 52 generationis
1426 2276 151 52 passiuae
1540 2276 76 52 af

108 2324 165 49 firmatae:
235 2324 140 49 alterum
337 2324 152 49 negatiua
451 2324 140 49 ratione
552 2324 102 49 esse
616 2324 76 49 ab
654 2324 114 49 alio,
730 2324 114 49 etiam
806 2324 89 49 per
857 2324 203 49 generationem
1022 2324 127 49 negati
1111 2324 89 49 cum
1162 2324 165 49 positione
1288 2324 102 49 eius
1352 2324 63 49 a
1377 2324 89 49 quo
1428 2324 114 49 alius
1491 2324 102 49 primo.

127 2369 78 50 Ad
166 2369 168 50 secundum,
295 2369 104 50 quod
360 2369 155 50 generari
477 2369 155 50 convenit
593 2369 91 50 non
645 2369 129 50 tantum
735 2369 129 50 filio:
826 2369 91 50 sed
878 2369 65 50 &
904 2369 155 50 spiritui
1020 2369 142 50 sancto:
1124 2369 104 50 quia
1189 2369 181 50 producitur
1331 2369 117 50 simul
1409 2369 78 50 in
1448 2369 142 50 natura:
1538 2369 52 50 Di

104 2413 136 53 cendum
200 2413 163 53 secundum
322 2413 163 53 superius
444 2413 204 53 determinata
608 2413 68 53 &
635 2413 163 53 inferius
757 2413 150 53 amplius
866 2413 204 53 declaranda,
1029 2413 109 53 quod
1097 2413 163 53 generari
1220 2413 95 53 non
1274 2413 163 53 conuenit
1397 2413 163 53 spiritui
1505 2413 82 53 san-

108 2458 105 71 cto.
173 2458 144 71 Quamuis
278 2458 105 71 enim
343 2458 105 71 ipse
409 2458 170 71 productus
540 2458 92 71 est
592 2458 144 71 similis
697 2458 78 71 in
736 2458 144 71 natura,
840 2458 92 71 non
893 2458 118 71 tamen
971 2458 183 71 producitur
1115 2458 92 71 sub
1167 2458 144 71 ratione
1272 2458 144 71 similis
1377 2458 65 71 &
1403 2458 105 71 modo
1455 2458 131 71 principa

108 2500 90 60 li
153 2500 179 60 naturae:
287 2500 120 60 quem
362 2500 179 60 requirit
497 2500 194 60 productio
646 2500 120 60 quae
721 2500 105 60 est
781 2500 194 60 generari.
960 2500 164 60 Tertium
1080 2500 209 60 argumentum
1244 2500 224 60 concedendum
1408 2500 90 60 est.

395 2544 88 67 lrca
450 2544 133 67 secundum
550 2544 133 67 arguitur
649 2544 155 67 generalius
771 2544 88 67 quam
826 2544 133 67 quaestio
926 2544 77 67 est
970 2544 155 67 proposita,
1092 2544 88 67 quod
1147 2544 133 67 potentia
1246 2544 144 67 generandi
1357 2544 122 67 passiue
1445 2544 77 67 non
1490 2544 77 67 sit
1523 2544 55 67 pro

397 2592 131 61 prietas
492 2592 71 61 in
528 2592 131 61 diuins,
623 2592 107 61 Primo
694 2592 95 61 sic.
753 2592 154 61 generatio
872 2592 131 61 passiua
967 2592 95 61 siue
1027 2592 143 61 generari
1134 2592 83 61 non
1181 2592 83 61 est
1229 2592 95 61 nisi
1288 2592 143 61 accipere
1395 2592 95 61 siue
1454 2592 119 61 habere
1526 2592 59 61 per

410 2646 170 52 eneationem
543 2646 97 52 esse
604 2646 73 52 ab
640 2646 109 52 alio.
713 2646 146 52 potentia
822 2646 97 52 ergo
883 2646 158 52 generandi
1005 2646 133 52 passiue
1102 2646 97 52 siue
1162 2646 109 52 posse
1235 2646 146 52 generari
1344 2646 85 52 non
1393 2646 85 52 est
1441 2646 97 52 nisi
1490 2646 97 52 illius

403 2686 82 58 uod
450 2686 153 58 possibile
568 2686 82 58 est
615 2686 94 58 esse
673 2686 70 58 ab
709 2686 106 58 alio.
779 2686 153 58 possibile
896 2686 106 58 autem
967 2686 94 58 esse
1025 2686 70 58 ab
1061 2686 94 58 alio
1119 2686 82 58 non
1166 2686 70 58 ex
1202 2686 70 58 se
1237 2686 106 58 habet
1307 2686 106 58 esse:
1378 2686 94 58 quia
1436 2686 94 58 tunc
1483 2686 106 58 frustra

396 2736 118 54 esset
474 2736 170 54 possibile
605 2736 118 54 esse.
684 2736 105 54 tale
749 2736 118 54 autem
827 2736 105 54 quid
893 2736 92 54 non
945 2736 92 54 est
997 2736 78 54 in
1037 2736 157 54 diuinis:
1154 2736 78 54 in
1194 2736 131 54 quibus
1285 2736 118 54 nihil
1364 2736 92 54 est
1416 2736 105 54 nisi
1481 2736 105 54 quod
1534 2736 65 54 est

377 2777 171 74 necesse
502 2777 140 74 esse.
595 2777 124 74 ergo
673 2777 109 74 &c.
766 2777 171 74 Secundo
890 2777 124 74 sic.
968 2777 187 74 potentia
1108 2777 202 74 generandi
1264 2777 171 74 passiue
1388 2777 109 74 non
1435 2777 155 74 conuenit
