2017 3188
403 240 92 78 bus
455 240 118 78 modis
534 240 118 78 dandi
613 240 118 78 esse.
691 240 105 78 Quod
757 240 118 78 verum
836 240 92 78 est
888 240 118 78 dandi
967 240 105 78 esse
1033 240 105 78 post
1098 240 92 78 non
1151 240 118 78 esse.
1229 240 131 78 Tertio
1321 240 105 78 enim
1387 240 105 78 modo
1452 240 184 78 producitur
1597 240 79 78 in
1636 240 105 78 esse
1701 240 171 78 productum
1820 240 52 78 in

404 303 150 67 diuinis
513 303 68 67 &
540 303 109 67 modo
609 303 231 67 perfectissimo
799 303 122 67 atque
881 303 204 67 dignissimo,
1044 303 109 67 quod
1112 303 177 67 totaliter
1248 303 68 67 a
1275 303 191 67 producente
1425 303 150 67 recipit
1534 303 122 67 esse,
1615 303 95 67 non
1670 303 82 67 ex
1711 303 136 67 aliquo
1792 303 82 67 prae

402 344 159 68 cedente,
521 344 93 68 nec
574 344 106 68 post
641 344 93 68 non
694 344 106 68 esse
760 344 133 68 natura
853 344 93 68 aut
906 344 186 68 duratione:
1052 344 106 68 quia
1118 344 119 68 talis
1198 344 173 68 productio
1331 344 186 68 praestaret
1477 344 80 68 ei
1517 344 106 68 esse
1583 344 106 68 quod
1649 344 93 68 non
1702 344 119 68 fuit:
1782 344 93 68 sed
1822 344 53 68 de

407 395 146 61 aliquo
510 395 73 61 &
539 395 88 61 ab
582 395 146 61 agente
685 395 146 61 aliquo
787 395 146 61 semper
889 395 204 61 existente:
1049 395 73 61 a
1079 395 102 61 quo
1137 395 73 61 &
1166 395 131 61 aeque
1254 395 146 61 semper
1356 395 73 61 &
1385 395 131 61 simul
1472 395 146 61 natura
1575 395 131 61 atque
1662 395 190 61 duratione
1808 395 102 61 ha-

399 426 98 71 bet
455 426 112 71 esse
525 426 168 71 secundum
652 426 98 71 iam
708 426 140 71 dictum
806 426 140 71 modum,
904 426 70 71 &
932 426 98 71 iam
989 426 154 71 amplius
1101 426 182 71 dicendum:
1241 426 70 71 &
1269 426 84 71 id
1311 426 112 71 esse
1382 426 98 71 quo
1438 426 112 71 ipse
1508 426 182 71 producens
1648 426 112 71 est:
1719 426 126 71 licet
1789 426 98 71 secun

410 471 97 72 dum
465 471 124 72 alium
548 471 124 72 modum
631 471 152 72 habendi
742 471 138 72 illud.
839 471 152 72 dicente
949 471 124 72 Hila.
1032 471 83 72 de
1073 471 193 72 natiuitate
1226 471 111 72 quae
1295 471 83 72 in
1336 471 152 72 diuinis
1447 471 97 72 est
1502 471 180 72 productio
1640 471 138 72 filii.
1737 471 138 72 Semper
1820 471 55 72 pa

409 520 111 64 trem
479 520 139 64 semper
576 520 139 64 filium
673 520 222 64 praedicantes
853 520 97 64 non
909 520 111 64 post
978 520 139 64 aliqua
1075 520 111 64 deum
1145 520 153 64 omnium:
1256 520 97 64 sed
1311 520 111 64 ante
1380 520 125 64 omnia
1464 520 111 64 esse
1533 520 208 64 edocebimus.
1700 520 69 64 &
1727 520 139 64 infra.
1811 520 69 64 lta

396 563 145 66 semper
498 563 116 66 esse
571 563 87 66 vt
614 563 73 66 &
643 563 131 66 natum
731 563 232 66 praedicemus:
919 563 102 66 ita
977 563 116 66 vero
1050 563 131 66 natum
1137 563 116 66 esse
1210 563 87 66 vt
1253 563 145 66 semper
1355 563 145 66 fuisse
1457 563 247 66 manifestemus,
1660 563 116 66 quia
1733 563 73 66 &
1747 563 131 66 natiui-

404 607 116 74 tatis
481 607 154 74 auctorem
597 607 142 74 habeat,
700 607 116 74 neque
777 607 129 74 careat
867 607 193 74 aeternitate
1022 607 206 74 diuinitatis.
1189 607 64 74 &
1215 607 103 74 lib.
1279 607 103 74 iii.
1344 607 103 74 cap.
1408 607 77 74 i.
1446 607 77 74 Ex
1485 607 90 74 his
1537 607 103 74 quae
1601 607 77 74 in
1640 607 129 74 patre,
1730 607 103 74 sunt
1794 607 77 74 ea
1833 607 77 74 in

407 652 122 79 quibus
492 652 85 79 est
541 652 134 79 filius.
638 652 73 79 i.
675 652 73 79 ex
712 652 98 79 toto
773 652 110 79 patre
846 652 110 79 totus
919 652 122 79 filius
1004 652 110 79 natus
1077 652 85 79 est
1126 652 85 79 non
1175 652 146 79 aliunde,
1284 652 98 79 quia
1345 652 110 79 nihil
1419 652 146 79 antequam
1528 652 134 79 filius:
1626 652 110 79 neque
1699 652 73 79 ex
1736 652 134 79 nihilo,
1821 652 73 79 quia

404 703 73 68 ex
440 703 85 68 deo
489 703 133 68 filius.
585 703 97 68 Quod
646 703 73 68 in
682 703 109 68 patre
755 703 97 68 est,
815 703 85 68 hoc
864 703 73 68 in
900 703 109 68 filio
973 703 97 68 est,
1033 703 109 68 alter
1106 703 73 68 ab
1142 703 133 68 altero,
1239 703 60 68 &
1263 703 133 68 vterque
1360 703 109 68 vnum.
1432 703 60 68 &
1456 703 97 68 lib.
1517 703 85 68 vi.
1565 703 85 68 ca.
1614 703 85 68 vi.
1662 703 85 68 Non
1711 703 97 68 quae
1771 703 85 68 non
1807 703 85 68 erant

397 738 136 81 tenet:
493 738 95 81 sed
547 738 109 81 quae
616 738 95 81 dei
670 738 164 81 manebant
793 738 68 81 &
820 738 136 81 manent
916 738 164 81 obtinuit
1038 738 164 81 veritate
1161 738 177 81 nascendi.
1298 738 82 81 Et
1338 738 95 81 est
1393 738 246 81 perfectissimus
1598 738 123 81 modus
1679 738 123 81 dandi
1761 738 123 81 esse.
1829 738 55 81 de

416 788 92 67 quo
469 788 119 67 dicit
548 788 158 67 Christus
666 788 119 67 loan.
745 788 119 67 xvii.
824 788 119 67 Sicut
904 788 92 67 ptr
956 788 119 67 vitam
1035 788 119 67 habet
1114 788 79 67 in
1154 788 185 67 semetipso,
1299 788 92 67 sic
1352 788 119 67 dedit
1431 788 66 67 &
1457 788 119 67 filio
1536 788 119 67 vitam
1615 788 132 67 habere
1708 788 79 67 in
1734 788 145 67 semetipso

405 833 126 65 Circa
489 833 182 65 potentiam
629 833 112 65 vero
699 833 182 65 generandi
839 833 154 65 passiue
951 833 196 65 obiectiue,
1105 833 70 65 &
1133 833 126 65 circa
1218 833 126 65 ipsum
1302 833 182 65 productum
1442 833 84 65 in
1484 833 140 65 tribus
1582 833 140 65 dictis
1666 833 224 65 productionibus

404 877 136 72 sciendum
506 877 79 72 est
551 877 91 72 quod
608 877 91 72 ipsa
665 877 136 72 potentia
767 877 114 72 potest
847 877 136 72 attribui
949 877 114 72 alicui
1028 877 148 72 obiectiue
1142 877 68 72 vt
1176 877 68 72 ei
1210 877 91 72 quod
1267 877 159 72 producitur
1392 877 91 72 siue
1448 877 159 72 generatur,
1573 877 170 72 dupliciter:
1710 877 91 72 quia
1766 877 136 72 secundum

410 923 150 72 duplicem
522 923 137 72 ordinem
621 923 150 72 scilicet
734 923 62 72 &
758 923 150 72 secundum
871 923 137 72 ordinem
970 923 75 72 ad
1008 923 75 72 id
1045 923 75 72 de
1082 923 87 72 quo
1132 923 174 72 subiectiue
1269 923 174 72 generatur,
1406 923 62 72 &
1431 923 150 72 secundum
1544 923 137 72 ordinem
1643 923 75 72 ad
1681 923 75 72 id
1718 923 62 72 a
1743 923 87 72 quo
1780 923 100 72 princi

403 968 134 76 piatiue
501 968 171 76 generatur.
635 968 110 76 lpsum
708 968 73 76 ei
745 968 98 76 quod
806 968 159 76 obiectiue
928 968 171 76 generatur,
1062 968 61 76 &
1087 968 159 76 generatur
1209 968 73 76 de
1246 968 122 76 aliquo
1331 968 183 76 subiectiue,
1478 968 61 76 &
1502 968 73 76 ab
1539 968 122 76 aliquo
1624 968 220 76 principiatiue:
1807 968 61 76 &
1820 968 73 76 ideo

403 1024 121 61 etiam
483 1024 135 61 potest
578 1024 135 61 eisdem
672 1024 121 61 modis
753 1024 162 61 generari
875 1024 67 61 &
902 1024 81 61 de
942 1024 135 61 aliquo
1036 1024 67 61 &
1063 1024 81 61 ab
1104 1024 148 61 aliquo:
1212 1024 67 61 &
1239 1024 108 61 illi
1306 1024 175 61 potentiae
1441 1024 94 61 qua
1495 1024 135 61 potest
1589 1024 175 61 obiectiue
1724 1024 162 61 generari
1832 1024 54 61 de

399 1059 131 73 aliquo
491 1059 171 73 respondet
622 1059 158 73 potentia
741 1059 79 73 in
780 1059 79 73 eo
819 1059 79 73 de
859 1059 92 73 quo
911 1059 184 73 generatur,
1056 1059 92 73 qua
1109 1059 118 73 illud
1187 1059 184 73 subiectiue
1332 1059 92 73 est
1385 1059 79 73 in
1424 1059 158 73 potentia
1542 1059 79 73 vt
1582 1059 79 73 de
1621 1059 79 73 eo
1661 1059 158 73 generet:
1779 1059 66 73 &
1792 1059 92 73 eidem

400 1109 159 68 potentiae
522 1109 86 68 qua
571 1109 122 68 potest
657 1109 159 68 obiectiue
779 1109 147 68 generari
889 1109 73 68 ab
926 1109 135 68 aliquo,
1024 1109 159 68 respondet
1146 1109 147 68 potentia
1256 1109 122 68 actiua
1342 1109 73 68 in
1378 1109 73 68 eo
1415 1109 61 68 a
1440 1109 86 68 quo
1489 1109 122 68 potest
1574 1109 159 68 generari,
1697 1109 98 68 quae
1758 1109 122 68 actiue
1831 1109 49 68 po

397 1148 106 73 test
463 1148 159 73 generare
582 1148 119 73 illd.
662 1148 80 73 Et
702 1148 93 73 est
755 1148 80 73 in
795 1148 146 73 diuinis
901 1148 119 73 magna
981 1148 199 73 differentia
1140 1148 119 73 inter
1219 1148 172 73 potentiam
1352 1148 172 73 generandi
1485 1148 146 73 passiue
1591 1148 66 73 &
1617 1148 172 73 obiectiue
1750 1148 80 73 de
1790 1148 133 73 aliquo

402 1192 79 71 vt
441 1192 79 71 de
481 1192 172 71 subiecto,
613 1192 66 71 &
639 1192 79 71 ab
679 1192 132 71 aliquo
771 1192 79 71 vt
811 1192 66 71 a
837 1192 185 71 principio.
982 1192 172 71 Inquantum
1114 1192 106 71 enim
1180 1192 92 71 est
1233 1192 158 71 potentia
1352 1192 145 71 passiua
1458 1192 106 71 quae
1524 1192 172 71 obiectiue
1655 1192 172 71 productum
1774 1192 119 71 produci

399 1241 111 72 potest
477 1241 67 72 de
510 1241 122 72 aliquo,
599 1241 78 72 est
643 1241 133 72 secundum
743 1241 144 72 rationem,
854 1241 89 72 quia
910 1241 89 72 ipsa
966 1241 133 72 potentia
1066 1241 122 72 passiua
1155 1241 156 72 subiectiue
1277 1241 67 72 in
1310 1241 67 72 eo
1343 1241 67 72 de
1377 1241 89 72 quo,
1432 1241 78 72 est
1477 1241 133 72 secundum
1577 1241 133 72 rationem
1677 1241 122 72 tantum.
1766 1241 100 72 lpsum
1821 1241 78 72 autem

398 1285 145 78 generari
507 1285 73 78 de
543 1285 121 78 aliquo
628 1285 181 78 subiectiue,
773 1285 60 78 &
797 1285 109 78 ipsum
870 1285 145 78 generari
979 1285 145 78 alicuius
1088 1285 169 78 obiectiue,
1221 1285 97 78 sola
1281 1285 133 78 ratione
1378 1285 169 78 differunt:
1511 1285 97 78 quia
1571 1285 73 78 ab
1608 1285 73 78 eo
1644 1285 97 78 quod
1705 1285 85 78 non
1753 1285 109 78 habet
1813 1285 73 78 esse

397 1343 70 53 in
432 1343 117 53 diuins
515 1343 94 53 nisi
573 1343 141 53 secundum
679 1343 106 53 solam
749 1343 141 53 rationem
855 1343 152 53 cuiusmodi
972 1343 82 53 est
1019 1343 106 53 posse
1089 1343 141 53 generari
1195 1343 176 53 subiectiue,
1335 1343 106 53 nihil
1406 1343 117 53 potest
1488 1343 141 53 differre
1593 1343 141 53 secundum
1699 1343 94 53 rem.
1757 1343 70 53 Et
1792 1343 82 53 sic
1828 1343 70 53 sola

396 1375 146 67 ratione
502 1375 173 67 differunt
635 1375 173 67 potentiae
768 1375 160 67 passiuae
888 1375 93 67 qua
941 1375 93 67 hoc
994 1375 173 67 obiectiue
1127 1375 80 67 ab
1167 1375 106 67 illo
1233 1375 186 67 subiectiue
1380 1375 133 67 potest
1473 1375 160 67 produci:
1592 1375 120 67 licet
1672 1375 160 67 potentia
1778 1375 120 67 passiua

403 1436 192 49 subiectiue
554 1436 82 49 in
595 1436 82 49 eo
636 1436 82 49 de
678 1436 110 49 quo,
746 1436 96 49 sit
801 1436 123 49 ratio
883 1436 137 49 illius
979 1436 165 49 passiuae
1103 1436 178 49 obiectiue
1240 1436 82 49 in
1281 1436 82 49 eo
1322 1436 96 49 qui
1377 1436 96 49 ab,
1432 1436 96 49 non
1487 1436 110 49 enim
1555 1436 123 49 habet
1637 1436 178 49 productum
1761 1436 137 49 obiecti-

398 1466 76 68 ue
436 1466 164 68 potentiam
562 1466 76 68 vt
600 1466 177 68 producatur
739 1466 76 68 de
777 1466 139 68 aliquo,
878 1466 101 68 nisi
941 1466 101 68 quia
1004 1466 114 68 illud
1080 1466 76 68 de
1117 1466 88 68 quo
1168 1466 177 68 producitur
1307 1466 114 68 habet
1382 1466 164 68 potentiam
1509 1466 76 68 vt
1546 1466 76 68 de
1584 1466 76 68 eo
1622 1466 189 68 producatur,
1773 1466 139 68 quemad-

403 1511 114 62 modum
479 1511 76 62 id
517 1511 76 62 de
555 1511 89 62 quo
606 1511 177 62 producitur
745 1511 89 62 non
796 1511 114 62 habet
872 1511 165 62 potentiam
999 1511 76 62 vt
1037 1511 76 62 de
1075 1511 76 62 eo
1113 1511 177 62 producatur
1252 1511 101 62 nisi
1315 1511 101 62 quia
1379 1511 165 62 producens
1505 1511 114 62 habet
1581 1511 165 62 potentiam
1708 1511 76 62 vt
1746 1511 76 62 de
1784 1511 101 62 illo
1835 1511 63 62 il-

396 1564 92 58 lud
449 1564 171 58 producat.
580 1564 79 58 Et
620 1564 92 58 sic
673 1564 171 58 potentiae
805 1564 158 58 passiuae
923 1564 171 58 obiectiue
1055 1564 119 58 ratio
1134 1564 92 58 est
1187 1564 158 58 potentia
1306 1564 145 58 passiua
1411 1564 198 58 subiectiue:
1569 1564 66 58 &
1596 1564 171 58 potentiae
1728 1564 158 58 passiuae
1833 1564 66 58 sub

400 1605 142 62 iectiue
504 1605 116 62 ratio
581 1605 91 62 est
633 1605 155 62 potentia
749 1605 181 62 productiua
892 1605 142 62 actiue.
995 1605 91 62 Dis
1047 1605 104 62 enim
1112 1605 155 62 potentia
1228 1605 142 62 passiua
1332 1605 78 62 ad
1370 1605 168 62 potentiam
1500 1605 155 62 materiae
1616 1605 181 62 reducitur:
1759 1605 65 62 &
1772 1605 129 62 potentia

395 1660 151 49 materiae
509 1660 76 49 ad
547 1660 164 49 potentiam
673 1660 151 49 agentis.
786 1660 76 49 Et
824 1660 113 49 sicut
900 1660 88 49 est
950 1660 76 49 de
988 1660 177 49 potentiis,
1127 1660 164 49 similiter
1253 1660 88 49 est
1303 1660 63 49 &
1329 1660 76 49 de
1366 1660 151 49 actibus.
1480 1660 113 49 Actus
1556 1660 101 49 enim
1619 1660 88 49 quo
1669 1660 101 49 quis
1732 1660 164 49 generatur
1846 1660 50 49 ob

413 1693 129 64 iectiue
507 1693 117 64 ratio,
589 1693 82 64 est
636 1693 94 64 ille
695 1693 105 64 actus
765 1693 82 64 quo
812 1693 129 64 aliquis
906 1693 152 64 generatur
1023 1693 176 64 subiectiue:
1163 1693 59 64 &
1187 1693 117 64 illius
1269 1693 105 64 ratio
1339 1693 82 64 est
1386 1693 105 64 actus
1456 1693 82 64 quo
1503 1693 94 64 quis
1562 1693 129 64 generat
1656 1693 211 64 principiatiue,
1831 1693 82 64 non

405 1737 95 72 enim
465 1737 155 72 generatur
584 1737 119 72 filius
667 1737 155 72 obiectiue
787 1737 95 72 nisi
846 1737 95 72 quia
906 1737 72 72 de
941 1737 119 72 diuina
1025 1737 143 72 essentia
1132 1737 155 72 generatur
1251 1737 179 72 subiectiue:
1394 1737 83 72 nec
1442 1737 72 72 de
1478 1737 95 72 illa
1537 1737 155 72 generatus
1657 1737 167 72 subiectiue
1788 1737 83 72 est
1823 1737 72 72 nisi

415 1784 107 63 quia
481 1784 120 63 pater
562 1784 80 63 de
602 1784 80 63 ea
642 1784 147 63 generat
749 1784 241 63 principiatiue.
949 1784 80 63 Et
989 1784 120 63 sicut
1069 1784 160 63 generari
1190 1784 67 63 &
1216 1784 120 63 posse
1297 1784 160 63 generari
1417 1784 174 63 obiectiue
1551 1784 67 63 &
1577 1784 187 63 subiectiue
1724 1784 120 63 inter
1804 1784 80 63 se
1831 1784 67 63 dif

406 1828 127 62 ferunt
495 1828 102 62 sola
559 1828 152 62 ratione:
673 1828 89 62 sic
724 1828 64 62 &
749 1828 114 62 inter
826 1828 76 62 se
864 1828 102 62 sola
927 1828 140 62 ratione
1029 1828 165 62 differunt
1156 1828 114 62 posse
1232 1828 152 62 generare
1347 1828 64 62 &
1372 1828 152 62 generare
1486 1828 229 62 principiatiue,
1677 1828 64 62 &
1702 1828 114 62 posse
1766 1828 127 62 generari

411 1875 72 61 &
439 1875 172 61 generari
568 1875 215 61 subiectiue.
740 1875 86 61 Et
783 1875 129 61 posse
869 1875 172 61 generare
997 1875 72 61 &
1026 1875 172 61 generare
1155 1875 243 61 principiatiue
1355 1875 172 61 secundum
1484 1875 100 61 rem
1541 1875 186 61 differunt
1684 1875 72 61 a
1713 1875 129 61 posse
1785 1875 114 61 genera

410 1932 84 55 ri
452 1932 70 55 &
480 1932 168 55 generari
606 1932 196 55 obiectiue.
760 1932 112 55 Vnde
831 1932 168 55 potentia
957 1932 154 55 passiua
1069 1932 98 55 qua
1125 1932 182 55 productum
1265 1932 140 55 potest
1363 1932 154 55 produci
1475 1932 84 55 ab
1517 1932 112 55 alio
1588 1932 252 55 principiatiue,
1798 1932 98 55 est
1840 1932 56 55 po

417 1961 119 73 tentia
500 1961 142 73 secundum
607 1961 95 73 rem:
666 1961 95 73 quia
726 1961 142 73 secundum
832 1961 83 73 rem
880 1961 130 73 differt
975 1961 59 73 a
998 1961 142 73 potentia
1105 1961 154 73 generandi
1224 1961 130 73 actiue:
1319 1961 95 73 quae
1378 1961 71 73 ei
1414 1961 130 73 rmendet
1509 1961 71 73 in
1544 1961 71 73 eo
1580 1961 59 73 a
1603 1961 83 73 quo
1651 1961 178 73 producitur.
1793 1961 130 73 Quemad-

401 2010 114 62 modum
477 2010 101 62 enim
541 2010 152 62 secundum
655 2010 89 62 rem
705 2010 165 62 differunt
832 2010 152 62 generare
946 2010 63 62 &
971 2010 165 62 generari,
1098 2010 89 62 sic
1149 2010 63 62 &
1174 2010 114 62 posse
1250 2010 152 62 generare
1364 2010 63 62 &
1389 2010 114 62 posse
1465 2010 165 62 generari:
1592 2010 101 62 quia
1655 2010 114 62 posse
1731 2010 152 62 generare
1833 2010 63 62 re-

406 2053 137 70 ducitur
505 2053 75 70 ad
542 2053 162 70 generare:
667 2053 62 70 &
692 2053 112 70 posse
767 2053 149 70 generari
879 2053 174 70 obiectiue,
1016 2053 162 70 reducitur
1140 2053 75 70 ad
1177 2053 149 70 generari
1289 2053 174 70 obiectiue,
1426 2053 75 70 vt
1464 2053 112 70 supra
1538 2053 137 70 dictum,
1638 2053 87 70 est
1688 2053 62 70 &
1713 2053 112 70 infra
1775 2053 112 70 amplius

410 2104 146 63 dicetur.
520 2104 73 63 In
556 2104 134 63 diuinis
654 2104 98 63 ergo
715 2104 110 63 posse
788 2104 146 63 generari
898 2104 159 63 obiectiue
1020 2104 73 63 in
1056 2104 122 63 ordine
1142 2104 73 63 ad
1178 2104 171 63 generantem
1312 2104 171 63 proprietas
1447 2104 98 63 est,
1508 2104 134 63 propter
1605 2104 207 63 distinctionem
1776 2104 146 63 secundum

404 2146 79 57 rem
449 2146 159 57 personalem
574 2146 159 57 generantis
698 2146 57 57 &
721 2146 125 57 geniti,
812 2146 57 57 &
834 2146 147 57 similiter
948 2146 136 57 generare
1050 2146 57 57 &
1072 2146 147 57 generari:
1186 2146 79 57 non
1231 2146 102 57 autem
1299 2146 68 57 in
1333 2146 102 57 ordie
1401 2146 68 57 ad
1435 2146 68 57 id
1469 2146 68 57 de
1503 2146 79 57 quo
1549 2146 159 57 generatur,
1673 2146 125 57 propter
1753 2146 147 57 identitatem

410 2191 163 67 secundum
532 2191 95 67 rem
587 2191 136 67 ipsius
682 2191 122 67 posse
763 2191 163 67 generari
885 2191 190 67 subiectiue
1034 2191 68 67 &
1061 2191 136 67 ipsius
1156 2191 122 67 posse
1238 2191 163 67 generari
1360 2191 190 67 obiectiue:
1509 2191 203 67 quemadmodum
1671 2191 176 67 identitas
1807 2191 95 67 est
1848 2191 54 67 se

408 2235 114 60 cundum
487 2235 79 60 rem
533 2235 114 60 geniti
612 2235 57 60 &
635 2235 114 60 illius
714 2235 68 60 de
748 2235 79 60 quo
794 2235 159 60 generatur,
919 2235 57 60 &
941 2235 170 60 differentia
1078 2235 136 60 secundum
1180 2235 102 60 solam
1248 2235 148 60 rationem.
1361 2235 91 60 Vnde
1418 2235 91 60 quia
1475 2235 136 60 generari
1577 2235 79 60 per
1623 2235 68 60 se
1657 2235 159 60 proprietas
1781 2235 79 60 est
1816 2235 79 60 filii

413 2279 60 67 &
437 2279 120 67 solius
521 2279 108 67 filii
594 2279 60 67 &
618 2279 72 67 in
654 2279 96 67 solo
714 2279 120 67 filio:
798 2279 96 67 ideo
858 2279 96 67 dico
919 2279 96 67 quod
979 2279 96 67 ista
1039 2279 144 67 potentia
1147 2279 157 67 generandi
1268 2279 132 67 passiue
1364 2279 144 67 scilicet
1473 2279 157 67 obiectiue
1593 2279 72 67 in
1629 2279 120 67 ordine
1713 2279 72 67 ad
1749 2279 108 67 illum
1822 2279 60 67 a
1846 2279 84 67 quo

407 2325 154 69 generatur
525 2325 142 69 aliquis,
632 2325 71 69 in
667 2325 106 69 filio
738 2325 83 69 est
785 2325 59 69 &
809 2325 106 69 filii
880 2325 165 69 proprietas
1009 2325 59 69 &
1033 2325 118 69 solius
1116 2325 106 69 filii
1187 2325 59 69 &
1210 2325 71 69 in
1246 2325 94 69 solo
1305 2325 118 69 filio.
1387 2325 71 69 Et
1423 2325 154 69 similiter
1541 2325 83 69 est
1588 2325 71 69 in
1624 2325 94 69 solo
1683 2325 106 69 filio
1753 2325 142 69 secundum
1848 2325 59 69 or-

414 2375 102 57 dinem
482 2375 91 57 quem
538 2375 102 57 habet
606 2375 68 57 ad
640 2375 68 57 id
674 2375 68 57 de
708 2375 79 57 quo
754 2375 159 57 generatur:
879 2375 79 57 sed
924 2375 79 57 non
969 2375 79 57 est
1015 2375 170 57 proprietas:
1151 2375 91 57 quia
1207 2375 102 57 solum
1275 2375 79 57 est
1321 2375 136 57 secundum
1423 2375 136 57 rationem
1525 2375 147 57 differens
1638 2375 57 57 a
1661 2375 136 57 potentia
1763 2375 91 57 quae
1808 2375 91 57 potest

409 2430 71 48 de
445 2430 95 48 illo
504 2430 155 48 generari.
623 2430 95 48 Vnde
683 2430 107 48 nulla
754 2430 178 48 potentiarum
897 2430 107 48 quasi
968 2430 167 48 passiuarum
1099 2430 71 48 in
1135 2430 119 48 diuina
1218 2430 178 48 productione
1361 2430 167 48 proprietas
1492 2430 83 48 est
1539 2430 131 48 excepta
1634 2430 95 48 illa
1694 2430 95 48 quae
1753 2430 131 48 persona
1849 2430 83 48 pro

416 2473 107 56 duci
483 2473 134 56 potest
577 2473 148 56 passiue
684 2473 67 56 &
711 2473 188 56 obiectiue,
859 2473 81 56 vt
899 2473 148 56 genitum
1007 2473 67 56 a
1034 2473 188 56 generante.
1181 2473 81 56 De
1222 2473 161 56 potentia
1343 2473 121 56 autem
1423 2473 148 56 passiua
1531 2473 67 56 &
1558 2473 121 56 quasi
1638 2473 188 56 subiectiua
1786 2473 81 56 in
1826 2473 81 56 eo
1853 2473 54 56 de

411 2509 83 61 quo
459 2509 167 61 producitur
590 2509 107 61 quis,
661 2509 95 61 puta
721 2509 72 61 in
757 2509 167 61 intellectu
888 2509 72 61 de
924 2509 83 61 quo
971 2509 167 61 producitur
1102 2509 131 61 verbum,
1198 2509 119 61 clarum
1281 2509 83 61 est
1329 2509 95 61 quod
1388 2509 72 61 eo
1424 2509 95 61 modo
1484 2509 83 61 quo
1532 2509 83 61 est
1579 2509 143 61 potentia
1686 2509 143 61 secundum
1782 2509 119 61 rationem

415 2552 67 71 in
448 2552 90 71 ipso
504 2552 157 71 intellectu
628 2552 78 71 est
672 2552 134 71 secundum
773 2552 146 71 rationem.
885 2552 101 71 Vtrum
952 2552 101 71 autem
1019 2552 67 71 in
1053 2552 90 71 ipso
1109 2552 157 71 intellectu
1232 2552 67 71 vt
1266 2552 78 71 est
1311 2552 112 71 patris
1389 2552 90 71 quid
1445 2552 134 71 generat,
1546 2552 67 71 an
1579 2552 67 71 vt
1613 2552 78 71 est
1658 2552 101 71 filii
1725 2552 90 71 quid
1781 2552 146 71 generatur

421 2598 77 57 de
460 2598 90 57 hoc
511 2598 129 57 nondum
602 2598 90 57 est
653 2598 142 57 clarum:
757 2598 90 57 sed
808 2598 90 57 iam
860 2598 168 57 videbitur
989 2598 103 57 quid
1053 2598 77 57 de
1092 2598 90 57 hoc
1144 2598 181 57 sentiendum
1286 2598 90 57 sit
1337 2598 77 57 in
1376 2598 206 57 dissolutione
1544 2598 155 57 rationis
1660 2598 155 57 quintae.

457 2642 140 72 Quia
544 2642 140 72 ergo
632 2642 246 72 arguebatur
825 2642 175 72 primo,
948 2642 140 72 quod
1035 2642 210 72 potentia
1193 2642 228 72 generandi
1368 2642 193 72 passiue
1509 2642 123 72 non
1579 2642 123 72 est
1649 2642 105 72 in
1702 2642 175 72 filio:
1807 2642 105 72 quia

421 2696 94 80 pse
474 2696 94 80 est
528 2696 148 80 necesse
635 2696 107 80 esse
702 2696 121 80 sicut
783 2696 134 80 pater,
877 2696 67 80 &
904 2696 161 80 potentia
1024 2696 174 80 generandi
1159 2696 121 80 ponit
1239 2696 121 80 posse
1320 2696 121 80 esse:
1400 2696 107 80 quia
1467 2696 174 80 generatio
1601 2696 94 80 est
1655 2696 121 80 actus
1736 2696 81 80 ad
1776 2696 107 80 esse
1829 2696 81 80 pos
