2017 3224
125 241 84 70 se
167 241 127 70 autem
252 241 113 70 esse
322 241 197 70 contrarium
477 241 99 70 est
533 241 84 70 ad
575 241 155 70 necesse
688 241 127 70 esse:
772 241 169 70 Dicendum
899 241 113 70 quod
969 241 155 70 aliquid
1082 241 99 70 vel
1138 241 155 70 aliquis
1251 241 141 70 potest
1350 241 183 70 intelligi
1490 241 113 70 esse
1547 241 70 70 pos

123 307 129 50 sibile
213 307 103 50 esse
277 307 77 50 ab
316 307 116 50 alio,
393 307 193 50 dupliciter:
548 307 90 50 vel
599 307 193 50 formaliter,
753 307 90 50 vel
805 307 231 50 principiatiue.
998 307 103 50 Quod
1062 307 116 50 primo
1139 307 103 50 modo
1203 307 90 50 est
1255 307 167 50 possibile
1384 307 103 50 esse
1448 307 77 50 ab
1486 307 116 50 alio,
1551 307 64 50 se-

119 352 152 48 cundum
225 352 91 48 se
270 352 106 48 est
331 352 152 48 natura
437 352 76 48 &
468 352 182 48 essentia
604 352 152 48 aliqua
710 352 121 48 quae
786 352 167 48 quantum
907 352 106 48 est
968 352 91 48 ex
1014 352 91 48 se
1059 352 136 48 caret
1150 352 136 48 forma
1241 352 182 48 essendi:
1378 352 76 48 &
1408 352 121 48 ideo
1469 352 136 48 oportet

126 400 113 56 quod
196 400 85 56 ei
239 400 113 56 esse
309 400 197 56 acquiratur
464 400 85 56 ab
507 400 127 56 alio.
591 400 70 56 &
619 400 113 56 tale
690 400 127 56 solum
774 400 99 56 est
831 400 85 56 in
873 400 197 56 creaturis,
1028 400 70 56 &
1056 400 85 56 in
1099 400 155 56 omnibus
1211 400 183 56 creaturis
1352 400 141 56 quibus
1451 400 113 56 esse
1507 400 99 56 acqui

118 452 133 51 ritur
207 452 103 51 non
266 452 118 51 nisi
340 452 103 51 per
399 452 162 51 aliquid
517 452 177 51 existens
649 452 133 51 extra
738 452 133 51 earum
826 452 207 51 essentiam:
989 452 118 51 quia
1062 452 162 51 quantum
1180 452 103 51 est
1239 452 89 51 de
1284 452 89 51 se
1328 452 74 51 &
1357 452 103 51 sua
1416 452 177 51 essentia
1534 452 74 51 mu-

121 489 146 57 tabiles
227 489 106 57 sunt
293 489 80 57 de
333 489 93 57 non
386 489 106 57 esse
452 489 80 57 in
492 489 119 57 esse:
571 489 66 57 &
598 489 186 57 econuerso.
744 489 66 57 &
770 489 106 57 tale
836 489 119 57 posse
916 489 106 57 esse
982 489 80 57 ab
1022 489 119 57 alio,
1101 489 93 57 est
1154 489 186 57 contrarium
1300 489 146 57 necesse
1406 489 119 57 esse:
1486 489 106 57 vnde
1539 489 66 57 nec

125 534 81 51 ab
165 534 107 51 alio
232 534 134 51 potest
326 534 107 51 esse
393 534 148 51 necesse
500 534 121 51 esse.
581 534 107 51 Quod
648 534 107 51 vero
715 534 94 51 est
769 534 174 51 possibile
903 534 107 51 esse
970 534 81 51 ab
1010 534 107 51 alio
1078 534 148 51 secundo
1185 534 121 51 modo,
1265 534 161 51 secundum
1386 534 81 51 se
1427 534 94 51 est
1480 534 134 51 natura
1561 534 40 51 &

122 583 164 56 essentia
245 583 136 56 aliqua
341 583 109 56 quae
409 583 82 56 ex
450 583 82 56 se
491 583 191 56 formaliter
641 583 96 56 est
695 583 109 56 ipsa
764 583 123 56 forma
846 583 150 56 essendi
955 583 68 56 &
982 583 123 56 ipsum
1064 583 123 56 esse:
1146 583 96 56 cui
1200 583 150 56 idcirco
1309 583 123 56 nihil
1391 583 136 56 potest
1473 583 123 56 acquiri

125 623 73 65 ab
161 623 110 65 alio:
235 623 85 65 sed
283 623 98 65 quod
345 623 110 65 ipsum
418 623 159 65 possibile
540 623 98 65 esse
601 623 98 65 tale
662 623 85 65 sit
711 623 98 65 esse
772 623 147 65 secundum
882 623 122 65 actum,
967 623 85 65 hoc
1016 623 110 65 habet
1089 623 208 65 principiatiue
1260 623 73 65 ab
1297 623 110 65 alio.
1370 623 73 65 Et
1407 623 98 65 tale
1468 623 110 65 posse
1529 623 73 65 esse

119 671 80 58 ab
159 671 107 58 alio
226 671 94 58 non
279 671 161 58 repugnat
400 671 80 58 ei
440 671 107 58 quod
507 671 94 58 est
560 671 147 58 necesse
667 671 120 58 esse:
748 671 107 58 quia
814 671 80 58 ex
855 671 80 58 se
895 671 187 58 formaliter
1042 671 94 58 est
1095 671 147 58 necesse
1203 671 107 58 esse
1269 671 120 58 licet
1350 671 80 58 ab
1390 671 107 58 alio
1443 671 161 58 principia-

111 728 110 50 tiue.
184 728 98 50 Quia
245 728 110 50 autem
318 728 98 50 esse
379 728 171 50 formaliter
513 728 134 50 necesse
611 728 98 50 esse
672 728 85 50 non
721 728 122 50 potest
806 728 98 50 esse
867 728 98 50 nisi
928 728 98 50 vnum
989 728 146 50 secundum
1099 728 195 50 substantiam,
1257 728 98 50 quia
1318 728 85 50 est
1367 728 122 50 primum
1453 728 98 50 ens:
1514 728 61 50 a
1538 728 85 50 quo

109 761 117 57 autem
187 761 104 57 quis
252 761 117 57 habet
331 761 104 57 quod
396 761 91 57 sit
448 761 143 57 necesse
552 761 104 57 esse
617 761 104 57 ille
683 761 91 57 non
735 761 130 57 potest
826 761 104 57 esse
891 761 104 57 nisi
956 761 143 57 necesse
1061 761 117 57 esse:
1139 761 104 57 quia
1204 761 169 57 possibile
1334 761 104 57 esse
1399 761 182 57 formaliter
1530 761 65 57 cum

120 807 90 59 sit
172 807 167 59 posterius
300 807 103 59 esse
365 807 103 59 quam
429 807 90 59 sit
480 807 142 59 necesse
583 807 103 59 esse
648 807 90 59 non
699 807 129 59 potest
789 807 103 59 esse
854 807 180 59 principium
995 807 103 59 eius
1060 807 103 59 quod
1124 807 90 59 est
1175 807 142 59 necesse
1278 807 116 59 esse:
1356 807 116 59 Patet
1433 807 129 59 igitur
1523 807 103 59 quod

122 853 106 49 ambo
188 853 106 49 sunt
255 853 146 49 eiusdem
361 853 213 49 substantiae,
534 853 159 49 scilicet
653 853 66 49 &
680 853 106 49 ille
746 853 93 49 qui
800 853 120 49 habet
879 853 106 49 quod
946 853 93 49 sit
999 853 146 49 necesse
1105 853 106 49 esse
1172 853 80 49 ab
1212 853 120 49 alio,
1291 853 66 49 &
1318 853 106 49 ille
1384 853 66 49 a
1411 853 93 49 quo
1464 853 120 49 habet
1531 853 66 49 hoc

122 899 79 52 Et
161 899 92 52 sic
214 899 132 52 filius
306 899 105 52 siue
372 899 132 52 verbum
464 899 92 52 est
516 899 171 52 possibile
648 899 105 52 esse
714 899 79 52 ab
753 899 105 52 alio
819 899 237 52 principiatiue,
1016 899 66 52 a
1043 899 92 52 quo
1095 899 118 52 habet
1174 899 105 52 quod
1240 899 92 52 sit
1292 899 145 52 necesse
1398 899 105 52 esse
1463 899 79 52 ex
1503 899 79 52 se
1529 899 66 52 for

115 945 163 57 maliter,
238 945 122 57 sicut
319 945 95 57 est
373 945 109 57 ille
441 945 68 57 a
468 945 95 57 quo
522 945 122 57 illud
604 945 136 57 habet.
699 945 81 57 Et
739 945 95 57 sic
794 945 81 57 ex
834 945 81 57 se
875 945 136 57 habens
970 945 109 57 esse
1038 945 190 57 formaliter
1187 945 95 57 non
1241 945 149 57 frustra
1350 945 95 57 est
1404 945 176 57 possibile
1540 945 81 57 ab

107 988 113 62 alio
178 988 142 62 habere
277 988 113 62 esse
347 988 255 62 principiatiue:
560 988 113 62 quia
631 988 127 62 illud
715 988 85 62 ex
758 988 85 62 se
800 988 99 62 non
857 988 156 62 haberet
970 988 198 62 formaliter
1126 988 113 62 nisi
1197 988 142 62 posset
1296 988 127 62 illud
1381 988 142 62 habere
1480 988 85 62 ab
1508 988 85 62 alio

113 1040 241 54 principiatiue:
314 1040 67 54 &
340 1040 94 54 hoc
394 1040 94 54 per
448 1040 174 54 potentiam
582 1040 107 54 quae
649 1040 94 54 est
702 1040 80 54 in
742 1040 161 54 producto
863 1040 80 54 vt
903 1040 134 54 possit
997 1040 147 54 produci
1104 1040 80 54 de
1144 1040 107 54 alio
1211 1040 188 54 obiectiue,
1359 1040 67 54 &
1386 1040 107 54 quae
1453 1040 94 54 est
1506 1040 80 54 in
1546 1040 80 54 in

110 1087 181 45 tellectu
246 1087 226 45 producentis
427 1087 91 45 vt
472 1087 91 45 de
517 1087 91 45 eo
563 1087 151 45 possit
668 1087 166 45 produci
789 1087 211 45 subiectiue
955 1087 181 45 secundum
1091 1087 211 45 praedictum
1257 1087 151 45 modum.
1393 1087 91 45 Ad
1438 1087 136 45 cuius
1514 1087 75 45 am-

118 1126 152 60 pliorem
229 1126 207 60 intellectum
394 1126 97 60 est
450 1126 221 60 aduertendum,
629 1126 110 60 quod
698 1126 166 60 secundum
823 1126 262 60 praedeterminata
1044 1126 110 60 iam,
1113 1126 83 60 in
1154 1126 97 60 deo
1209 1126 97 60 est
1265 1126 110 60 tria
1334 1126 221 60 considerare:
1499 1126 97 60 scili

108 1176 102 53 cet
167 1176 131 53 ipsam
254 1176 219 53 substantiam
429 1176 160 53 diuinam
546 1176 102 53 sub
604 1176 160 53 ratione
721 1176 233 53 intellectus,
910 1176 73 53 &
939 1176 131 53 ipsam
1027 1176 175 53 actualem
1158 1176 175 53 notitiam
1289 1176 131 53 quasi
1376 1176 146 53 formam
1464 1176 131 53 intelle

117 1216 113 65 ctus
187 1216 169 65 secundum
314 1216 141 65 formam
413 1216 253 65 intelligentis,
624 1216 70 65 &
652 1216 127 65 ipsam
736 1216 155 65 diuinam
849 1216 183 65 essentiam
990 1216 84 65 vt
1032 1216 99 65 est
1088 1216 155 65 quoddam
1201 1216 239 65 intelligibile
1398 1216 169 65 obiectum
1525 1216 99 65 quo

107 1260 213 63 intellectus
277 1260 128 63 habet
362 1260 113 63 esse
433 1260 128 63 quasi
518 1260 71 63 a
546 1260 142 63 quodam
646 1260 142 63 actiuo
745 1260 199 63 informante
901 1260 213 63 intellectum
1071 1260 170 63 secundum
1199 1260 128 63 actum
1284 1260 227 63 intelligendi
1454 1260 142 63 termina-

112 1308 98 59 tum
168 1308 84 59 ad
210 1308 126 59 ipsam
294 1308 84 59 vt
337 1308 84 59 ad
379 1308 154 59 formale
491 1308 182 59 cognitum:
631 1308 112 59 quae
702 1308 168 59 secundum
828 1308 168 59 rationem
954 1308 182 59 solummodo
1095 1308 197 59 differunt,
1249 1308 70 59 &
1277 1308 112 59 sunt
1347 1308 197 59 communiter
1502 1308 84 59 in
1530 1308 70 59 tri

103 1354 97 57 bus
158 1354 166 57 personis
283 1354 152 57 diuinis
393 1354 97 57 sub
448 1354 248 57 proprietatibus
655 1354 138 57 quibus
752 1354 166 57 personae
876 1354 124 57 illae
959 1354 124 57 inter
1042 1354 83 57 se
1083 1354 248 57 distinguuntur:
1290 1354 69 57 &
1318 1354 193 57 conueniunt
1456 1354 138 57 singulis

106 1396 194 64 formaliter
259 1396 83 64 ex
300 1396 166 64 seipsis:
425 1396 97 64 sed
480 1396 83 64 ab
522 1396 111 64 alio
591 1396 235 64 principiatiue
785 1396 111 64 sunt
854 1396 83 64 in
896 1396 125 64 filio
979 1396 69 64 &
1006 1396 152 64 spiritu
1117 1396 152 64 sancto,
1228 1396 69 64 &
1256 1396 83 64 in
1297 1396 125 64 patre
1380 1396 97 64 non
1436 1396 83 64 ab
1477 1396 125 64 alio.
1547 1396 55 64 Et

121 1444 76 58 vt
159 1444 101 58 sunt
223 1444 76 58 in
261 1444 127 58 patre,
349 1444 165 58 huiusmodi
476 1444 139 58 notitia
577 1444 114 58 habet
653 1444 152 58 secundum
767 1444 240 58 considerationem
969 1444 152 58 rationis
1083 1444 114 58 quasi
1159 1444 139 58 formari
1260 1444 76 58 in
1298 1444 177 58 intellectu
1437 1444 76 58 vt
1475 1444 89 58 est
1513 1444 89 58 intel

117 1490 144 53 lectus
217 1490 216 53 simpliciter
390 1490 72 53 &
419 1490 115 53 pure
491 1490 130 53 quasi
577 1490 187 53 passiuus,
721 1490 72 53 &
750 1490 86 53 vt
793 1490 115 53 ipsa
866 1490 158 53 notitia
981 1490 101 53 est
1038 1490 216 53 simpliciter
1211 1490 115 53 siue
1283 1490 158 53 simplex
1398 1490 173 53 notitia,
1528 1490 72 53 &
1542 1490 58 53 vt

107 1533 117 62 ipsum
185 1533 156 62 obiectum
302 1533 195 62 simpliciter
458 1533 130 62 mouens
549 1533 78 62 ad
588 1533 117 62 actum
666 1533 221 62 intelligendi,
848 1533 65 62 &
874 1533 195 62 simpliciter
1030 1533 169 62 cognitum.
1160 1533 130 62 Quibus
1251 1533 91 62 sic
1303 1533 78 62 se
1342 1533 182 62 habentibus
1485 1533 78 62 in
1511 1533 91 62 patre

106 1584 67 48 &
132 1584 108 48 sola
200 1584 148 48 ratione
308 1584 121 48 inter
388 1584 81 48 se
429 1584 243 48 differentibus,
631 1584 108 48 ipse
698 1584 202 48 intellectus
860 1584 81 48 vt
900 1584 108 48 pris
968 1584 94 48 est
1022 1584 94 48 non
1076 1584 121 48 solum
1156 1584 108 48 stat
1224 1584 81 48 in
1264 1584 162 48 simplici
1385 1584 148 48 notitia
1493 1584 81 48 ad
1520 1584 81 48 quam

101 1624 96 65 est
156 1624 123 65 quasi
238 1624 109 65 pure
306 1624 178 65 passiuus:
443 1624 96 65 sed
497 1624 232 65 spiritualiter
689 1624 82 65 se
730 1624 178 65 convertit
866 1624 123 65 super
948 1624 150 65 seipsum
1057 1624 68 65 &
1085 1624 109 65 suum
1153 1624 123 65 actum
1235 1624 68 65 &
1262 1624 123 65 super
1344 1624 164 65 obiectum
1453 1624 137 65 cognitum

119 1672 91 54 Hoc
171 1672 91 54 est
223 1672 104 54 enim
289 1672 144 54 naturae
393 1672 183 54 cuiuslibet
537 1672 196 54 substantiae
694 1672 235 54 intellectualis
890 1672 170 54 sepeatae:
1020 1672 104 54 quae
1086 1672 196 54 intellectus
1242 1672 144 54 actiuus
1347 1672 104 54 est:
1412 1672 65 54 &
1438 1672 91 54 non
1490 1672 118 54 solum
1556 1672 52 54 ha

101 1719 90 49 bet
153 1719 155 49 rationem
269 1719 194 49 intellectus
424 1719 77 49 in
463 1719 181 49 recipiendo
605 1719 90 49 sed
656 1719 155 49 aspectus
773 1719 77 49 in
811 1719 207 49 considerando
979 1719 65 49 &
1005 1719 194 49 diligentius
1160 1719 155 49 intuendo
1276 1719 155 49 seipsum,
1392 1719 103 49 suam
1457 1719 155 49 naturam,
1560 1719 39 49 &

114 1764 128 61 ipsum
199 1764 171 61 cognitum
327 1764 85 61 ab
370 1764 99 61 eo.
426 1764 85 61 Et
469 1764 99 61 per
526 1764 99 61 hoc
583 1764 213 61 intellectus
753 1764 142 61 patris
853 1764 99 61 est
910 1764 85 61 in
952 1764 171 61 potentia
1080 1764 185 61 propinqua
1222 1764 85 61 vt
1265 1764 85 61 de
1308 1764 85 61 eo
1350 1764 185 61 generetur
1478 1764 114 61 verbum

108 1809 109 58 Etem
176 1809 204 58 intellectus
340 1809 191 58 informatus
490 1809 150 58 notitia
599 1809 177 58 simplici,
735 1809 95 58 qui
789 1809 82 58 in
830 1809 123 58 patre
912 1809 123 58 tenet
993 1809 163 58 rationem
1116 1809 163 58 memoriae
1238 1809 109 58 siue
1306 1809 163 58 notitiae
1429 1809 109 58 quae
1483 1809 123 58 dicitur

99 1855 173 54 memoria,
228 1855 115 54 agit
301 1855 87 54 in
344 1855 130 54 ipsum
430 1855 216 54 intellectum
604 1855 87 54 vt
647 1855 173 54 aspectus
777 1855 101 54 est
834 1855 72 54 &
863 1855 188 54 conversus
1007 1855 130 54 super
1094 1855 159 54 seipsum
1209 1855 72 54 &
1238 1855 130 54 super
1325 1855 173 54 notitiam
1455 1855 101 54 qua
1498 1855 101 54 infor

98 1909 123 56 matur
181 1909 69 56 &
208 1909 123 56 super
290 1909 165 56 obiectum
414 1909 165 56 cognitum
537 1909 69 56 a
565 1909 96 56 quo
619 1909 206 56 informatur,
784 1909 178 56 generando
921 1909 82 56 de
962 1909 110 56 ipso
1031 1909 69 56 &
1058 1909 82 56 in
1099 1909 110 56 ipso
1168 1909 165 56 notitiam
1291 1909 110 56 sibi
1360 1909 192 56 simillimam
1497 1909 96 56 termi

115 1944 109 58 natam
187 1944 73 58 in
224 1944 133 58 idipsum
320 1944 60 58 a
345 1944 85 58 quo
393 1944 157 58 generatur
514 1944 73 58 vt
550 1944 73 58 in
586 1944 145 58 obiectum
695 1944 133 58 vnicum,
792 1944 109 58 licet
865 1944 97 58 tria
925 1944 73 58 in
961 1944 73 58 se
997 1944 157 58 contineat
1118 1944 145 58 secundum
1227 1944 157 58 rationem.
1348 1944 73 58 vt
1384 1944 85 58 non
1433 1944 109 58 solum
1505 1944 97 58 illa
1554 1944 48 58 no

117 1989 114 62 titia
193 1989 101 62 quae
256 1989 126 62 verbum
345 1989 88 62 est
395 1989 88 62 sit
446 1989 177 62 similitudo
584 1989 139 62 obiecti
685 1989 76 62 in
723 1989 151 62 simplici
837 1989 151 62 notitia:
950 1989 88 62 sed
1001 1989 63 62 &
1026 1989 126 62 illius
1114 1989 151 62 notitiae
1228 1989 63 62 &
1253 1989 189 62 intellectus
1405 1989 76 62 in
1443 1989 88 62 quo
1493 1989 101 62 est:
1544 1989 50 62 vt

118 2035 132 62 secundum
217 2035 77 62 hoc
261 2035 165 62 intellectus
393 2035 88 62 quid
448 2035 77 62 est
492 2035 132 62 aspectus
590 2035 132 62 secundum
689 2035 110 62 actum,
766 2035 77 62 est
810 2035 121 62 aliquid
898 2035 99 62 verbi
964 2035 132 62 secundum
1063 2035 143 62 rationem,
1173 2035 110 62 hamens
1249 2035 66 62 in
1282 2035 66 62 se
1315 2035 132 62 notitiam
1414 2035 99 62 illam
1480 2035 88 62 quae
1524 2035 66 62 ter-

102 2079 153 66 minatur
214 2079 84 66 ad
255 2079 125 66 illud
339 2079 125 66 totum
423 2079 84 66 in
464 2079 139 66 patre.
562 2079 84 66 Et
604 2079 98 66 per
659 2079 98 66 hoc
715 2079 153 66 notitia
827 2079 139 66 patris
924 2079 153 66 simplex
1036 2079 153 66 notitia
1147 2079 111 66 est,
1217 2079 181 66 terminata
1356 2079 84 66 ad
1398 2079 153 66 diuinam
1495 2079 98 66 essen

110 2133 99 57 tiam
171 2133 74 57 vt
208 2133 185 57 simpliciter
356 2133 160 57 cognitum.
479 2133 135 57 Notitia
578 2133 99 57 vero
639 2133 111 57 filil
713 2133 148 57 scilicet
824 2133 99 57 illa
886 2133 99 57 quae
947 2133 123 57 verbum
1033 2133 86 57 est
1083 2133 62 57 &
1107 2133 135 57 filius,
1206 2133 86 57 est
1255 2133 185 57 declaratiua
1403 2133 160 57 terminata
1514 2133 86 57 intui

110 2175 103 60 tiue
175 2175 90 60 non
226 2175 116 60 solum
304 2175 77 60 ad
342 2175 155 60 cognitum
458 2175 103 60 illa
523 2175 155 60 simplici
639 2175 155 60 notitia:
755 2175 77 60 vt
794 2175 155 60 scilicet
910 2175 77 60 id
948 2175 103 60 quid
1013 2175 103 60 illa
1077 2175 142 60 notitia
1180 2175 155 60 cognitum
1296 2175 103 60 erat
1361 2175 206 60 simpliciter,
1516 2175 77 60 ista

107 2224 151 46 notitia
217 2224 206 46 cognoscatur
383 2224 206 46 discretiue:
548 2224 96 46 sed
603 2224 124 46 etiam
685 2224 83 46 ad
727 2224 124 46 ipsam
809 2224 165 46 notitiam
933 2224 69 46 &
961 2224 83 46 ad
1002 2224 206 46 intellectum
1167 2224 83 46 in
1209 2224 96 46 quo
1264 2224 110 46 est,
1332 2224 69 46 &
1360 2224 96 46 per
1415 2224 96 46 hoc
1470 2224 83 46 ad
1498 2224 96 46 ipsum

103 2266 113 63 totum
179 2266 227 63 intelligentem:
368 2266 101 63 quia
431 2266 189 63 intelligens
582 2266 138 63 notitia
683 2266 76 63 vt
720 2266 189 63 declaratiua
871 2266 101 63 est,
934 2266 88 63 non
985 2266 113 63 solum
1060 2266 176 63 intelligit
1199 2266 88 63 rem
1249 2266 176 63 discretiue
1388 2266 101 63 quam
1438 2266 151 63 intellexit

116 2309 185 62 simpliciter
263 2309 135 62 notitia
362 2309 160 62 simplici:
485 2309 86 62 sed
534 2309 172 62 intelligit
669 2309 86 62 se,
718 2309 62 62 &
743 2309 74 62 se
780 2309 185 62 intelligere
928 2309 123 62 illam:
1014 2309 74 62 in
1051 2309 86 62 quo
1100 2309 172 62 perficitur
1235 2309 111 62 actus
1309 2309 197 62 intelligendi
1469 2309 62 62 &
1481 2309 123 62 perfecta

113 2360 112 50 ratio
187 2360 125 50 verbi,
275 2360 75 50 ne
312 2360 112 50 solum
387 2360 199 50 intelligatur
549 2360 125 50 verbum
636 2360 150 50 generari
748 2360 75 50 ex
786 2360 87 50 hoc
836 2360 100 50 quod
898 2360 187 50 intellectum
1047 2360 150 50 simplici
1160 2360 137 50 notitia
1259 2360 100 50 agit
1322 2360 75 50 in
1359 2360 187 50 intellectum
1509 2360 75 50 vt
1534 2360 62 50 est

107 2402 155 56 aspectus
223 2402 168 56 generando
352 2402 77 56 in
391 2402 77 56 se
429 2402 155 56 notitiam
545 2402 206 56 discretiuam.
713 2402 90 56 Non
764 2402 103 56 enim
829 2402 129 56 verbum
919 2402 168 56 solummodo
1048 2402 168 56 generatur
1177 2402 64 56 a
1203 2402 142 56 cognito
1306 2402 77 56 in
1344 2402 155 56 simplici
1460 2402 142 56 notitia
1550 2402 52 56 se

110 2441 131 67 cundum
202 2441 118 67 modum
281 2441 105 67 quem
346 2441 210 67 declarauimus
517 2441 79 67 in
556 2441 197 67 praecedenti
714 2441 197 67 quaestione:
872 2441 92 67 sed
924 2441 118 67 etiam
1003 2441 66 67 a
1029 2441 210 67 cognoscente,
1200 2441 79 67 vt
1239 2441 131 67 ibidem
1331 2441 144 67 diximus
1436 2441 158 67 secundum
1541 2441 53 67 Au

109 2496 176 61 gustinum.
245 2496 81 61 Vt
285 2496 162 61 secundum
407 2496 95 61 hoc
461 2496 81 61 in
501 2496 203 61 generatione
664 2496 122 61 verbi
745 2496 203 61 intellectus
907 2496 203 61 simpliciter
1069 2496 189 61 informatus
1218 2496 162 61 simplici
1339 2496 149 61 notitia
1447 2496 122 61 circa
1515 2496 81 61 obie

105 2544 107 56 ctum
171 2544 200 56 simpliciter
332 2544 160 56 cognitum
452 2544 120 56 totum
532 2544 174 56 inquantum
665 2544 93 56 hoc
719 2544 80 56 vt
759 2544 227 56 intelligibile
946 2544 147 56 quiddam
1053 2544 107 56 agat
1119 2544 93 56 non
1173 2544 93 56 tam
1226 2544 200 56 naturaliter
1386 2544 80 56 vt
1426 2544 160 56 obiectum
1533 2544 67 56 co-

107 2584 185 59 gnoscibile,
255 2584 99 59 quam
317 2584 260 59 intellectualiter,
539 2584 74 59 vt
576 2584 173 59 actualiter
712 2584 185 59 intelligens
861 2584 62 59 &
885 2584 223 59 intellectualis
1071 2584 136 59 notitia
1170 2584 74 59 in
1207 2584 111 59 ipsum
1281 2584 198 59 intellectum,
1442 2584 87 59 hoc
1491 2584 87 59 est
1541 2584 74 59 in

106 2630 144 56 essentiam
217 2630 122 56 diuinam
306 2630 78 56 sub
350 2630 89 56 illa
406 2630 122 56 ratione
494 2630 89 56 quae
550 2630 78 56 est
594 2630 144 56 aspectus.
705 2630 67 56 Et
738 2630 78 56 per
783 2630 78 56 hoc
827 2630 100 56 habet
894 2630 89 56 esse
949 2630 144 56 notitiade
1060 2630 133 56 notitia,
1160 2630 200 56 intelligentia.
1327 2630 133 56 scilicet
1427 2630 67 56 de
1460 2630 133 56 menoria,
1549 2630 44 56 de

106 2670 141 57 claratia
212 2670 70 57 de
247 2670 152 57 simplici.
364 2670 70 57 Et
399 2670 129 57 dicitur
493 2670 164 57 declaratia
622 2670 70 57 ni
657 2670 94 57 quia
716 2670 129 57 clarius
810 2670 176 57 cognoscitur
951 2670 129 57 aliquid
1045 2670 59 57 a
1068 2670 82 57 deo
1115 2670 70 57 in
1150 2670 164 57 declaratia
1279 2670 94 57 quam
1338 2670 70 57 in
1373 2670 152 57 simplici:
1490 2670 70 57 si
1514 2670 70 57 quia

117 2716 118 80 diuina
200 2716 142 80 essentia
306 2716 94 80 quae
365 2716 71 80 in
401 2716 142 80 simplici
507 2716 130 80 notitia
601 2716 177 80 cognoscitur
743 2716 106 80 solum
814 2716 83 80 sub
861 2716 130 80 ratione
955 2716 213 80 intelligibilis
1133 2716 130 80 cogniti
1227 2716 189 80 simpliciter,
1380 2716 71 80 in
1416 2716 177 80 declaratiua
1546 2716 47 80 co
