2017 3215
80 233 149 83 tionem
184 233 104 83 sub
244 233 164 83 ratione
363 233 194 83 definiti,
512 233 119 83 quam
586 233 104 83 sit
646 233 119 83 actu
720 233 179 83 formatum
854 233 164 83 habendo
974 233 89 83 de
1018 233 104 83 eis
1078 233 223 83 cognitionem
1257 233 238 83 determinatam
1450 233 74 83 &
1465 233 134 83 distin-

90 293 126 66 ctam
169 293 94 66 in
216 293 142 66 eorum
311 293 220 66 definitiua
484 293 189 66 ratione.
626 293 79 66 &
657 293 110 66 hoc
720 293 236 66 quemadmodum
909 293 110 66 (vt
972 293 157 66 dicit)
1082 293 142 66 pueri
1177 293 173 66 confusa
1303 293 220 66 cognitione
1460 293 126 66 primum

90 338 186 68 appellant
233 338 129 68 omnes
319 338 129 68 viros
405 338 157 68 patres,
519 338 72 68 &
548 338 129 68 omnes
634 338 172 68 foeminas
763 338 157 68 matres:
877 338 186 68 postmodum
1020 338 115 68 vero
1092 338 172 68 vigorato
1221 338 200 68 intellectu
1378 338 200 68 cognitione
1521 338 72 68 dis

86 384 145 63 creta
182 384 241 63 determinant
376 384 145 63 horum
472 384 258 63 vnumquodque,
681 384 209 63 distincte
842 384 241 63 cognoscendo
1036 384 161 63 patrem
1148 384 145 63 inter
1245 384 145 63 alios
1341 384 161 63 viros,
1454 384 80 63 &
1470 384 129 63 matrem

88 430 138 64 inter
180 430 138 64 alias
272 430 200 64 foeminas.
425 430 77 64 &
456 430 138 64 etiam
548 430 230 64 quemadmodum
732 430 107 64 cum
794 430 169 64 videmus
917 430 169 64 aliquid
1039 430 169 64 alonge,
1162 430 138 64 primo
1254 430 184 64 mediante
1392 430 123 64 visu
1469 430 77 64 &
1485 430 107 64 phan-

84 479 140 61 tasia
178 479 249 61 intelligimus
380 479 140 61 illud
473 479 124 61 esse
550 479 171 61 aliquam
675 479 233 61 substantiam
861 479 217 61 corpoream:
1032 479 202 61 postmodum
1187 479 280 61 appropinquando
1420 479 140 61 magis
1513 479 78 61 &
1529 479 62 61 ma

91 525 105 69 gis
151 525 105 69 per
211 525 135 69 motum
302 525 226 69 cognoscimus
482 525 120 69 quod
557 525 105 69 sit
617 525 165 69 animal:
738 525 150 69 deinde
843 525 105 69 per
903 525 180 69 staturam
1039 525 180 69 corporis
1174 525 226 69 cognoscimus
1354 525 120 69 quod
1430 525 105 69 sit
1490 525 135 69 homo:

94 565 143 67 deinde
194 565 114 67 quis
265 565 114 67 homo
336 565 114 67 sit:
408 565 86 67 si
451 565 129 67 tamen
536 565 100 67 eum
593 565 129 67 alias
679 565 200 67 nouerimus.
836 565 100 67 Sed
893 565 114 67 ista
965 565 171 67 cognitio
1093 565 129 67 adhuc
1179 565 157 67 confusa
1293 565 100 67 est
1350 565 114 67 apud
1407 565 186 67 intellectum

104 612 182 68 quousque
240 612 228 68 cognoscamus
423 612 91 68 de
468 612 152 68 homine
574 612 121 68 quid
650 612 106 68 sit
711 612 91 68 in
756 612 106 68 sua
817 612 167 68 ratione
938 612 228 68 definitiua,
1121 612 121 68 quae
1196 612 106 68 est
1257 612 137 68 eadem
1348 612 167 68 hominis
1470 612 76 68 &
1485 612 106 68 huius

101 658 169 61 nominis
224 658 185 61 secundum
362 658 246 61 Philosophum.
562 658 108 61 Sic
624 658 139 61 autem
716 658 108 61 non
778 658 231 61 cognoscimus
963 658 108 61 eum
1024 658 108 61 iam
1086 658 154 61 habita
1194 658 139 61 prius
1286 658 92 61 de
1332 658 92 61 eo
1378 658 169 61 notitia
1486 658 108 61 confu

85 702 108 62 sa,
146 702 123 62 nisi
223 702 184 62 discursu
361 702 77 62 &
392 702 215 62 intuitione
561 702 231 62 intellectus
746 702 77 62 &
776 702 246 62 irradiatione
976 702 184 62 agentis,
1114 702 184 62 secundum
1253 702 138 62 supra
1345 702 200 62 expositum
1483 702 108 62 modum

92 748 105 65 Per
152 748 120 65 quae
227 748 195 65 patescunt
377 748 135 65 nobis
467 748 90 65 in
511 748 180 65 definito
646 748 150 65 partes
751 748 120 65 eius
826 748 240 65 essentiales,
1021 748 225 65 quemadmodum
1201 748 105 65 (vt
1260 748 135 65 supra
1350 748 195 65 expositum
1500 748 120 65 est)

96 797 173 66 patescit
225 797 129 66 etiam
311 797 230 66 irradiatione
498 797 158 66 agentis
613 797 201 66 vniuersale
771 797 86 66 in
815 797 230 66 phantasmate.
1001 797 115 66 Sunt
1073 797 129 66 autem
1160 797 144 66 partes
1260 797 129 66 illae
1347 797 173 66 secundum
1462 797 129 66 logicam

88 846 240 60 definitionem
283 846 135 60 genus
373 846 75 60 &
403 846 240 60 differentia,
599 846 105 60 sed
659 846 90 60 ex
704 846 105 60 his
764 846 150 60 duobus
869 846 135 60 primo
959 846 135 60 nobis
1049 846 210 60 innotescit
1214 846 135 60 genus
1305 846 165 60 tanquam
1425 846 135 60 magis
1500 846 90 60 con-

92 892 152 57 fusum:
198 892 152 57 deinde
305 892 228 57 differentia
488 892 91 57 vt
533 892 228 57 distinguens
716 892 137 57 genus
807 892 76 57 &
838 892 228 57 determinans
1021 892 137 57 ipsum
1112 892 91 57 ad
1158 892 183 57 speciem:
1295 892 107 57 ita
1356 892 122 57 quod
1432 892 91 57 in
1462 892 122 57 neutro

97 928 129 66 horum
183 928 173 66 secundum
312 928 86 66 se
356 928 216 66 concipiatur
528 928 144 66 verbum
629 928 187 66 perfectum
773 928 187 66 definiti,
917 928 101 66 sed
974 928 86 66 in
1017 928 158 66 vtroque
1133 928 144 66 simul.
1233 928 187 66 Similiter
1377 928 201 66 prioritate
1521 928 72 66 tem

100 977 143 62 poris,
200 977 129 62 licet
285 977 129 62 forte
371 977 271 62 imperceptibilis
600 977 143 62 nobis,
700 977 114 62 nota
771 977 114 62 sunt
843 977 157 62 confusa
957 977 129 62 magis
1043 977 86 62 in
1086 977 100 62 eis
1143 977 114 62 quae
1214 977 114 62 sunt
1286 977 200 62 simplicia,
1443 977 100 62 non
1486 977 114 62 haben-

97 1029 99 56 tia
153 1029 141 56 partes
252 1029 85 56 in
294 1029 169 56 essentia
421 1029 113 56 sua,
492 1029 127 56 neque
576 1029 211 56 definitiuas
745 1029 169 56 rationes
872 1029 85 56 vt
914 1029 113 56 sunt
985 1029 155 56 vltimae
1098 1029 226 56 differentiae
1281 1029 183 56 specierum
1408 1029 197 56 specialissi-

100 1067 147 65 marum.
203 1067 133 65 Talia
292 1067 118 65 enim
366 1067 103 65 cum
425 1067 133 65 primo
513 1067 192 65 occurrunt
660 1067 221 65 intellectui
837 1067 147 65 mouent
940 1067 133 65 ipsum
1029 1067 88 65 ad
1073 1067 236 65 cognoscendum
1265 1067 88 65 de
1309 1067 103 65 eis
1368 1067 118 65 quod
1442 1067 118 65 sint
1501 1067 88 65 ali-

102 1111 113 75 quid
173 1111 85 75 in
215 1111 127 75 rerum
300 1111 156 75 natura,
413 1111 99 75 non
470 1111 127 75 tamen
554 1111 113 75 quid
625 1111 99 75 sit
682 1111 226 75 determinate,
866 1111 85 75 vt
908 1111 170 75 scilicet
1035 1111 99 75 sit
1092 1111 212 75 differentia
1262 1111 127 75 talis
1346 1111 99 75 vel
1403 1111 141 75 talis.
1488 1111 113 75 Semper

88 1161 124 61 tamen
171 1161 96 61 aut
226 1161 124 61 nihil
308 1161 82 61 de
349 1161 96 61 eis
404 1161 220 61 cognoscitur,
583 1161 96 61 aut
638 1161 206 61 cognoscitur
802 1161 124 61 totum
885 1161 110 61 quod
954 1161 96 61 est
1008 1161 82 61 in
1050 1161 96 61 eis
1105 1161 220 61 cognoscibile
1283 1161 151 61 quamuis
1393 1161 96 61 non
1434 1161 165 61 totaliter.

88 1204 89 79 Et
133 1204 104 79 hoc
192 1204 193 79 contingit
341 1204 89 79 in
386 1204 223 79 intellectu,
564 1204 223 79 quemadmodum
743 1204 193 79 contingit
892 1204 89 79 in
936 1204 149 79 sensu.
1040 1204 104 79 Cum
1100 1204 119 79 enim
1174 1204 89 79 in
1219 1204 119 79 luce
1293 1204 164 79 obscura
1412 1204 119 79 siue
1487 1204 134 79 modi-

94 1249 89 66 ca
139 1249 164 66 videmus
258 1249 149 66 librum
362 1249 193 66 scriptum,
510 1249 149 66 statim
615 1249 164 66 videmus
734 1249 119 66 quod
808 1249 89 66 in
853 1249 89 66 eo
897 1249 164 66 aliquid
1016 1249 178 66 scriptum
1150 1249 119 66 sit.
1224 1249 104 66 Sed
1284 1249 119 66 quod
1358 1249 104 66 non
1418 1249 164 66 videmus
1522 1249 74 66 dis

99 1295 154 65 cretiue
211 1295 112 65 quod
281 1295 84 65 in
322 1295 84 65 eo
364 1295 168 65 scriptum
490 1295 112 65 sit,
560 1295 98 65 hoc
616 1295 98 65 fit
671 1295 98 65 per
727 1295 112 65 duo:
797 1295 140 65 quorum
895 1295 140 65 primum
993 1295 98 65 est
1048 1295 126 65 lucis
1132 1295 182 65 intentio,
1272 1295 126 65 cuius
1356 1295 223 65 irradiatione
1523 1295 70 65 cla

93 1345 151 61 riore
194 1345 201 61 patescit
345 1345 151 61 visui
446 1345 134 61 quid
529 1345 201 61 scriptum
680 1345 117 61 sit
747 1345 201 61 amotione
898 1345 201 61 tenebrae
1049 1345 268 61 obumbrantis.
1267 1345 201 61 secundum
1418 1345 134 61 quem
1486 1345 117 61 modum

104 1388 182 67 rradiat
237 1388 116 67 lux
303 1388 182 67 agentis
436 1388 149 67 super
535 1388 248 67 phantasmata
734 1388 199 67 amouendo
883 1388 166 67 vmbram
999 1388 282 67 particularium
1231 1388 331 67 circunstantiarum
1496 1388 99 67 mate

93 1436 137 62 riae,
184 1436 182 62 secundum
320 1436 121 62 quem
396 1436 137 62 modum
487 1436 137 62 etiam
578 1436 182 62 irradiat
715 1436 137 62 super
806 1436 167 62 confuse
927 1436 228 62 intellectum
1109 1436 182 62 amouendo
1246 1436 152 62 vmbram
1352 1436 243 62 confusionis.
1534 1436 61 62 Se

99 1477 149 64 cundum
203 1477 119 64 vero
277 1477 104 64 est
337 1477 134 64 visus
426 1477 238 64 approximatio
619 1477 178 64 secundum
753 1477 119 64 quod
827 1477 134 64 visus
916 1477 193 64 discernit
1064 1477 74 64 a
1094 1477 193 64 propinquo
1243 1477 119 64 quid
1317 1477 104 64 non
1376 1477 193 64 discernit
1525 1477 74 64 a
1540 1477 59 64 re

105 1524 143 64 motis.
205 1524 86 64 Et
247 1524 100 64 est
304 1524 171 64 aspectus
433 1524 143 64 ipsius
533 1524 214 64 intellectus
704 1524 114 64 siue
775 1524 185 64 intuitio,
918 1524 143 64 ipsius
1017 1524 86 64 ad
1060 1524 242 64 intelligibile
1260 1524 257 64 appropinquatio
1459 1524 143 64 spiritua

96 1573 114 60 lis:
167 1573 100 60 qua
224 1573 128 60 quasi
310 1573 214 60 penetrantur
481 1573 114 60 eius
552 1573 200 60 interiora:
709 1573 71 60 &
737 1573 100 60 est
794 1573 86 60 in
837 1573 128 60 sensu
923 1573 128 60 visus
1008 1573 114 60 illa
1080 1573 128 60 visio
1165 1573 128 60 certa
1251 1573 71 60 &
1279 1573 171 60 discreta
1408 1573 128 60 eadem
1493 1573 86 60 re
1522 1573 71 60 cum

105 1617 115 62 illa
176 1617 129 62 prius
262 1617 172 62 confusa,
391 1617 186 62 differens
535 1617 129 62 solum
621 1617 172 62 secundum
750 1617 129 62 magis
836 1617 72 62 &
865 1617 143 62 minus.
965 1617 86 62 Et
1008 1617 100 62 est
1065 1617 115 62 illa
1137 1617 215 62 determinata
1309 1617 129 62 quasi
1395 1617 143 62 verbum
1496 1617 86 62 in
1524 1617 72 62 sen

89 1656 100 66 su,
146 1656 100 66 sed
203 1656 100 66 non
260 1656 157 66 proprie
375 1656 100 66 est
432 1656 157 66 verbum,
547 1656 86 66 eo
590 1656 115 66 quod
661 1656 100 66 non
719 1656 172 66 formatur
848 1656 157 66 actione
962 1656 157 66 sensus:
1077 1656 100 66 sed
1134 1656 200 66 tantummodo
1291 1656 172 66 obiecti.
1420 1656 129 66 Magis
1492 1656 100 66 tamen

94 1709 126 60 habet
178 1709 84 60 de
220 1709 154 60 ratione
331 1709 126 60 verbi
415 1709 112 60 quam
485 1709 126 60 illud
569 1709 112 60 quod
639 1709 140 60 quidam
736 1709 140 60 dicunt
834 1709 112 60 esse
904 1709 140 60 verbum
1002 1709 195 60 essentiale
1155 1709 84 60 in
1197 1709 168 60 diuinis,
1323 1709 112 60 quia
1393 1709 98 60 ibi
1448 1709 126 60 visio
1518 1709 84 60 cer-

98 1755 84 61 ta
140 1755 224 61 praesupponit
322 1755 182 61 confusam:
462 1755 84 61 in
504 1755 154 61 diuinis
616 1755 126 61 autem
700 1755 154 61 notitia
812 1755 210 61 essentialis
981 1755 140 61 nullam
1079 1755 126 61 aliam
1163 1755 238 61 praesupponit.
1359 1755 84 61 Et
1401 1755 154 61 notitia
1499 1755 98 61 decla

100 1799 142 61 tatiua
199 1799 114 61 quae
270 1799 142 61 verbum
370 1799 114 61 est,
441 1799 142 61 semper
541 1799 171 61 supponit
669 1799 171 61 notitiam
797 1799 199 61 simplicem:
953 1799 85 61 vt
996 1799 185 61 vbicumque
1138 1799 100 61 sit
1195 1799 142 61 verbum
1294 1799 228 61 qualecumque,
1465 1799 128 61 requiri

90 1843 97 64 tur
145 1843 138 64 duplex
242 1843 166 64 notitia,
366 1843 69 64 &
394 1843 83 64 ex
435 1843 124 64 parte
518 1843 207 64 intellectus
683 1843 193 64 ascribitur
835 1843 110 64 illa
904 1843 152 64 notitia
1015 1843 179 64 simplicis
1153 1843 248 64 intelligentiae
1359 1843 152 64 confusa
1470 1843 110 64 ipsi
1525 1843 69 64 me-

96 1892 151 62 moriae:
206 1892 110 62 quia
274 1892 110 62 tunc
343 1892 123 62 primo
425 1892 123 62 mouet
507 1892 206 62 intellectum
672 1892 96 62 sub
727 1892 151 62 ratione
836 1892 247 62 intelligentiae
1042 1892 206 62 determinata
1207 1892 206 62 cognitione,
1371 1892 137 62 quando
1467 1892 123 62 mouet
1549 1892 82 62 in

92 1938 176 63 tellectum
228 1938 81 63 ad
269 1938 217 63 cognoscendum
445 1938 81 63 de
486 1938 149 63 cognito
594 1938 108 63 quid
662 1938 203 63 determinate
824 1938 95 63 sit
879 1938 81 63 in
919 1938 122 63 rerum
1001 1938 149 63 natura.
1109 1938 163 63 Quicquod
1231 1938 95 63 eni
1285 1938 203 63 intellectus
1448 1938 136 63 noster
1543 1938 81 63 ap

103 1973 177 78 prehendit,
242 1973 114 78 primo
318 1973 126 78 subito
406 1973 189 78 apprehendit
558 1973 101 78 quod
621 1973 139 78 aliquid
722 1973 101 78 sit,
785 1973 63 78 &
810 1973 76 78 ex
848 1973 88 78 hoc
898 1973 189 78 intellectus
1050 1973 126 78 factus
1138 1973 114 78 quasi
1214 1973 164 78 attonitus
1340 1973 126 78 statim
1428 1973 151 78 aspectum
1529 1973 76 78 suum

94 2026 181 62 convertit
234 2026 84 62 vi
275 2026 98 62 sua
331 2026 140 62 actiua
429 2026 126 62 super
513 2026 126 62 actum
596 2026 126 62 suum,
680 2026 70 62 &
708 2026 126 62 super
792 2026 167 62 obiectum
917 2026 153 62 confuse
1029 2026 181 62 cognitum:
1168 2026 70 62 &
1196 2026 153 62 mouetur
1308 2026 140 62 acrius
1406 2026 126 62 illud
1475 2026 126 62 diligen

89 2070 122 63 tius
165 2070 199 63 intuendo,
318 2070 92 63 vt
364 2070 214 63 discretius
532 2070 138 63 ipsum
624 2070 214 63 cognoscat.
792 2070 76 63 &
822 2070 107 63 hoc
884 2070 229 63 quemadmodum
1067 2070 153 63 oculus
1174 2070 214 63 corporalis
1342 2070 107 63 cum
1403 2070 153 63 subito
1495 2070 107 63 immu-

102 2115 133 65 tatus
191 2115 148 65 fuerit
294 2115 74 65 a
324 2115 133 65 luce,
412 2115 177 65 aspectum
545 2115 118 65 suum
619 2115 148 65 acrius
722 2115 177 65 intuendo
855 2115 89 65 in
899 2115 133 65 illam
988 2115 177 65 extendit
1121 2115 89 65 vt
1165 2115 207 65 perfectius
1327 2115 103 65 eam
1386 2115 162 65 videat,
1504 2115 74 65 &
1519 2115 74 65 hoc

93 2160 192 76 appetitu
237 2160 208 76 delectato
397 2160 96 76 in
445 2160 96 76 eo
493 2160 128 76 quod
573 2160 208 76 cognoscit
733 2160 240 76 intellectus
926 2160 112 76 aut
990 2160 176 76 sensus,
1118 2160 80 76 &
1150 2160 112 76 per
1214 2160 112 76 hoc
1278 2160 176 76 mouente
1390 2160 208 76 intellectum

91 2206 108 64 aut
152 2206 154 64 sensum
260 2206 92 64 ad
306 2206 169 64 amplius
429 2206 215 64 intuendum,
598 2206 92 64 vt
644 2206 215 64 perfectius
813 2206 200 64 cognoscat
967 2206 77 64 &
998 2206 215 64 perfectius
1167 2206 215 64 delectetur
1336 2206 92 64 in
1382 2206 184 64 cognito.
1505 2206 92 64 Vnde

106 2257 161 55 secundum
226 2257 107 55 quod
294 2257 121 55 dicit
374 2257 188 55 Augustinus
522 2257 134 55 xiiii.
616 2257 81 55 de
656 2257 134 55 Trini.
751 2257 107 55 cap.
818 2257 81 55 v.
858 2257 107 55 hinc
925 2257 148 55 coniici
1033 2257 148 55 potest:
1140 2257 107 55 quod
1207 2257 161 55 infantis
1328 2257 107 55 mens
1395 2257 121 55 lucis
1463 2257 134 55 haurien-

91 2295 101 64 dae
148 2295 101 64 sic
206 2295 130 64 auida
293 2295 115 64 est,
365 2295 87 64 vt
408 2295 87 64 si
451 2295 173 64 quisquam
581 2295 130 64 minus
668 2295 130 64 caute
755 2295 173 64 nesciens
885 2295 115 64 quid
957 2295 115 64 inde
1029 2295 144 64 possit
1130 2295 188 64 accidere,
1274 2295 188 64 nocturnum
1419 2295 130 64 lumen
1491 2295 101 64 posue

90 2343 101 63 rit
147 2343 101 63 vbi
205 2343 130 63 iacet
291 2343 144 63 infans
392 2343 87 63 in
436 2343 87 63 ea
479 2343 130 63 parte
565 2343 87 63 ad
609 2343 115 63 quam
681 2343 173 63 iacentis
810 2343 130 63 oculi
897 2343 159 63 possint
1012 2343 216 63 retorqueri,
1185 2343 101 63 aut
1243 2343 144 63 ceruix
1344 2343 144 63 possit
1430 2343 159 63 inflecti,

94 2395 99 56 sic
151 2395 114 56 eius
222 2395 114 56 inde
293 2395 99 56 non
349 2395 185 56 remouetur
491 2395 185 56 aspectus,
633 2395 85 56 vt
676 2395 185 56 nonnullos
818 2395 85 56 ex
861 2395 99 56 hoc
918 2395 128 56 etiam
1003 2395 185 56 strabones
1145 2395 128 56 fieri
1230 2395 199 56 nouerimus.
1386 2395 114 56 Vnde
1457 2395 99 56 cum
1500 2395 85 56 obie

88 2435 128 63 ctum
168 2435 112 63 non
232 2435 192 63 moratur,
376 2435 112 63 sed
440 2435 240 63 transuolat,
632 2435 144 63 solum
728 2435 176 63 confusa
855 2435 80 63 &
887 2435 272 63 indeterminata
1111 2435 176 63 notitia
1239 2435 208 63 permanet,
1383 2435 208 63 quemadmodum

79 2476 110 70 cum
142 2476 173 70 aliquid
268 2476 158 70 subito
379 2476 221 70 transuolat
552 2476 205 70 immutando
710 2476 142 70 visum
805 2476 237 70 corporalem,
994 2476 221 70 percipimus
1167 2476 110 70 nos
1230 2476 173 70 aliquid
1356 2476 189 70 vidisse:
1483 2476 110 70 nesci

84 2526 114 59 mus
149 2526 147 59 tamen
247 2526 130 59 quid
328 2526 163 59 fuerit
442 2526 261 59 determinate.
654 2526 196 59 Secundum
801 2526 130 59 hunc
882 2526 130 59 enim
964 2526 147 59 modum
1061 2526 293 59 determinauimus
1306 2526 163 59 supra,
1420 2526 130 59 quod
1501 2526 130 59 deum

83 2569 221 65 intelligimus
263 2569 83 65 in
305 2569 194 65 praesenti,
457 2569 69 65 &
484 2569 208 65 cognoscimus
650 2569 83 65 de
692 2569 83 65 eo
733 2569 111 65 quid
803 2569 97 65 est
858 2569 235 65 generalissima
1052 2569 194 65 cognitione
1204 2569 83 65 id
1245 2569 97 65 est
1301 2569 111 65 quod
1370 2569 152 65 aliquid
1480 2569 97 65 sit
1522 2569 83 65 quod

88 2616 155 65 mentem
196 2616 170 65 nostram
319 2616 139 65 quasi
412 2616 93 65 in
459 2616 124 65 ictu
536 2616 139 65 oculi
629 2616 247 65 transuolando
830 2616 186 65 immutat,
969 2616 108 65 sed
1031 2616 124 65 quae
1108 2616 77 65 &
1139 2616 155 65 qualis
1247 2616 155 65 natura
1356 2616 108 65 sit
1402 2616 201 65 determinate

85 2663 102 59 non
144 2663 219 59 percipimus.
319 2663 160 59 dicente
435 2663 131 59 beato
523 2663 190 59 Gregorio.
669 2663 117 59 xvi.
742 2663 175 59 Moralium
873 2663 117 59 cap.
946 2663 87 59 v.
990 2663 102 59 Sic
1048 2663 131 59 nobis
1135 2663 248 59 intelligendum
1340 2663 175 59 praebet,
1471 2663 87 59 vt
1500 2663 102 59 tamen

83 2706 143 76 ipsum
179 2706 143 76 nobis
274 2706 159 76 radium
385 2706 111 76 sui
449 2706 239 76 intellectus
640 2706 223 76 obnubilet,
815 2706 80 76 &
847 2706 159 76 rursum
958 2706 191 76 caligine
1102 2706 239 76 ignorantiae
1293 2706 111 76 sic
1356 2706 111 76 nos
1420 2706 191 76 reprimit
1547 2706 64 76 vt
