2017 3235
413 248 136 70 dicta
504 248 152 70 verbo:
610 248 121 70 quae
686 248 121 70 sunt
761 248 106 70 non
822 248 136 70 pater
913 248 167 70 tantum:
1034 248 106 70 sed
1095 248 212 70 quaecunque
1262 248 121 70 alia
1337 248 76 70 a
1368 248 106 70 deo
1428 248 258 70 cognoscuntur.
1640 248 136 70 Omnia
1731 248 121 70 enim
1807 248 76 70 a
1822 248 76 70 deo

423 313 118 61 ipso
497 313 133 61 verbo
586 313 192 61 personali
733 313 192 61 dicuntur:
881 313 118 61 quia
955 313 103 61 sic
1014 313 177 61 dicuntur
1146 313 148 61 verbo,
1250 313 89 61 vt
1294 313 118 61 solo
1368 313 133 61 verbo
1456 313 192 61 personali
1604 313 192 61 dicuntur.
1751 313 74 61 &
1781 313 103 61 hoc
1825 313 74 61 non

414 362 159 54 ratione
529 362 173 54 communis
659 362 72 54 &
688 362 231 54 essentialis,
876 362 101 54 sed
933 362 159 54 ratione
1049 362 159 54 proprii
1165 362 72 54 &
1193 362 202 54 personalis
1352 362 159 54 tantum.
1468 362 217 54 Cuiuscumque
1641 362 116 54 enim
1713 362 173 54 actionis
1843 362 87 54 in

407 406 156 53 diuinis
520 406 128 53 ratio
605 406 99 53 est
662 406 142 53 verbum
761 406 170 53 secundum
889 406 113 53 quod
960 406 99 53 est
1017 406 156 53 verbum,
1130 406 113 53 eius
1201 406 99 53 non
1258 406 99 53 est
1315 406 128 53 ratio
1400 406 156 53 aliquod
1513 406 199 53 essentiale
1669 406 170 53 existens
1797 406 85 53 in
1825 406 71 53 di-

418 447 142 61 uinis,
517 447 99 61 nec
574 447 156 61 aliquid
687 447 85 61 ex
729 447 170 61 caeteris
857 447 156 61 ratione
970 447 212 61 essentialis
1140 447 99 61 est
1197 447 142 61 illius
1296 447 142 61 ratio:
1395 447 127 61 sicut
1480 447 71 61 &
1508 447 184 61 econverso
1650 447 212 61 cuiuscumque
1806 447 99 61 actio

406 494 105 62 nis
466 494 90 62 in
511 494 165 62 diuinis
631 494 135 62 ratio
721 494 105 62 est
781 494 165 62 aliquod
901 494 225 62 essentiale,
1081 494 135 62 ratio
1170 494 150 62 illius
1275 494 105 62 non
1335 494 150 62 potest
1440 494 120 62 esse
1515 494 165 62 verbum.
1635 494 120 62 Quia
1710 494 120 62 enim
1785 494 120 62 bene
1845 494 60 62 di

418 543 134 56 citur,
511 543 120 56 Pater
591 543 120 56 sapit
671 543 93 56 aut
725 543 187 56 intelligit
872 543 187 56 sapientia,
1019 543 93 56 non
1072 543 107 56 bene
1139 543 160 56 dicitur,
1259 543 120 56 sapit
1339 543 93 56 aut
1393 543 187 56 intelligit
1539 543 134 56 verbo:
1633 543 160 56 secundum
1740 543 160 56 Augustinum

423 588 116 56 vii.
496 588 87 56 de
540 588 204 56 trinitate.
700 588 116 56 Vnde
773 588 87 56 et
816 588 87 56 si
860 588 189 56 aliquando
1005 588 175 56 actionis
1136 588 160 56 eiusdem
1252 588 131 56 ratio
1340 588 102 56 est
1398 588 204 56 essentiale
1558 588 160 56 aliquod
1674 588 73 56 &
1703 588 160 56 verbum:
1805 588 102 56 quen-

409 641 173 49 admodum
535 641 173 49 dicimus
661 641 126 49 quod
740 641 126 49 deus
819 641 142 49 creat
913 641 110 49 sua
976 641 220 49 sapientia:
1149 641 79 49 &
1181 641 126 49 quod
1259 641 142 49 creat
1354 641 142 49 verbo
1448 641 126 49 suo:
1527 641 110 49 hoc
1590 641 110 49 non
1653 641 110 49 est
1716 641 142 49 eodem
1811 641 126 49 modo

413 683 135 54 neque
503 683 180 54 secundum
638 683 150 54 eandem
743 683 195 54 rationem.
893 683 135 54 Pater
983 683 120 54 enim
1058 683 135 54 creat
1148 683 105 54 sua
1207 683 195 54 sapientia
1357 683 90 54 vt
1402 683 165 54 notitia
1522 683 75 54 &
1552 683 120 54 arte
1627 683 240 54 simpliciter:
1807 683 105 54 creat

419 728 133 54 autem
508 728 133 54 verbo
597 728 89 54 vt
642 728 163 54 notitia
760 728 74 54 &
790 728 119 54 arte
864 728 237 54 declaratiua.
1057 728 74 54 â‹
1086 728 104 54 Sic
1146 728 119 54 ergo
1220 728 119 54 dico
1294 728 119 54 quod
1368 728 193 54 respectus
1516 728 133 54 verbi
1605 728 89 54 ad
1650 728 89 54 ea
1694 728 119 54 quae
1754 728 148 54 dicuntur

418 768 145 62 verbo
515 768 210 62 inquantum
676 768 226 62 huiusmodi,
853 768 113 62 non
918 768 193 62 conuenit
1063 768 145 62 verbo
1159 768 177 62 ratione
1288 768 129 62 sibi
1369 768 258 62 appropriati,
1579 768 113 62 sed
1643 768 177 62 ratione
1772 768 113 62 sui
1820 768 81 62 pro

418 815 136 59 prii.
508 815 121 59 Quod
584 815 196 59 contingit
735 815 75 59 &
765 815 121 59 bene
840 815 75 59 &
870 815 121 59 male
946 815 211 59 intelligi.
1112 815 106 59 Cum
1172 815 121 59 enim
1247 815 181 59 proprium
1383 815 106 59 sit
1443 815 106 59 hoc
1504 815 121 59 quod
1579 815 106 59 vni
1640 815 121 59 soli
1715 815 181 59 convenit
1836 815 75 59 ita

425 864 112 55 quod
495 864 98 55 non
551 864 154 55 alteri:
664 864 84 55 vt
706 864 84 55 in
748 864 154 55 diuinis
860 864 154 55 dicatur
972 864 168 55 proprium
1099 864 112 55 quod
1169 864 168 55 conuenit
1295 864 98 55 vni
1352 864 168 55 personae
1478 864 98 55 ita
1534 864 112 55 quod
1604 864 126 55 nulli
1688 864 154 55 alteri:
1787 864 112 55 quemad

407 904 134 54 modum
496 904 89 54 in
541 904 193 54 creaturis
689 904 104 54 hoc
749 904 163 54 dicitur
868 904 178 54 proprium
1002 904 119 54 quod
1076 904 104 54 sic
1135 904 178 54 conuenit
1269 904 104 54 vni
1328 904 163 54 speciei
1447 904 119 54 quod
1522 904 104 54 non
1581 904 163 54 alteri:
1700 904 104 54 Est
1759 904 119 54 enim
1834 904 104 54 sin

409 952 118 58 gula
483 952 162 58 persona
600 952 88 58 in
644 952 162 58 diuinis
762 952 132 58 quasi
850 952 147 58 vnicum
953 952 191 58 singulare
1100 952 88 58 in
1144 952 162 58 ratione
1261 952 264 58 personalitatis
1482 952 118 58 suae
1555 952 132 58 quasi
1643 952 88 58 in
1687 952 162 58 ratione
1790 952 103 58 vnius

410 997 174 58 speciei:
540 997 130 58 Sicut
627 997 116 58 ergo
699 997 101 58 vni
757 997 116 58 soli
829 997 174 58 personae
960 997 87 58 in
1003 997 159 58 diuinis
1119 997 145 58 potest
1220 997 159 58 aliquid
1336 997 188 58 conuenire
1481 997 101 58 ita
1539 997 116 58 quod
1611 997 101 58 non
1669 997 116 58 alii
1727 997 188 58 dupliciter:

415 1043 89 57 et
460 1043 103 57 sic
519 1043 133 57 esse,
607 1043 177 57 proprium
740 1043 103 57 vni
799 1043 177 57 personae
932 1043 221 57 dupliciter:
1109 1043 103 57 sic
1168 1043 207 57 dupliciter
1330 1043 148 57 potest
1434 1043 148 57 alicui
1537 1043 192 57 conuenire
1685 1043 192 57 respectus
1817 1043 89 57 ali-

407 1089 121 55 quis
483 1089 166 55 ratione
604 1089 106 55 sui
664 1089 182 55 proprii.
800 1089 106 55 Vno
861 1089 121 55 enim
936 1089 121 55 modo
1012 1089 166 55 aliquid
1133 1089 91 55 in
1179 1089 166 55 diuinis
1300 1089 182 55 conuenit
1436 1089 106 55 vni
1496 1089 121 55 soli
1572 1089 182 55 personae
1708 1089 106 55 ita
1769 1089 121 55 quod
1844 1089 106 55 non

414 1136 119 54 alii
489 1136 269 54 principaliter:
712 1136 179 54 scilicet
847 1136 119 54 quia
921 1136 104 54 est
981 1136 90 54 id
1026 1136 104 54 quo
1085 1136 104 54 vna
1145 1136 164 54 persona
1264 1136 239 54 distinguitur
1458 1136 90 54 ab
1503 1136 134 54 alia.
1593 1136 119 54 Alio
1667 1136 119 54 vero
1742 1136 119 54 modo
1802 1136 104 54 conue

401 1177 102 56 nit
460 1177 116 56 illi
532 1177 247 56 consequenter,
735 1177 174 56 scilicet
866 1177 116 56 quia
939 1177 218 56 consequitur
1113 1177 87 56 ex
1156 1177 116 56 illo
1229 1177 203 56 principali
1388 1177 87 56 in
1432 1177 116 56 illa
1505 1177 160 56 persona
1621 1177 131 56 cuius
1708 1177 116 56 est.
1780 1177 131 56 Primo
1853 1177 58 56 mo

415 1225 85 59 do
457 1225 171 59 conuenit
586 1225 171 59 personae
714 1225 157 59 diuinae
827 1225 85 59 vt
870 1225 171 59 proprium
998 1225 100 59 ei,
1055 1225 199 59 proprietas
1212 1225 85 59 ad
1254 1225 171 59 originem
1382 1225 199 59 pertinens:
1539 1225 85 59 vt
1582 1225 100 59 qua
1639 1225 242 59 principaliter
1824 1225 85 59 ori-

404 1272 135 59 ginat
494 1272 180 59 alteram,
630 1272 105 59 vel
690 1272 105 59 qua
750 1272 256 59 principaliter
960 1272 211 59 originatur
1126 1272 90 59 ab
1171 1272 165 59 altera.
1291 1272 90 59 Et
1336 1272 120 59 isto
1412 1272 135 59 modo,
1502 1272 180 59 scilicet
1637 1272 256 59 principaliter
1833 1272 75 59 ra-

408 1321 155 54 tione,
516 1321 186 54 proprii,
655 1321 108 54 vni
717 1321 201 54 diuinarum
872 1321 217 54 personarum
1042 1321 201 54 solummodo
1196 1321 186 54 conuenit
1336 1321 201 54 respectus
1490 1321 93 54 ad
1537 1321 186 54 alteram:
1676 1321 124 54 immo
1753 1321 124 54 tale
1831 1321 108 54 pro

406 1361 139 61 prium
498 1361 108 61 est
560 1361 124 61 ipse
637 1361 216 61 respectus:
807 1361 201 61 cuiusmodi
962 1361 124 61 sunt
1039 1361 232 61 generatiuum
1225 1361 93 61 in
1271 1361 155 61 patre:
1379 1361 77 61 &
1410 1361 170 61 genitum
1534 1361 124 61 esse
1611 1361 93 61 in
1658 1361 155 61 filio.
1766 1361 170 61 Secundo

408 1408 138 59 autem
500 1408 123 59 modo
577 1408 184 59 conuenit
715 1408 184 59 personae
853 1408 169 59 diuinae
976 1408 92 59 vt
1022 1408 184 59 proprium
1161 1408 92 59 ei
1207 1408 215 59 proprietas
1376 1408 108 59 non
1437 1408 200 59 pertinens
1591 1408 92 59 ad
1637 1408 200 59 originem,
1791 1408 92 59 vt
1837 1408 108 59 qua

403 1456 266 52 principaliter
622 1456 188 52 originat
763 1456 188 52 alteram:
904 1456 110 52 vel
967 1456 110 52 qua
1029 1456 94 52 ab
1076 1456 157 52 altera
1186 1456 235 52 originatur:
1374 1456 110 52 sed
1436 1456 219 52 consequens
1609 1456 94 52 in
1656 1456 172 52 persona
1781 1456 94 52 ex
1812 1456 94 52 ipso

408 1505 122 56 modo
484 1505 229 56 originandi:
667 1505 76 56 &
698 1505 107 56 ita
759 1505 168 56 ratione
881 1505 153 56 illius
988 1505 168 56 proprii
1111 1505 92 56 in
1156 1505 92 56 eo
1202 1505 122 56 quod
1279 1505 138 56 dicto
1370 1505 122 56 modo
1447 1505 183 56 pertinet
1584 1505 92 56 ad
1630 1505 199 56 originem:
1783 1505 153 56 quemad

406 1545 134 64 modum
496 1545 134 64 imago
585 1545 105 64 (vt
645 1545 149 64 dictum
749 1545 105 64 est
809 1545 90 64 in
854 1545 224 64 praecedente
1033 1545 224 64 quaestione)
1212 1545 179 64 proprium
1347 1545 105 64 est
1406 1545 149 64 filio.
1511 1545 90 64 Et
1556 1545 119 64 isto
1630 1545 119 64 modo
1705 1545 179 64 scilicet
1824 1545 75 64 con

401 1587 200 63 sequenter
555 1587 185 63 ratione,
693 1587 185 63 proprii,
832 1587 92 63 in
878 1587 169 63 diuinis
1001 1587 108 63 non
1063 1587 139 63 solum
1155 1587 108 63 vna
1217 1587 169 63 persona
1340 1587 139 63 habet
1433 1587 200 63 respectum
1587 1587 92 63 ad
1633 1587 169 63 alteram
1756 1587 123 63 quam
1818 1587 92 63 ori-

407 1639 126 53 ginat
491 1639 98 53 vel
547 1639 70 53 a
575 1639 98 53 qua
631 1639 210 53 originatur:
799 1639 98 53 sed
855 1639 126 53 etiam
939 1639 84 53 ad
981 1639 196 53 quaecumque
1135 1639 112 53 alia
1205 1639 84 53 vt
1247 1639 98 53 est
1303 1639 84 53 ad
1345 1639 126 53 alia.
1429 1639 182 53 Huiusmodi
1569 1639 182 53 respectus
1709 1639 98 53 est
1765 1639 168 53 secundum

408 1684 194 57 rationem
554 1684 146 57 solum
651 1684 97 57 in
700 1684 194 57 diuinis:
845 1684 162 57 qualis
959 1684 113 57 est
1024 1684 130 57 iste
1105 1684 130 57 quem
1186 1684 227 57 quaerimus:
1364 1684 130 57 quem
1445 1684 113 57 sic
1510 1684 162 57 verbum
1623 1684 146 57 habet
1721 1684 97 57 ad
1769 1684 97 57 ea
1818 1684 130 57 quae

407 1727 188 60 dicuntur
548 1727 157 60 verbo.
658 1727 94 60 Et
705 1727 110 60 sic
767 1727 188 60 ratione,
908 1727 172 60 proprii
1033 1727 250 60 consequenter
1237 1727 110 60 non
1300 1727 266 60 principaliter
1519 1727 188 60 conuenit
1660 1727 141 60 verbo
1738 1727 172 60 respectus

402 1769 89 62 ad
447 1769 89 62 ea
491 1769 119 62 quae
565 1769 178 62 dicuntur
699 1769 148 62 verbo.
803 1769 74 62 â‹
833 1769 119 62 Quod
907 1769 89 62 vt
951 1769 148 62 melius
1055 1769 252 62 intelligatur:
1263 1769 178 62 sciendum
1396 1769 119 62 quod
1471 1769 178 62 secundum
1604 1769 223 62 Augustinum.
1782 1769 119 62 vii.
1842 1769 59 62 de

414 1817 201 55 trinitate:
572 1817 144 55 Verbum
672 1817 115 55 siue
744 1817 144 55 filius
845 1817 86 55 in
888 1817 158 55 diuinis
1003 1817 101 55 non
1060 1817 101 55 est
1117 1817 115 55 nisi
1189 1817 158 55 notitia
1304 1817 115 55 siue
1376 1817 187 55 sapientia
1520 1817 144 55 genita
1620 1817 115 55 siue
1692 1817 144 55 dicta:
1792 1817 86 55 vt
1821 1817 72 55 per

398 1866 176 54 notitiam
531 1866 235 54 intelligamus
722 1866 118 54 quod
795 1866 191 54 absolutum
942 1866 103 54 est
1001 1866 73 54 &
1030 1866 206 54 essentiale
1192 1866 88 54 in
1236 1866 147 54 verbo:
1339 1866 103 54 per
1397 1866 162 54 genitum
1515 1866 118 54 vero
1588 1866 191 54 respectum
1721 1866 176 54 originalem

409 1912 229 57 constitutiuum
597 1912 162 57 personae
719 1912 135 57 verbi.
813 1912 108 57 Quae
881 1912 135 57 quidem
975 1912 148 57 notitia
1083 1912 121 57 licet
1164 1912 162 57 secundum
1286 1912 108 57 quod
1353 1912 94 57 est
1407 1912 148 57 notitia
1515 1912 216 57 simpliciter,
1691 1912 94 57 est
1731 1912 162 57 essentiale

401 1955 75 55 &
431 1955 194 55 comnmune,
580 1955 75 55 &
610 1955 104 55 non
670 1955 194 55 proprium:
819 1955 194 55 inquantum
968 1955 134 55 tamen
1058 1955 104 55 est
1117 1955 149 55 genita
1222 1955 119 55 siue
1296 1955 149 55 dicta,
1401 1955 104 55 non
1460 1955 134 55 solum
1550 1955 104 55 est
1610 1955 179 55 praecise
1744 1955 179 55 notitia:

414 1994 99 67 sed
470 1994 127 67 etiam
555 1994 99 67 est
611 1994 155 67 notitia
724 1994 212 67 declaratiua
893 1994 113 67 siue
964 1994 240 67 manifestatiua
1161 1994 183 67 notitiae,
1302 1994 169 67 scilicet
1429 1994 113 67 eius
1500 1994 85 67 de
1542 1994 99 67 quo
1599 1994 113 67 est.
1669 1994 113 67 Quod
1740 1994 169 67 convenit
1853 1994 56 67 ei

409 2046 84 50 ex
451 2046 84 50 eo
493 2046 111 50 quod
562 2046 97 50 est
618 2046 153 50 notitia
729 2046 84 50 de
771 2046 167 50 notitia:
896 2046 70 50 &
924 2046 97 50 ita
980 2046 153 50 ratione
1091 2046 97 50 sui
1147 2046 153 50 proprii
1258 2046 195 50 originalis
1412 2046 70 50 &
1439 2046 111 50 modi
1509 2046 181 50 emanandi.
1648 2046 84 50 Et
1690 2046 97 50 est
1746 2046 153 50 notitia
1843 2046 56 50 de

409 2090 182 52 claratiua
549 2090 196 52 essentiale
702 2090 112 52 quod
772 2090 196 52 contractum
926 2090 84 52 ad
968 2090 182 52 personale
1108 2090 112 52 siue
1177 2090 84 52 ad
1219 2090 182 52 personam,
1359 2090 98 52 cui
1415 2090 154 52 ratione
1527 2090 98 52 qua
1583 2090 210 52 declaratiua
1750 2090 112 52 siue
1806 2090 84 52 mani

412 2134 200 58 festatiua
566 2134 123 58 est,
643 2134 169 58 annexus
766 2134 108 58 est
827 2134 200 58 respectus
981 2134 154 58 quidam
1089 2134 92 58 ad
1135 2134 92 58 id
1181 2134 139 58 cuius
1274 2134 108 58 est
1335 2134 262 58 declaratiuum:
1551 2134 200 58 inquantum
1705 2134 185 58 scilicet
1828 2134 77 58 est

420 2179 230 65 declaratiuum
607 2179 158 65 ipsius.
722 2179 129 65 Quare
808 2179 101 65 cum
865 2179 173 65 ratione,
995 2179 158 65 proprii
1110 2179 201 65 originalis
1268 2179 129 65 habet
1354 2179 115 65 quod
1426 2179 101 65 sit
1484 2179 158 65 notitia
1599 2179 230 65 declaratiua,
1786 2179 101 65 cui
1829 2179 72 65 ne-

402 2229 193 56 cessario
547 2229 113 56 est
611 2229 177 56 annexus
740 2229 209 56 respectus
901 2229 97 56 ad
949 2229 97 56 id
997 2229 145 56 cuius
1094 2229 113 56 est
1158 2229 273 56 declaratiuum:
1383 2229 177 56 ratione
1512 2229 129 56 ergo
1592 2229 177 56 proprii
1705 2229 193 56 originalis

417 2272 155 62 ipsius
525 2272 139 62 verbi
618 2272 170 62 praeter
742 2272 201 62 respectum
897 2272 124 62 quem
974 2272 139 62 habet
1067 2272 139 62 ipsum
1160 2272 155 62 verbum
1268 2272 93 62 ad
1315 2272 186 62 dicentem
1454 2272 93 62 vt
1500 2272 139 62 habet
1593 2272 124 62 esse
1671 2272 93 62 ab
1717 2272 139 62 ipso:
1795 2272 108 62 habet

411 2317 139 62 etiam
503 2317 200 62 respectum
657 2317 139 62 alium
750 2317 247 62 consequentem
950 2317 93 62 ad
997 2317 93 62 id
1043 2317 123 62 quod
1120 2317 216 62 declaratur
1290 2317 154 62 verbo,
1398 2317 93 62 vt
1444 2317 139 62 habet
1536 2317 123 62 esse
1613 2317 247 62 declaratiuum
1814 2317 77 62 &
1829 2317 62 62 ma

403 2366 229 48 nifestatiuum
589 2366 157 48 illius.
703 2366 86 48 Et
746 2366 114 48 quia
817 2366 229 48 manifestatio
1003 2366 100 48 per
1061 2366 143 48 verbum
1161 2366 200 48 consequens
1318 2366 100 48 est
1375 2366 86 48 ad
1418 2366 114 48 esse
1490 2366 157 48 ipsius:
1604 2366 157 48 idcirco
1718 2366 114 48 ille
1776 2366 114 48 respe-

402 2411 116 59 ctus
475 2411 204 59 consequens
635 2411 160 59 dicitur
751 2411 174 59 respectu
882 2411 145 59 illius
984 2411 102 59 qui
1042 2411 160 59 dicitur
1159 2411 218 59 originalis:
1333 2411 73 59 &
1362 2411 102 59 est
1420 2411 160 59 vterque
1537 2411 174 59 proprius
1667 2411 145 59 verbo.
1769 2411 102 59 Sed
1813 2411 87 59 ille

413 2457 102 52 qui
472 2457 102 52 est
530 2457 219 52 originalis,
706 2457 132 52 solus
793 2457 102 52 est
852 2457 249 52 constitutiuus
1057 2457 175 52 personae
1188 2457 146 52 verbi:
1291 2457 73 52 &
1320 2457 117 52 ipso
1393 2457 175 52 refertur
1525 2457 146 52 verbum
1627 2457 88 52 ad
1671 2457 132 52 solum
1744 2457 146 52 dicentem

419 2503 153 55 verbum
526 2503 198 55 inquantum
678 2503 107 55 est
739 2503 168 55 dicens.
861 2503 122 55 Ille
938 2503 122 55 vero
1014 2503 107 55 qui
1075 2503 107 55 est
1136 2503 214 55 consequens
1304 2503 107 55 non
1365 2503 107 55 est
1426 2503 259 55 constitutiuus
1640 2503 183 55 personae
1777 2503 153 55 verbi:

406 2542 110 65 sed
469 2542 220 65 consequens
642 2542 78 65 &
673 2542 141 65 quasi
767 2542 204 65 adiunctus
924 2542 188 65 personae
1065 2542 94 65 in
1112 2542 110 65 sua
1175 2542 267 65 constitutione
1395 2542 78 65 a
1426 2542 235 65 proprietate
1615 2542 204 65 originali
1756 2542 141 65 consti-

401 2589 151 44 tuente
507 2589 196 44 personam,
658 2589 76 44 &
688 2589 76 44 a
718 2589 121 44 modo
794 2589 181 44 emanandi
929 2589 136 44 eius,
1020 2589 106 44 quo
1080 2589 181 44 scilicet
1216 2589 166 44 notitia
1337 2589 121 44 quae
1413 2589 227 44 simpliciter
1594 2589 166 44 notitia
1715 2589 106 44 est
1775 2589 91 44 in
1820 2589 106 44 no-

405 2635 212 58 tionaliter
571 2635 181 58 dicente,
707 2635 136 58 habet
798 2635 121 58 esse
874 2635 227 58 declaratiua
1055 2635 166 58 notitia
1176 2635 91 58 in
1222 2635 242 58 notionaliter
1418 2635 151 58 dicto.
1524 2635 121 58 Tali
1600 2635 136 58 autem
1690 2635 181 58 respectu
1811 2635 76 58 pri

406 2683 99 64 mo
456 2683 83 64 &
489 2683 281 64 principaliter
721 2683 198 64 refertur
869 2683 165 64 verbum
985 2683 99 64 ad
1035 2683 198 64 dicentem
1183 2683 116 64 non
1249 2683 215 64 inquantum
1415 2683 165 64 dicens
1530 2683 116 64 est
1596 2683 149 64 ipsum
1696 2683 165 64 verbum
1795 2683 99 64 actu

413 2721 168 68 dicendi
535 2721 214 68 notionali:
703 2721 107 68 sed
764 2721 198 68 inquantum
916 2721 153 68 dictus
1023 2721 122 68 siue
1099 2721 214 68 declaratus
1267 2721 107 68 est
1328 2721 122 68 siue
1404 2721 244 68 manifestatus
1602 2721 122 68 ipso
1679 2721 153 68 verbo,
1785 2721 76 68 &
1801 2721 92 68 actu
