2017 3264
413 239 104 80 ri:
473 239 90 80 vt
518 239 104 80 est
577 239 194 80 quantitas
726 239 134 80 omnis
816 239 209 80 dimensiua.
980 239 119 80 Etsi
1055 239 119 80 enim
1129 239 209 80 imaginetur
1293 239 194 80 infinita:
1443 239 119 80 nata
1517 239 134 80 tamen
1607 239 104 80 est
1666 239 149 80 finiri
1756 239 164 80 inquantum

407 312 179 59 dimensio
541 312 119 59 est:
616 312 75 59 &
646 312 119 59 nata
720 312 104 59 est
780 312 134 59 stare
869 312 134 59 omnis
959 312 134 59 linea
1048 312 134 59 inter
1138 312 164 59 punctos
1257 312 194 59 inquantum
1406 312 134 59 linea
1496 312 119 59 est:
1570 312 75 59 &
1600 312 224 59 superficies
1779 312 134 59 inter
1853 312 60 59 li

415 361 132 57 neas,
503 361 73 57 &
533 361 147 57 corpus
635 361 132 57 inter
723 361 234 57 superficies.
914 361 88 57 Et
958 361 132 57 talem
1045 361 132 57 modum
1133 361 220 57 infinitatis
1309 361 117 57 nemo
1382 361 147 57 potest
1485 361 176 57 tribuere
1617 361 117 57 deo:
1690 361 117 57 quia
1763 361 103 57 non
1807 361 103 57 caret

404 410 147 50 omnino
507 410 147 50 aliquo
610 410 117 50 quod
683 410 132 50 natus
771 410 103 50 est
830 410 162 50 habere.
948 410 103 50 hoc
1006 410 117 50 enim
1080 410 132 50 esset
1168 410 264 50 imperfectionis
1388 410 88 50 in
1432 410 132 50 ipso:
1520 410 88 50 vt
1565 410 132 50 patet
1653 410 88 50 ex
1697 410 132 50 supra
1770 410 147 50 determi-

416 445 134 66 natis.
509 445 134 66 Tertio
603 445 107 66 modo
670 445 147 66 dicitur
777 445 187 66 infinitum:
924 445 120 66 cuius
1004 445 174 66 processus
1138 445 134 66 semper
1232 445 214 66 protenditur:
1406 445 67 66 &
1432 445 94 66 non
1486 445 120 66 habet
1566 445 120 66 finem
1646 445 80 66 in
1687 445 94 66 quo
1740 445 161 66 deficit:
1847 445 67 66 nec

410 493 133 67 natum
499 493 104 67 est
558 493 163 67 finiri.
677 493 74 67 &
707 493 133 67 iuxta
796 493 119 67 hunc
870 493 133 67 modum
959 493 104 67 (vt
1018 493 193 67 credimue)
1167 493 119 67 deus
1241 493 119 67 dici
1315 493 133 67 debet
1404 493 208 67 infinitus.
1567 493 89 67 Et
1612 493 104 67 est
1671 493 193 67 infinitum
1804 493 119 67 secun-

413 552 105 48 dum
473 552 135 48 istum
563 552 150 48 modum,
667 552 120 48 vere
742 552 194 48 positiuum
892 552 180 48 alicuius
1026 552 90 48 in
1071 552 105 48 re:
1131 552 75 48 &
1161 552 90 48 si
1206 552 180 48 secundum
1341 552 180 48 rationem
1475 552 75 48 &
1505 552 239 48 impositionem
1700 552 165 48 nominis
1804 552 105 48 nega-

423 597 137 51 tionem
519 597 178 51 importat:
656 597 109 51 illa
724 597 96 51 est
779 597 109 51 eius
847 597 109 51 quod
916 597 164 51 realiter
1039 597 150 51 negatio
1148 597 96 51 vel
1203 597 164 51 priuatio
1326 597 109 51 est:
1395 597 68 51 &
1422 597 96 51 sic
1477 597 123 51 etiam
1559 597 109 51 illa
1627 597 150 51 negatio
1736 597 109 51 quam
1791 597 137 51 importat

423 632 140 58 veram
517 632 218 58 positionem
688 632 109 58 vel
750 632 264 58 affirmationem
967 632 155 58 affert
1076 632 78 58 &
1107 632 202 58 includit:
1262 632 93 58 vt
1309 632 109 58 iam
1371 632 186 58 patebit.
1511 632 140 58 Primo
1604 632 124 58 ergo
1682 632 124 58 modo
1744 632 171 58 infinitum

420 682 159 58 proprie
535 682 159 58 dicitur
651 682 188 58 negatiue:
795 682 116 58 quia
867 682 130 58 nihil
954 682 130 58 ponit
1041 682 130 58 circa
1127 682 188 58 subiectum
1272 682 188 58 positiue.
1416 682 159 58 Secundo
1532 682 116 58 modo
1604 682 159 58 dicitur
1720 682 159 58 proprie
1821 682 101 58 infi-

425 727 140 58 nitum
519 727 218 58 priuatiue:
690 727 124 58 quia
767 727 140 58 ponit
861 727 233 58 aptitudinem
1047 727 93 58 ad
1094 727 218 58 contrarium
1265 727 140 58 circa
1358 727 218 58 subiectum.
1529 727 155 58 Tertio
1638 727 124 58 modo
1716 727 202 58 infinitur
1856 727 62 58 et

424 769 87 67 si
467 769 174 67 secundum
597 769 232 67 impositionem
785 769 72 67 &
814 769 130 67 modum
901 769 159 67 nominis
1017 769 188 67 priuatiue
1162 769 101 67 aut
1220 769 174 67 negatiue
1350 769 174 67 dicitur,
1480 769 174 67 secundum
1611 769 101 67 rem
1668 769 130 67 tamen
1755 769 174 67 positiue
1871 769 58 67 di

421 821 140 60 citur:
519 821 112 60 quia
589 821 112 60 illa
660 821 154 60 negatio
772 821 126 60 nobis
856 821 98 60 dat
912 821 211 60 intelligere
1081 821 197 60 verissimam
1235 821 253 60 affirmationem.
1446 821 98 60 Non
1502 821 112 60 enim
1572 821 98 60 est
1628 821 154 60 negatio
1741 821 98 60 vel
1783 821 140 60 priuatio

429 874 183 54 alicuius
566 874 183 54 positiui
703 874 107 54 vel
764 874 274 54 affirmationis,
992 874 107 54 sed
1053 874 198 54 priuatiui
1205 874 76 54 &
1235 874 213 54 negationis
1403 874 152 54 magis:
1509 874 91 54 ad
1555 874 137 54 modum
1646 874 107 54 quo
1707 874 91 54 in
1753 874 152 54 genere
1844 874 76 54 sub

423 914 164 59 stantiae
547 914 206 59 incorporeum
711 914 151 59 dicitur
821 914 164 59 priuatio
944 914 96 59 vel
999 914 260 59 incorruptibile.
1246 914 110 59 Sunt
1314 914 123 59 autem
1396 914 137 59 aliqui
1492 914 96 59 qui
1547 914 82 59 in
1588 914 164 59 scriptis
1711 914 178 59 posuerunt
1835 914 82 59 deum

430 967 112 53 esse
500 967 182 53 infinitum
641 967 168 53 negatiue
767 967 140 53 solum:
865 967 70 53 &
893 967 98 53 hoc
949 967 197 53 dupliciter
1104 967 154 53 ponunt.
1216 967 140 53 Quidam
1314 967 112 53 enim
1385 967 126 53 ponit
1469 967 112 53 quod
1539 967 112 53 deus
1609 967 154 53 dicitur
1721 967 182 53 infinitus
1848 967 70 53 ne-

427 1002 150 60 gatiue
532 1002 75 60 a
562 1002 194 60 negatione
711 1002 180 60 alicuius
846 1002 209 60 finitantis
1010 1002 135 60 ipsum
1100 1002 75 60 &
1130 1002 224 60 mensurantis
1310 1002 150 60 extra:
1414 1002 120 60 quia
1489 1002 224 60 impossibile
1669 1002 105 60 est
1729 1002 135 60 ipsum
1803 1002 120 60 finiri

427 1058 122 55 loco,
509 1058 162 55 tempore,
630 1058 95 55 aut
684 1058 189 55 intellectu
833 1058 135 55 aliquo
928 1058 149 55 creato.
1036 1058 108 55 Ipse
1104 1058 108 55 enim
1171 1058 122 55 solus
1253 1058 149 55 seipsum
1361 1058 162 55 perfecte
1483 1058 203 55 intelligit:
1645 1058 68 55 &
1672 1058 95 55 sic
1726 1058 108 55 ipse
1794 1058 122 55 solus
1861 1058 68 55 se-

432 1096 126 60 ipsum
516 1096 154 60 finiens
628 1096 112 60 est:
698 1096 70 60 &
726 1096 98 60 suo
782 1096 196 60 intellectu
936 1096 196 60 mensurans:
1090 1096 112 60 quia
1160 1096 112 60 ipse
1231 1096 140 60 tantum
1329 1096 154 60 seipsum
1441 1096 196 60 intelligit
1595 1096 154 60 quantus
1707 1096 112 60 est.
1777 1096 126 60 Alius
1847 1096 84 60 vero

439 1143 127 59 ponit
524 1143 113 59 quod
594 1143 113 59 deus
665 1143 155 59 dicitur
778 1143 184 59 infinitus
919 1143 184 59 negatiue:
1060 1143 71 59 a
1089 1143 184 59 negatione
1230 1143 184 59 finientis
1371 1143 127 59 ipsum
1456 1143 71 59 &
1484 1143 212 59 terminantis
1654 1143 141 59 intra:
1752 1143 85 59 eo
1795 1143 113 59 quod
1851 1143 85 59 nul-

431 1191 105 49 lus
491 1191 239 49 perfectionis
685 1191 120 49 suae
760 1191 105 49 est
820 1191 180 49 terminus
955 1191 75 49 &
985 1191 150 49 finis.
1089 1191 75 49 &
1119 1191 105 49 hoc
1179 1191 180 49 loquendo
1314 1191 90 49 de
1359 1191 120 49 fine
1433 1191 75 49 &
1463 1191 165 49 termino
1583 1191 209 49 consumente
1733 1191 194 49 quantitatem

423 1238 195 52 bonitatis
573 1238 75 52 &
603 1238 240 52 perfectionis
798 1238 135 52 eius,
888 1238 90 52 ad
933 1238 135 52 modum
1023 1238 105 52 quo
1083 1238 165 52 punctus
1203 1238 135 52 finit
1293 1238 75 52 &
1323 1238 180 52 terminat
1458 1238 225 52 quantitatem
1638 1238 165 52 lineae.
1788 1238 150 52 Reuera
1878 1238 60 52 be

435 1283 87 63 ne
478 1283 130 63 verum
565 1283 101 63 est
622 1283 116 63 quod
695 1283 130 63 illis
781 1283 130 63 modis
868 1283 116 63 deus
941 1283 101 63 est
998 1283 202 63 infinitus.
1157 1283 130 63 nullo
1244 1283 116 63 enim
1316 1283 159 63 termino
1432 1283 202 63 consumente
1591 1283 130 63 neque
1678 1283 130 63 intra
1765 1283 130 63 neque
1837 1283 101 63 extra

431 1333 185 63 clauditur
573 1333 114 63 suae
645 1333 228 63 perfectionis
830 1333 185 63 quantitas
973 1333 71 63 &
1001 1333 200 63 magnitudo.
1158 1333 100 63 Sed
1215 1333 114 63 quod
1286 1333 86 63 ad
1329 1333 100 63 hoc
1386 1333 242 63 significandum
1586 1333 185 63 imponitur
1728 1333 128 63 nomen
1814 1333 100 63 cum
1857 1333 71 63 di-

438 1378 128 54 citur
523 1378 114 54 deus
595 1378 114 54 esse
666 1378 200 54 infinitus:
823 1378 86 54 vt
866 1378 157 54 cogamur
980 1378 143 54 dicere
1079 1378 114 54 quod
1151 1378 185 54 infinitas
1293 1378 86 54 in
1336 1378 100 54 deo
1393 1378 100 54 non
1450 1378 157 54 dicitur
1564 1378 114 54 nisi
1636 1378 185 54 negatiue:
1778 1378 100 54 hoc
1835 1378 100 54 non
1878 1378 57 54 vi

440 1422 153 57 detur.
547 1422 138 57 Primo
639 1422 92 57 ex
685 1422 153 57 natura
792 1422 214 57 negationis
961 1422 123 57 quam
1037 1422 184 57 importat
1175 1422 107 57 hoc
1236 1422 138 57 nomen
1328 1422 214 57 infinitum.
1497 1422 169 57 Secundo
1619 1422 92 57 ex
1665 1422 153 57 natura
1772 1422 107 57 rei
1818 1422 123 57 signi-

439 1472 165 48 ficatae
559 1472 105 48 per
619 1472 150 48 nomen.
725 1472 150 48 Tertio
830 1472 90 48 ex
875 1472 120 48 modo
950 1472 241 48 impositionis
1146 1472 150 48 ipsius
1251 1472 180 48 nominis.
1387 1472 90 48 Ex
1432 1472 150 48 natura
1537 1472 211 48 negationis
1702 1472 105 48 hoc
1763 1472 120 48 bene
1823 1472 105 48 appa-

439 1518 108 54 ret:
506 1518 108 54 quia
573 1518 148 54 negatio
681 1518 94 54 cum
735 1518 121 54 nihil
815 1518 121 54 ponat
896 1518 148 54 ratione
1004 1518 94 54 qua
1057 1518 148 54 negatio
1165 1518 108 54 est,
1232 1518 121 54 nihil
1313 1518 188 54 dignitatis
1461 1518 148 54 apponit
1569 1518 81 54 ei
1609 1518 81 54 de
1649 1518 94 54 quo
1703 1518 161 54 aliquoid
1824 1518 135 54 negat.

437 1565 113 57 nisi
508 1565 127 57 forte
592 1565 99 57 per
649 1565 170 57 accidens
776 1565 155 57 ratione
889 1565 170 57 subiecti
1016 1565 99 57 cui
1073 1565 85 57 de
1115 1565 212 57 necessitate
1285 1565 155 57 alterum
1398 1565 226 57 contrariorum
1582 1565 141 57 inest:
1681 1565 85 57 vt
1723 1565 85 57 si
1765 1565 113 57 homo
1836 1565 113 57 est,
1893 1565 42 57 &

448 1618 92 55 non
500 1618 92 55 est
553 1618 144 55 caecus,
657 1618 92 55 est
710 1618 144 55 videns:
815 1618 105 55 quod
880 1618 92 55 non
933 1618 118 55 ponit
1011 1618 105 55 illa
1077 1618 144 55 negatio
1181 1618 79 55 ex
1221 1618 131 55 natura
1312 1618 105 55 sui:
1378 1618 144 55 quoniam
1483 1618 79 55 si
1522 1618 105 55 sic:
1587 1618 131 55 vbicur
1679 1618 92 55 que
1731 1618 183 55 poneretur:
1862 1618 79 55 idem

454 1658 174 56 poneret:
585 1658 73 56 &
614 1658 218 56 sequeretur,
788 1658 131 56 lapis
875 1658 102 56 non
933 1658 102 56 est
992 1658 160 56 caecus,
1108 1658 116 56 ergo
1180 1658 102 56 est
1238 1658 160 56 videns.
1354 1658 116 56 Vnde
1427 1658 131 56 magis
1514 1658 102 56 hoc
1572 1658 174 56 congruit
1703 1658 87 56 ei
1746 1658 160 56 ratione
1862 1658 102 56 qua

436 1705 135 52 habet
526 1705 105 52 vim
586 1705 225 52 priuationis
766 1705 120 52 quam
840 1705 225 52 negationis.
1020 1705 180 52 Priuatio
1155 1705 120 52 enim
1230 1705 90 52 vt
1275 1705 195 52 priuatio,
1425 1705 150 52 semper
1530 1705 180 52 requirit
1664 1705 195 52 subiectum
1814 1705 90 52 in
1859 1705 105 52 quo

439 1750 101 54 sit
496 1750 129 54 quasi
582 1750 129 54 forma
669 1750 158 54 quaedam
784 1750 72 54 &
812 1750 201 54 dispositio
971 1750 187 54 subiecti:
1114 1750 158 54 negatio
1229 1750 129 54 autem
1316 1750 201 54 nequaquam.
1474 1750 115 54 Vnde
1546 1750 216 54 differentia
1718 1750 101 54 est
1776 1750 129 54 inter
1848 1750 86 54 nega

438 1795 138 48 tionem
535 1795 69 48 &
562 1795 220 48 priuationem:
741 1795 83 48 vt
782 1795 110 48 vult
851 1795 206 48 philosophus
1016 1795 138 48 quarto
1112 1795 124 48 Meta.
1195 1795 110 48 quod
1263 1795 151 48 negatio
1373 1795 96 48 est
1428 1795 83 48 ab
1470 1795 151 48 solutio
1580 1795 206 48 simpliciter
1745 1795 179 48 alicuius.
1868 1795 69 48 Pri

441 1844 126 59 uatio
525 1844 112 59 vero
595 1844 126 59 habet
680 1844 154 59 naturam
792 1844 197 59 subiectam.
946 1844 98 59 Vbi
1002 1844 126 59 dicit
1087 1844 168 59 Comment.
1213 1844 154 59 Negatio
1325 1844 98 59 est
1382 1844 182 59 absolutio
1522 1844 140 59 negati
1620 1844 225 59 simpliciter.
1789 1844 140 59 Priuatio

444 1897 128 49 autem
529 1897 100 49 est
586 1897 185 49 absolutio
728 1897 114 49 eius
799 1897 71 49 a
828 1897 142 49 natura
927 1897 228 49 determinata.
1112 1897 85 49 Et
1155 1897 100 49 cum
1212 1897 114 49 illa
1283 1897 142 49 natura
1382 1897 142 49 fuerit
1482 1897 185 49 disposita
1624 1897 100 49 per
1681 1897 228 49 priuationem:
1852 1897 85 49 erit

454 1935 76 48 in
492 1935 114 48 forma
568 1935 228 48 affirmationis.
759 1935 139 48 Propter
860 1935 101 48 quod
924 1935 114 48 dicit
1000 1935 203 48 philosophus.
1164 1935 89 48 ii.
1215 1935 165 48 Physicae.
1342 1935 152 48 Priuatio
1456 1935 139 48 species
1558 1935 178 48 quodammodo
1697 1935 101 48 est.
1760 1935 76 48 Si
1799 1935 101 48 ergo
1849 1935 89 48 solum

442 1986 170 58 negatiue
569 1986 240 58 praedicaretur
767 1986 198 58 infinitum:
923 1986 71 58 &
951 1986 127 58 nihil
1036 1986 170 58 positiue
1163 1986 226 58 significaret
1347 1986 127 58 circa
1432 1986 127 58 deum:
1517 1986 113 58 tunc
1587 1986 127 58 nihil
1672 1986 198 58 dignitatis
1828 1986 71 58 &
1842 1986 99 58 perfe

444 2026 142 54 ctionis
547 2026 142 54 diceret
650 2026 168 54 infinitum
779 2026 116 54 circa
857 2026 129 54 ipsum:
947 2026 103 54 nisi
1012 2026 90 54 per
1063 2026 155 54 accidens
1179 2026 142 54 ratione
1282 2026 168 54 subiecti.
1411 2026 142 54 Quantum
1514 2026 103 54 enim
1579 2026 90 54 est
1631 2026 77 54 de
1669 2026 90 54 se,
1721 2026 103 54 pura
1785 2026 142 54 negatio
1888 2026 77 54 in

452 2077 221 59 differenter
629 2077 177 59 conuenit
762 2077 118 59 enti
836 2077 74 59 &
865 2077 103 59 non
924 2077 133 59 enti:
1012 2077 133 59 sicut
1101 2077 133 59 patet
1189 2077 88 59 de
1233 2077 192 59 negatione
1381 2077 162 59 termini
1499 2077 192 59 infiniti.
1646 2077 103 59 Sed
1705 2077 103 59 hoc
1764 2077 133 59 nihil
1853 2077 88 59 ad
1882 2077 59 59 ra

453 2121 134 57 tionem
546 2121 187 57 dignitatis
693 2121 80 57 in
733 2121 200 57 significato
893 2121 107 57 eius
960 2121 107 57 quod
1027 2121 93 57 est
1080 2121 187 57 infinitum:
1227 2121 120 57 sicut
1307 2121 120 57 neque
1387 2121 240 57 innascibilitas
1588 2121 80 57 in
1628 2121 120 57 patre
1708 2121 80 57 ex
1748 2121 93 57 hoc
1801 2121 93 57 est
1842 2121 93 57 notio

457 2165 187 57 dignitatis
604 2165 80 57 in
644 2165 121 57 patre
724 2165 107 57 quod
791 2165 174 57 imponitur
925 2165 67 57 a
952 2165 174 57 negatione
1086 2165 94 57 qua
1140 2165 94 57 non
1193 2165 121 57 habet
1273 2165 107 57 esse
1340 2165 80 57 ab
1381 2165 107 57 alio
1448 2165 94 57 per
1501 2165 214 57 natiuitatem:
1675 2165 94 57 sed
1729 2165 147 57 ratione
1822 2165 121 57 primita

451 2217 100 55 tis
508 2217 200 55 affirmatae
665 2217 100 55 sub
722 2217 200 55 negatione:
879 2217 128 55 neque
965 2217 214 55 incorporale
1136 2217 100 55 est
1193 2217 214 55 differentia
1364 2217 228 55 constitutiua
1550 2217 157 55 speciei
1664 2217 157 55 ratione
1764 2217 171 55 negationis

457 2259 92 56 sed
509 2259 222 56 affirmationis
692 2259 157 56 alicuius
810 2259 170 56 incogniti
941 2259 235 56 subintellecti.
1163 2259 105 56 ldem
1229 2259 118 56 etiam
1307 2259 118 56 patet
1386 2259 144 56 secundo
1490 2259 157 56 scilicet
1608 2259 78 56 ex
1647 2259 131 56 natura
1739 2259 105 56 rei,
1804 2259 105 56 quae
1857 2259 78 56 dici

444 2310 99 54 tur
501 2310 170 54 infinita
628 2310 85 54 ex
671 2310 199 54 conditione
827 2310 113 54 eius
898 2310 170 54 secundum
1025 2310 113 54 quam
1096 2310 156 54 dicitur
1210 2310 184 54 infinita.
1351 2310 85 54 Ad
1394 2310 128 54 cuius
1479 2310 213 54 intellectum
1649 2310 156 54 oportet
1763 2310 213 54 considerare

449 2352 117 59 gradus
531 2352 140 59 secundum
636 2352 140 59 rationem
741 2352 199 59 intelligendi,
905 2352 117 59 quibus
986 2352 82 59 res
1033 2352 105 59 eadem
1103 2352 70 59 in
1138 2352 93 59 esse
1197 2352 82 59 suo
1243 2352 175 59 perficitur.
1383 2352 82 59 Cum
1430 2352 93 59 enim
1489 2352 152 59 perfectio
1605 2352 105 59 omnis
1675 2352 82 59 est
1722 2352 70 59 in
1757 2352 70 59 re
1792 2352 58 59 a
1816 2352 105 59 fine,
1886 2352 58 59 &
1897 2352 47 59 si

446 2395 84 62 nis
494 2395 60 62 &
518 2395 107 62 bonum
589 2395 107 62 idem,
661 2395 143 62 secundum
768 2395 191 62 philosophum.
923 2395 95 62 iii.
983 2395 107 62 Meta.
1055 2395 84 62 res
1103 2395 119 62 igitur
1186 2395 167 62 quaecumque
1317 2395 72 62 in
1353 2395 119 62 natura
1437 2395 155 62 essentiae
1556 2395 95 62 suae
1616 2395 72 62 ex
1652 2395 84 62 hoc
1699 2395 131 62 dicitur
1795 2395 107 62 bona:
1866 2395 95 62 quod

444 2444 158 43 attingit
562 2444 131 43 aliquo
654 2444 105 43 modo
720 2444 118 43 finem
799 2444 79 43 in
838 2444 197 43 complemento
996 2444 145 43 naturae
1101 2444 66 43 &
1127 2444 171 43 essentiae
1259 2444 118 43 suae.
1337 2444 92 43 Sed
1390 2444 92 43 non
1443 2444 145 43 dicitur
1548 2444 79 43 ex
1587 2444 92 43 hoc
1640 2444 158 43 perfecta
1758 2444 105 43 nisi
1811 2444 131 43 attingat

450 2491 164 45 complete
573 2491 123 45 finem
655 2491 136 45 illum:
751 2491 82 45 vt
792 2491 150 45 nullius
901 2491 218 45 completionis
1078 2491 205 45 pertinentis
1242 2491 82 45 ad
1283 2491 123 45 illam
1365 2491 150 45 naturam
1474 2491 82 45 ei
1515 2491 136 45 possit
1610 2491 123 45 fieri
1692 2491 164 45 vlterior
1802 2491 136 45 additio.

449 2535 117 57 Hlaec
527 2535 104 57 enim
592 2535 91 57 est
643 2535 168 57 definitio
773 2535 168 57 completi:
903 2535 78 57 vt
941 2535 117 57 dicit
1019 2535 155 57 Comment.
1136 2535 117 57 super
1213 2535 130 57 finem.
1304 2535 117 57 viii.
1382 2535 155 57 Phycita.
1498 2535 65 57 &
1524 2535 117 57 patet
1602 2535 78 57 ex
1641 2535 272 57 praedeterminatis.
1874 2535 91 57 Sed

456 2583 107 45 adhuc
528 2583 72 45 ex
563 2583 84 45 hac
611 2583 131 45 ratione
707 2583 84 45 non
754 2583 131 45 dicitur
850 2583 119 45 totum:
933 2583 84 45 sed
981 2583 72 45 ex
1017 2583 84 45 hoc
1065 2583 143 45 scilicet
1172 2583 95 45 quod
1232 2583 143 45 continet
1339 2583 72 45 in
1375 2583 72 45 se
1411 2583 107 45 omnia
1483 2583 95 45 illa
1542 2583 72 45 ex
1578 2583 119 45 quibus
1662 2583 155 45 completur
1781 2583 131 45 tanquam
1864 2583 84 45 compo

457 2627 115 59 situm
534 2627 77 59 ex
572 2627 179 59 rationibus
713 2627 205 59 completionis
879 2627 115 59 quasi
956 2627 77 59 ex
994 2627 166 59 partibus:
1122 2627 115 59 quia.
1199 2627 153 59 scilicet
1314 2627 153 59 continet
1429 2627 77 59 in
1468 2627 77 59 se
1506 2627 115 59 omnes
1583 2627 153 59 rationes
1698 2627 205 59 perfectionis
1851 2627 90 59 quasi

449 2672 128 57 partes
539 2672 77 57 ex
577 2672 128 57 quibus
666 2672 166 57 completur
794 2672 64 57 &
819 2672 204 57 constituitur
985 2672 77 57 in
1023 2672 115 57 esse,
1100 2672 64 57 &
1125 2672 115 57 nulla
1202 2672 115 57 earum
1278 2672 89 57 est
1329 2672 128 57 extra.
1418 2672 102 57 haec
1482 2672 102 57 enim
1546 2672 89 57 est
1597 2672 166 57 definitio
1724 2672 140 57 totius:
1826 2672 77 57 vt
1852 2672 89 57 dicit

455 2723 197 65 philosophus.
615 2723 98 65 iii.
676 2723 160 65 Physicae.
799 2723 62 65 &
824 2723 135 65 habitum
922 2723 86 65 est
971 2723 123 65 supra.
1057 2723 74 65 Et
1094 2723 111 65 licet
1168 2723 111 65 valde
1242 2723 160 65 propinqua
1365 2723 98 65 sint
1426 2723 148 65 secundum
1537 2723 86 65 hoc
1586 2723 74 65 in
1623 2723 185 65 significato
1771 2723 86 65 suo
1808 2723 135 65 perfectum

446 2776 70 66 &
474 2776 139 66 totum:
571 2776 84 66 vt
613 2776 111 66 idem
683 2776 209 66 significent
850 2776 97 66 re:
906 2776 209 66 significant
1073 2776 125 66 tamen
1156 2776 195 66 differenti
1309 2776 153 66 ratione
1421 2776 84 66 vt
1463 2776 139 66 dictum
1560 2776 111 66 est:
1630 2776 70 66 &
1658 2776 181 66 praecedit
1797 2776 167 66 secundum
