2017 3215
408 253 103 86 tem
467 253 162 86 daretur
585 253 74 86 &
614 253 177 86 antequam
747 253 147 86 essent
850 253 88 86 in
894 253 118 86 actu
968 253 88 86 in
1012 253 177 86 respectu
1144 253 88 86 ad
1189 253 191 86 essentias
1336 253 221 86 creaturarum
1512 253 221 86 rationalium
1689 253 88 86 in
1733 253 147 86 diuina
1836 253 103 86 no-

413 321 133 58 titia,
506 321 106 58 quae
572 321 120 58 natae
652 321 106 58 sunt
719 321 93 58 eum
772 321 160 58 recipere
892 321 160 58 postquam
1011 321 146 58 fuerint
1118 321 186 58 existentes
1264 321 120 58 extra
1344 321 160 58 secundum
1464 321 133 58 actum,
1557 321 146 58 dicitur
1663 321 80 58 ab
1703 321 146 58 aeterno
1797 321 106 58 donum.

412 363 150 60 Dicente
522 363 191 60 Augustino.
672 363 82 60 v.
713 363 82 60 de
754 363 205 60 triniitate.
917 363 82 60 c.
958 363 96 60 xv.
1013 363 164 60 Spiritus
1136 363 150 60 sanctus
1245 363 82 60 ab
1286 363 150 60 aeterno
1395 363 177 60 procedit:
1532 363 96 60 sed
1586 363 109 60 quia
1655 363 96 60 sic
1709 363 164 60 procedit
1832 363 82 60 vt
1859 363 55 60 es

409 415 97 57 set
464 415 179 57 donabile,
602 415 97 57 iam
658 415 124 57 donum
740 415 110 57 erat
809 415 69 57 &
837 415 166 57 antequam
961 415 124 57 esset
1044 415 97 57 cui
1099 415 166 57 daretur.
1223 415 138 57 Aliter
1320 415 110 57 enim
1389 415 221 57 intelligitur
1568 415 97 57 cum
1623 415 152 57 dicitur
1733 415 138 57 donum,
1816 415 83 57 ali-

407 457 104 58 ter
466 457 104 58 cum
526 457 163 58 dicitur
644 457 178 58 donatum.
777 457 104 58 Nam
836 457 133 58 donum
925 457 148 58 potest
1029 457 118 58 esse
1103 457 74 58 &
1132 457 178 58 antequam
1266 457 148 58 detur.
1369 457 163 58 Donatum
1488 457 118 58 vero
1562 457 118 58 nisi
1636 457 133 58 datum
1724 457 148 58 fuerit
1813 457 89 58 nul-

408 510 85 58 lo
450 510 113 58 modo
521 510 113 58 dici
592 510 156 58 potest.
705 510 99 58 Nam
762 510 85 58 vt
804 510 127 58 dicit
889 510 85 58 in
931 510 198 58 principio.
1087 510 113 58 xvi.
1158 510 85 58 c.
1200 510 198 58 sempiterne
1356 510 170 58 Spiritus
1483 510 142 58 donum:
1582 510 226 58 temporaliter
1766 510 127 58 autem
1851 510 85 58 do

411 552 151 53 natum.
517 552 211 53 Sempiterne
683 552 91 53 re
728 552 121 53 vera
804 552 151 53 donum:
909 552 121 53 quia
985 552 136 53 aptum
1075 552 151 53 donari
1181 552 211 53 creaturae:
1347 552 121 53 quod
1423 552 121 53 nata
1498 552 106 53 est
1559 552 181 53 recipere
1695 552 91 53 de
1740 552 196 53 propinquo

419 603 82 56 vt
460 603 96 56 est
515 603 82 56 in
557 603 151 56 actuali
666 603 206 56 existentia:
831 603 96 56 vel
886 603 82 56 de
927 603 192 56 remotiori,
1078 603 82 56 vt
1119 603 96 56 est
1174 603 151 56 aliquid
1284 603 82 56 in
1325 603 137 56 diuina
1421 603 151 56 notitia
1531 603 137 56 absque
1627 603 151 56 actuali
1724 603 178 56 existentia.

415 648 65 55 â‹
441 648 91 55 Est
493 648 130 55 igitur
584 648 195 55 aduertendum
740 648 104 55 quod
804 648 156 55 spiritus
921 648 130 55 sctuns
1012 648 78 55 in
1051 648 156 55 triplici
1168 648 182 55 habitudine
1311 648 208 55 consideratur
1480 648 156 55 respectu
1596 648 169 55 creaturae
1726 648 91 55 cui
1765 648 143 55 donabilis

415 688 97 55 est.
475 688 109 55 Primo
548 688 97 55 enim
608 688 145 55 spiritus
717 688 133 55 sanctus
813 688 193 55 consideratur
970 688 72 55 in
1007 688 121 55 diuina
1091 688 145 55 essentia
1200 688 145 55 secundum
1308 688 97 55 quod
1369 688 181 55 naturaliter
1514 688 109 55 prior
1586 688 85 55 est
1634 688 109 55 rerum
1707 688 145 55 essentia
1815 688 72 55 in
1840 688 72 55 diui

411 737 83 58 na
453 737 166 58 notitia.
577 737 83 58 Et
619 737 97 58 sic
674 737 180 58 solummodo
812 737 207 58 remotissima
978 737 180 58 aptitudie
1117 737 166 58 donabile
1241 737 97 58 est
1296 737 194 58 creaturae:
1449 737 166 58 donabile
1573 737 138 58 tamen,
1670 737 111 58 quia
1739 737 166 58 procedit
1850 737 55 58 ra

423 781 119 59 tione
502 781 93 59 sui
555 781 106 59 modi
622 781 186 59 procedendo
767 781 80 59 vt
807 781 172 59 donabile.
940 781 80 59 Et
979 781 159 59 secundum
1099 781 106 59 hanc
1165 781 106 59 enim
1231 781 252 59 considerationem
1443 781 159 59 spiritus
1562 781 146 59 sanctus
1668 781 159 59 procedit
1788 781 80 59 vt
1814 781 93 59 donum

410 827 149 52 datum:
514 827 208 52 extendendo
678 827 134 52 nomen
767 827 119 52 doni
841 827 74 52 &
871 827 119 52 dati
945 827 119 52 actu
1020 827 193 52 inquantum
1169 827 178 52 procedit
1302 827 74 52 a
1332 827 134 52 patre
1421 827 89 52 in
1466 827 164 52 filium,
1585 827 74 52 &
1615 827 208 52 econuerso:
1778 827 74 52 &
1808 827 104 52 sic
1853 827 59 52 vt

407 875 137 50 donum
498 875 152 50 mutuum
604 875 91 50 ab
650 875 106 50 vno
710 875 91 50 in
756 875 182 50 alterum,
892 875 76 50 &
923 875 121 50 actu
999 875 137 50 datum
1090 875 167 50 vtrique
1211 875 91 50 ab
1257 875 182 50 vtroque:
1393 875 106 50 sed
1454 875 182 50 procedit
1590 875 91 50 vt
1636 875 137 50 donum
1727 875 212 50 tantummodo

412 919 224 59 aptitudine
588 919 240 59 remotissima
779 919 208 59 donabile,
939 919 208 59 inquantum
1099 919 208 59 donabilis
1258 919 112 59 est
1322 919 224 59 creaturae.
1498 919 128 59 Quae
1578 919 160 59 quidem
1689 919 192 59 aptitudo
1817 919 96 59 remo

424 960 165 63 tissima
544 960 135 63 circa
635 960 211 63 creaturam,
800 960 105 63 non
860 960 180 63 requirit
996 960 180 63 terminum
1131 960 211 63 existentem
1296 960 90 63 in
1341 960 120 63 actu
1417 960 135 63 extra
1507 960 105 63 aut
1567 960 90 63 in
1612 960 226 63 cognitione:
1793 960 105 63 sed
1838 960 75 63 so-

407 1008 173 57 lummodo
533 1008 94 57 in
580 1008 188 57 virtute:
721 1008 235 57 quemadmodum
910 1008 141 57 forma
1004 1008 141 57 artis
1098 1008 188 57 existens
1239 1008 157 57 habitu
1349 1008 94 57 in
1396 1008 204 57 artifice,
1553 1008 220 57 aptitudine
1726 1008 141 57 habet
1804 1008 110 57 respe

424 1053 110 54 ctum
493 1053 82 54 ad
534 1053 123 54 domum
616 1053 110 54 quae
685 1053 96 54 nec
739 1053 96 54 est
794 1053 82 54 in
835 1053 151 54 materia
945 1053 137 54 extra,
1041 1053 96 54 nec
1096 1053 82 54 in
1137 1053 151 54 actuali
1247 1053 247 54 consideratione
1452 1053 192 54 artificis.
1603 1053 151 54 Secundo
1712 1053 123 54 autem
1781 1053 137 54 spiritus

413 1100 168 51 sanctus
535 1100 245 51 consideratur
734 1100 92 51 vt
780 1100 138 51 simul
872 1100 199 51 duratione
1025 1100 107 51 est
1086 1100 107 51 cum
1148 1100 184 51 creatura
1285 1100 199 51 existente
1438 1100 92 51 in
1484 1100 230 51 beneplacito
1668 1100 168 51 diuinae
1775 1100 138 51 volunta

424 1144 108 55 tis.
492 1144 163 55 Secundum
614 1144 108 55 hanc
682 1144 258 55 considerationem
899 1144 163 55 spiritus
1021 1144 149 55 sanctus
1130 1144 163 55 procedit
1252 1144 68 55 a
1279 1144 122 55 patre
1360 1144 68 55 &
1387 1144 122 55 filio
1469 1144 81 55 vt
1509 1144 122 55 donum
1591 1144 163 55 donabile
1713 1144 176 55 creaturae
1835 1144 81 55 apti

419 1189 150 64 tudine
524 1189 165 64 remota:
645 1189 120 64 quae
720 1189 180 64 requirit
855 1189 180 64 terminum
991 1189 211 64 existentem
1156 1189 180 64 secundum
1291 1189 135 64 actum
1382 1189 90 64 in
1427 1189 150 64 diuino
1532 1189 241 64 beneplacito:
1728 1189 105 64 sed
1788 1189 105 64 hoc
1833 1189 75 64 vel

412 1230 189 57 ordinante
558 1230 189 57 creaturam
703 1230 87 57 ad
746 1230 174 57 actualem
877 1230 232 57 productionem
1065 1230 189 57 quandoque
1211 1230 174 57 futuram,
1341 1230 102 57 vel
1399 1230 102 57 non
1457 1230 203 57 ordinante.
1617 1230 145 57 Tertio
1718 1230 145 57 quidem
1805 1230 102 57 spiri

417 1280 95 57 tus
472 1280 149 57 sanctus
580 1280 216 57 consideratur
756 1280 81 57 vt
796 1280 189 57 praecedens
945 1280 176 57 duratione
1080 1280 176 57 creaturam
1215 1280 189 57 existentem
1364 1280 81 57 in
1405 1280 149 57 effectu
1513 1280 135 57 extra.
1607 1280 162 57 Secundum
1729 1280 108 57 hanc
1783 1280 122 57 conside

413 1324 179 53 rationem
547 1324 179 53 spiritus
681 1324 164 53 sanctus
801 1324 179 53 procedit
935 1324 75 53 a
965 1324 134 53 patre
1054 1324 75 53 &
1084 1324 134 53 filio
1174 1324 89 53 vt
1218 1324 134 53 donum
1308 1324 179 53 donabile
1442 1324 194 53 creaturae
1591 1324 209 53 aptitudine
1755 1324 194 53 propinqua

418 1372 113 61 quae
489 1372 170 61 requirit
616 1372 170 61 terminum
744 1372 99 61 sic
801 1372 199 61 existentem
957 1372 85 61 vt
999 1372 142 61 possit
1099 1372 85 61 ei
1141 1372 113 61 dari
1212 1372 170 61 secundum
1340 1372 128 61 actum
1425 1372 71 61 &
1453 1372 113 61 esse
1524 1372 113 61 actu
1595 1372 142 61 datum.
1694 1372 85 61 Et
1722 1372 199 61 consimiliter

425 1416 144 52 verbum
526 1416 87 52 in
569 1416 173 52 triplici
699 1416 202 52 habitudine
858 1416 231 52 consideratur
1046 1416 173 52 respectu
1176 1416 188 52 creaturae
1320 1416 231 52 simpliciter,
1508 1416 130 52 cuius
1594 1416 101 52 est
1652 1416 231 52 declaratiuum
1825 1416 87 52 siue

420 1459 286 61 manifestatiuum.
661 1459 136 61 Primo
751 1459 120 61 enim
827 1459 241 61 consideratur
1022 1459 181 61 secundum
1158 1459 120 61 quod
1233 1459 90 61 in
1278 1459 151 61 diuina
1384 1459 181 61 essentia
1519 1459 226 61 naturaliter
1700 1459 136 61 prior
1790 1459 105 61 est
1836 1459 90 61 omni

422 1508 180 48 essentia
557 1508 210 48 creaturae,
722 1508 75 48 &
752 1508 105 48 sic
812 1508 195 48 solummodo
962 1508 225 48 remotissima
1142 1508 210 48 aptitudine
1306 1508 180 48 procedit
1441 1508 90 48 vt
1486 1508 240 48 declaratiuum
1681 1508 195 48 essentiae
1816 1508 105 48 crea-

420 1552 140 54 turae:
518 1552 98 54 nec
574 1552 168 54 requirit
700 1552 168 54 terminum
827 1552 168 54 scilicet
953 1552 182 54 essentiam
1093 1552 182 54 creaturae
1233 1552 84 54 in
1275 1552 196 54 existentia
1429 1552 154 54 actuali
1541 1552 140 54 extra,
1640 1552 98 54 nec
1696 1552 84 54 in
1738 1552 154 54 actuali
1836 1552 84 54 noti

426 1595 120 63 tia:
501 1595 105 63 sed
561 1595 195 63 solummodo
711 1595 90 63 in
756 1595 165 63 virtute
876 1595 225 63 exemplaris:
1056 1595 90 63 vt
1101 1595 105 63 iam
1161 1595 150 63 dictum
1266 1595 105 63 est
1326 1595 90 63 de
1371 1595 135 63 forma
1461 1595 150 63 artis:
1566 1595 120 63 quae
1641 1595 105 63 est
1701 1595 180 63 exemplum
1821 1595 105 63 magis

430 1643 167 56 proprium
555 1643 125 56 circa
639 1643 139 56 verbum
736 1643 111 56 quam
806 1643 125 56 circa
889 1643 167 56 spiritum
1014 1643 167 56 sanctum.
1139 1643 153 56 Secundo
1251 1643 111 56 modo
1320 1643 222 56 consideratur
1501 1643 139 56 verbum
1598 1643 83 56 vt
1640 1643 125 56 simul
1723 1643 181 56 duratione
1848 1643 70 56 est

424 1687 99 58 cum
480 1687 170 58 essentia
608 1687 184 58 creaturae
749 1687 184 58 existente
891 1687 85 58 in
933 1687 141 58 diuina
1032 1687 170 58 notitia.
1159 1687 141 58 Tertio
1258 1687 127 58 autem
1343 1687 113 58 modo
1414 1687 226 58 consideratur
1598 1687 85 58 vt
1640 1687 184 58 duratione
1767 1687 156 58 praecedit

420 1734 189 44 essentiam
566 1734 189 44 creaturae
711 1734 203 44 existentem
870 1734 87 44 in
914 1734 160 44 effectu
1030 1734 145 44 extra.
1131 1734 87 44 Et
1175 1734 160 44 vtroque
1291 1734 116 44 modo
1363 1734 174 44 procedit
1494 1734 145 44 verbum
1595 1734 87 44 vt
1639 1734 232 44 declaratiuum
1813 1734 116 44 essen-

420 1780 115 59 tiae
492 1780 187 59 creaturae
635 1780 201 59 aptitudine
793 1780 201 59 propinqua:
952 1780 115 59 quia
1023 1780 158 59 vtroque
1138 1780 115 59 modo
1210 1780 173 59 secundum
1340 1780 129 59 actum
1426 1780 173 59 declarat
1555 1780 115 59 siue
1627 1780 201 59 manifestat
1785 1780 144 59 ipsam:
1872 1780 58 59 li

427 1824 101 57 cet
484 1824 129 57 primo
570 1824 86 57 vt
614 1824 101 57 est
671 1824 86 57 in
714 1824 115 57 sola
786 1824 173 57 notitia:
916 1824 72 57 &
945 1824 144 57 deinde
1045 1824 86 57 vt
1088 1824 101 57 est
1146 1824 86 57 in
1189 1824 187 57 exteriori
1333 1824 216 57 existentia.
1506 1824 72 57 &
1535 1824 86 57 in
1578 1824 101 57 hoc
1635 1824 101 57 est
1693 1824 201 57 distinctio
1837 1824 86 57 ali-

440 1873 105 50 qua
500 1873 180 50 respectu
635 1873 225 50 creaturarum
815 1873 90 50 in
860 1873 135 50 verbo
950 1873 75 50 &
980 1873 90 50 in
1025 1873 165 50 spiritu
1145 1873 165 50 sancto.
1264 1873 90 50 Et
1309 1873 105 50 sic
1369 1873 165 50 omnibus
1489 1873 135 50 modis
1579 1873 150 50 verbum
1684 1873 135 50 dicit
1759 1873 165 50 respectum

430 1920 88 53 ad
474 1920 206 53 creaturas,
637 1920 103 53 nec
696 1920 147 53 potest
799 1920 118 53 esse
872 1920 162 53 verbum,
990 1920 118 53 quin
1064 1920 192 53 huiusmodi
1211 1920 192 53 respectum
1359 1920 192 53 importet.
1506 1920 74 53 â‹
1536 1920 88 53 Ad
1580 1920 162 53 tertium
1698 1920 118 53 quod
1757 1920 162 53 respectus

444 1959 81 53 uo
484 1959 134 53 verbum
578 1959 94 53 est
632 1959 148 53 verbum,
739 1959 134 53 realis
833 1959 107 53 est:
900 1959 161 53 Dicendum
1021 1959 107 53 quod
1088 1959 121 53 verum
1169 1959 107 53 est,
1236 1959 107 53 quia
1303 1959 107 53 ille
1370 1959 94 53 non
1424 1959 94 53 est
1478 1959 107 53 nisi
1545 1959 175 53 respectus
1679 1959 188 53 originalis
1814 1959 107 53 consti

438 2008 144 56 tutiuus
542 2008 131 56 verbi,
634 2008 105 56 quid
699 2008 65 56 &
725 2008 144 56 ordinem
830 2008 170 56 naturalem
960 2008 65 56 &
987 2008 196 56 essentialem
1143 2008 118 56 ponit
1222 2008 78 56 ad
1261 2008 78 56 id
1300 2008 105 56 quod
1365 2008 170 56 respicit.
1496 2008 91 56 Est
1548 2008 118 56 tamen
1627 2008 118 56 alius
1705 2008 170 56 respectus
1823 2008 78 56 eius

425 2053 104 54 qui
485 2053 178 54 convenit
618 2053 134 54 verbo
707 2053 193 54 inquantum
856 2053 163 54 verbum:
975 2053 119 54 quia
1049 2053 163 54 ratione
1168 2053 119 54 suae
1242 2053 238 54 proprietatis
1436 2053 253 54 constitutiuae
1644 2053 74 54 &
1673 2053 238 54 consequenter
1852 2053 59 54 vt

430 2101 133 57 dictum
523 2101 93 57 est
576 2101 133 57 supra:
669 2101 119 57 licet
748 2101 106 57 ipso
815 2101 133 57 verbum
907 2101 93 57 non
961 2101 93 57 sit
1014 2101 146 57 verbum:
1120 2101 106 57 quia
1186 2101 93 57 non
1239 2101 93 57 est
1292 2101 146 57 realis:
1398 2101 93 57 nec
1452 2101 93 57 per
1505 2101 133 57 ipsum,
1598 2101 146 57 ordinem
1704 2101 186 57 naturalem,
1850 2101 93 57 sed

426 2144 170 53 rationis
553 2144 156 53 tantum,
666 2144 170 53 scilicet
794 2144 99 53 per
850 2144 198 53 voluntatem
1006 2144 71 53 &
1034 2144 226 53 intellectum,
1218 2144 127 53 habet
1303 2144 85 53 ad
1346 2144 198 53 creaturas.
1501 2144 156 53 Propter
1615 2144 113 53 quod
1685 2144 142 53 verbum
1770 2144 156 53 inquantum

433 2189 145 57 verbum
534 2189 174 57 duplicem
664 2189 130 57 habet
751 2189 203 57 respectum:
910 2189 145 57 primum
1011 2189 174 57 scilicet
1142 2189 72 57 &
1171 2189 188 57 secundum.
1315 2189 145 57 Primum
1417 2189 116 57 enim
1489 2189 87 57 ad
1532 2189 159 57 patrem,
1648 2189 174 57 scilicet
1778 2189 72 57 a
1807 2189 101 57 quo
1851 2189 72 57 di-

427 2233 138 49 citur,
524 2233 138 49 habet:
620 2233 124 49 quasi
703 2233 124 49 iuxta
786 2233 138 49 primum
882 2233 124 49 modum
965 2233 152 49 dicendi
1076 2233 97 49 per
1131 2233 97 49 se.
1186 2233 166 49 Secundum
1310 2233 110 49 vero
1379 2233 83 49 ad
1420 2233 83 49 ea
1462 2233 166 49 scilicet
1586 2233 110 49 quae
1655 2233 166 49 dicuntur
1779 2233 138 49 verbo,
1862 2233 55 49 ha

439 2280 97 48 bet
494 2280 124 48 quasi
577 2280 124 48 iuxta
660 2280 166 48 secundum
784 2280 124 48 modum
867 2280 152 48 dicendi
977 2280 97 48 per
1032 2280 97 48 se.
1087 2280 69 48 â‹
1115 2280 83 48 Ad
1156 2280 166 48 quartum,
1281 2280 110 48 quod
1350 2280 166 48 relatiua
1474 2280 110 48 sunt
1543 2280 138 48 simul:
1639 2280 166 48 Dicendum
1763 2280 110 48 quod
1818 2280 97 48 verum

432 2323 96 48 est
487 2323 82 48 de
528 2323 178 48 relatione
665 2323 164 48 secundum
788 2323 123 48 actum
870 2323 68 48 &
897 2323 205 48 habitudinem
1061 2323 205 48 propinquam,
1225 2323 96 48 non
1280 2323 123 48 autem
1362 2323 82 48 de
1403 2323 109 48 illa
1471 2323 109 48 quae
1539 2323 96 48 est
1594 2323 164 48 secundum
1717 2323 150 48 habitum
1826 2323 68 48 &
1840 2323 82 48 habi

440 2368 170 63 tudinem:
567 2368 85 63 vt
609 2368 127 63 patet
694 2368 85 63 ex
737 2368 155 63 dictis.
850 2368 71 63 â‹
878 2368 85 63 Ad
920 2368 170 63 quintum,
1048 2368 113 63 quod
1118 2368 170 63 spiritus
1246 2368 155 63 sanctus
1359 2368 113 63 quia
1429 2368 184 63 respectum
1571 2368 127 63 habet
1656 2368 85 63 ad
1698 2368 113 63 nos,
1769 2368 141 63 noster
1853 2368 57 63 di

433 2418 132 55 citur:
525 2418 93 55 non
578 2418 93 55 sic
631 2418 145 55 filius:
737 2418 119 55 quare
816 2418 185 55 necverbum:
962 2418 106 55 quia
1028 2418 79 55 eo
1068 2418 132 55 verbum
1160 2418 93 55 quo
1213 2418 145 55 filius:
1319 2418 159 55 Dicendum
1438 2418 159 55 secundum
1557 2418 185 55 praedicta,
1702 2418 106 55 quod
1769 2418 132 55 verbum
1848 2418 66 55 Dei

432 2458 174 53 secundum
562 2458 130 53 modum
649 2458 101 53 quo
707 2458 130 53 habet
794 2458 188 53 respectum
939 2458 87 53 ad
982 2458 116 53 nos,
1055 2458 116 53 bene
1127 2458 159 53 dicitur
1243 2458 174 53 nostrum,
1373 2458 101 53 non
1431 2458 130 53 tamen
1518 2458 72 53 a
1547 2458 130 53 nobis
1634 2458 145 53 dictum
1721 2458 203 53 notionaliter

435 2505 101 52 sed
492 2505 101 52 quo
550 2505 101 52 nos
608 2505 159 52 dicimur
723 2505 72 52 &
752 2505 101 52 quo
810 2505 101 52 nos
867 2505 159 52 dicimus
983 2505 260 52 essentialiter.
1199 2505 87 52 Et
1242 2505 115 52 quod
1314 2505 187 52 assumitur
1459 2505 115 52 quod
1531 2505 144 52 filius
1632 2505 101 52 non
1689 2505 159 52 dicitur
1790 2505 130 52 noster:

432 2550 179 65 Dicendum
566 2550 119 65 quod
641 2550 134 65 sicut
730 2550 179 65 secundum
864 2550 134 65 supra
954 2550 224 65 determinata
1133 2550 119 65 idem
1207 2550 119 65 sunt
1282 2550 89 65 in
1327 2550 164 65 diuinis
1446 2550 179 65 generare
1580 2550 75 65 &
1610 2550 149 65 dicere
1699 2550 224 65 notionaliter-

435 2596 111 59 alia
504 2596 125 59 tamen
588 2596 69 59 &
615 2596 111 59 alia
685 2596 166 59 ratione,
809 2596 111 59 quia
879 2596 139 59 dicere
976 2596 152 59 aliquam
1086 2596 166 59 rationem
1211 2596 125 59 addit
1294 2596 125 59 super
1378 2596 180 59 generare:
1516 2596 125 59 Sicut
1599 2596 111 59 enim
1669 2596 83 59 in
1710 2596 152 59 diuinis
1821 2596 125 59 super

432 2641 157 48 naturam
546 2641 215 48 simpliciter
718 2641 129 48 addit
804 2641 243 48 intellectuale
1004 2641 172 48 rationem
1133 2641 172 48 aliquam,
1262 2641 172 48 scilicet
1391 2641 301 48 intellectualiter,
1648 2641 100 48 sic
1705 2641 129 48 super
1777 2641 143 48 generare

438 2689 117 61 quod
512 2689 132 61 dicit
600 2689 132 61 actum
688 2689 205 61 producendi
849 2689 117 61 modo
922 2689 161 61 naturae
1040 2689 235 61 simpliciter,
1231 2689 176 61 rationem
1363 2689 161 61 quandam
1480 2689 132 61 addit
1568 2689 132 61 ipsum
1656 2689 147 61 dicere
1759 2689 117 61 quid
1817 2689 103 61 dicit

429 2738 130 68 actum
515 2738 203 68 producendi
675 2738 116 68 modo
747 2738 261 68 intellectualis
964 2738 232 68 operationis:
1153 2738 232 68 Consimiliter
1341 2738 87 68 in
1385 2738 203 68 proposito,
1544 2738 130 68 licet
1631 2738 87 68 eo
1674 2738 145 68 filius
1776 2738 101 68 quo
1819 2738 87 68 ver
