2017 3203
122 263 89 72 bum
173 263 64 72 &
199 263 178 72 econverso,
338 263 153 72 rationem
453 263 114 72 tamen
529 263 140 72 quandam
631 263 114 72 addit
707 263 127 72 verbum
796 263 114 72 super
873 263 64 72 l
898 263 140 72 filius:
1000 263 102 72 quia
1063 263 127 72 filius
1152 263 114 72 dicit
1229 263 165 72 productum
1356 263 76 72 vt
1394 263 127 72 simile
1483 263 153 72 secundum

115 335 140 53 naturam
217 335 165 53 praecise:
344 335 127 53 verbum
433 335 102 53 vero
497 335 114 53 dicit
573 335 76 53 vt
611 335 127 53 simile
700 335 165 53 productum
827 335 153 53 secundum
942 335 140 53 naturam
1044 335 242 53 intellectualem:
1247 335 89 53 quo
1298 335 140 53 habetur
1400 335 114 53 ratio
1463 335 140 53 declarati

114 372 89 50 ui,
165 372 76 50 in
203 372 89 50 quo
254 372 153 50 fundatur
369 372 178 50 respectus,
508 372 76 50 de
547 372 89 50 quo
597 372 165 50 loquimur,
725 372 64 50 &
750 372 89 50 sic
801 372 191 50 consequitur
954 372 153 50 secundum
1068 372 153 50 rationem
1182 372 114 50 illam
1259 372 102 50 quae
1322 372 140 50 proprie
1424 372 153 50 convenit
1526 372 76 50 ver-

123 418 74 59 bo
160 418 74 59 vt
197 418 123 59 verbum
283 418 98 59 est,
344 418 111 59 super
418 418 148 59 rationem
529 418 123 59 filii.
615 418 135 59 Propter
713 418 98 59 quod
775 418 123 59 filius
861 418 74 59 vt
898 418 123 59 filius
984 418 123 59 nullum
1070 418 123 59 omnino
1156 418 111 59 habet
1230 418 160 59 respectum
1353 418 74 59 ad
1390 418 98 59 nos,
1451 418 86 59 nec
1488 418 111 59 dicitur

116 462 147 53 noster:
222 462 134 53 verbum
316 462 107 53 vero
383 462 80 53 vt
423 462 147 53 verbum,
530 462 174 53 respectum
663 462 120 53 habet
743 462 80 53 ad
783 462 107 53 nos:
850 462 67 53 &
877 462 160 53 secundum
997 462 93 53 hoc
1050 462 93 53 non
1104 462 240 53 inconvenienter
1304 462 93 53 (vt
1357 462 134 53 dictum
1451 462 107 53 est)
1504 462 107 53 potest

110 513 108 57 dici
177 513 135 57 verbum
271 513 162 57 nostrum.
392 513 67 57 ⁋
419 513 81 57 Ad
460 513 135 57 sextum
554 513 175 57 responsum
688 513 94 57 est
742 513 121 57 supra
823 513 81 57 in
864 513 202 57 responsione
1025 513 81 57 ad
1065 513 175 57 secundum.
1200 513 67 57 ⁋
1227 513 94 57 Ad.
1281 513 108 57 vii,
1348 513 108 57 quod
1416 513 108 57 erat
1469 513 135 57 scilicet

121 554 158 65 secundum
240 554 198 65 principale,
398 554 106 65 quod
464 554 158 65 scilicet
583 554 145 65 formale
689 554 211 65 reduplicatum
860 554 92 65 cum
913 554 145 65 dicitur
1019 554 132 65 verbum
1111 554 172 65 inquantum
1243 554 145 65 verbum,
1349 554 92 65 non
1402 554 132 65 potest
1494 554 106 65 esse
1547 554 53 65 ni

112 603 78 60 si
151 603 155 60 proprium
267 603 220 60 constitutiuum
448 603 91 60 quo
500 603 155 60 refertur
616 603 78 60 ad
655 603 116 60 solum
733 603 142 60 patrem:
836 603 155 60 Dicendum
952 603 155 60 secundum
1069 603 168 60 praedicta
1198 603 103 60 quod
1263 603 78 60 si
1302 603 207 60 intelligatur
1457 603 129 60 redupli-

108 650 123 48 cari
184 650 92 48 in
231 650 169 48 ratione
354 650 154 48 formae
461 650 138 48 iuxta
553 650 154 48 primum
661 650 138 48 modum
753 650 169 48 dicendi
876 650 108 48 per
938 650 108 48 se,
999 650 123 48 tunc
1076 650 154 48 verbum
1183 650 200 48 inquantum
1337 650 154 48 verbum
1445 650 92 48 ad
1475 650 108 48 solum

113 694 139 54 patrem
211 694 125 54 habet
294 694 195 54 respectum.
448 694 84 54 Si
490 694 112 54 vero
559 694 223 54 intelligatur
740 694 209 54 reduplicari
908 694 84 54 in
950 694 153 54 ratione
1061 694 112 54 eius
1131 694 84 54 ad
1173 694 112 54 quod
1242 694 125 54 quasi
1326 694 195 54 consequens
1479 694 98 54 est
1521 694 70 54 pro

108 738 124 54 prium
191 738 138 54 aliud,
287 738 96 54 sic
343 738 138 54 verbum
439 738 96 54 non
494 738 83 54 ad
536 738 124 54 solum
618 738 165 54 dicentem
742 738 138 54 verbum
839 738 124 54 habet
922 738 193 54 respectum:
1073 738 96 54 sed
1128 738 124 54 etiam
1211 738 83 54 ad
1252 738 179 54 creaturas
1390 738 83 54 vt
1432 738 138 54 dictae
1514 738 83 54 sunt

119 782 138 58 verbo:
216 782 69 58 &
243 782 97 58 hoc
298 782 124 58 quasi
381 782 124 58 iuxta
464 782 165 58 secundum
588 782 124 58 modum
671 782 152 58 dicendi
781 782 97 58 per
836 782 97 58 se.
891 782 69 58 ⁋
919 782 83 58 Ad
960 782 165 58 octauum,
1085 782 110 58 quod
1153 782 138 58 filius
1250 782 179 58 inquantum
1388 782 138 58 filius
1484 782 97 58 non
1526 782 55 58 ha

105 826 96 53 bet
160 826 178 53 respectum
297 826 110 53 nisi
366 826 82 53 ad
407 826 151 53 patrem,
516 826 110 53 ergo
585 826 96 53 nec
640 826 137 53 verbum
736 826 178 53 inquantum
873 826 151 53 verbum:
982 826 123 53 patet
1065 826 82 53 ex
1106 826 137 53 dictis
1202 826 110 53 iam.
1270 826 69 53 ⁋
1298 826 82 53 Ad
1339 826 164 53 vltimum,
1462 826 110 53 quod
1517 826 82 53 ver-

106 874 93 52 bum
159 874 93 52 est
212 874 106 52 nata
278 874 186 52 sapientia:
424 874 66 52 &
451 874 80 52 eo
491 874 106 52 quod
557 874 119 52 nata,
636 874 133 52 verbum
729 874 106 52 est,
796 874 66 52 &
822 874 80 52 ad
862 874 119 52 solum
942 874 133 52 patrem
1034 874 119 52 habet
1114 874 186 52 respectum:
1260 874 159 52 Dicendum
1379 874 106 52 quod
1446 874 119 52 natum
1512 874 93 52 dupli

111 923 139 52 citer
203 923 155 52 potest
311 923 247 52 considerari.
512 923 108 52 Vno
574 923 124 52 modo
651 923 247 52 simpliciter:
852 923 124 52 alio
930 923 124 52 modo
1007 923 93 52 vt
1053 923 108 52 sub
1115 923 124 52 modo
1192 923 278 52 intellectuali.
1424 923 139 52 Primo
1501 923 93 52 modo

98 967 129 55 natum
184 967 157 55 proprie
298 967 172 55 convenit
427 967 129 55 filio
513 967 86 55 vt
556 967 100 55 est
613 967 157 55 filius.
727 967 157 55 Secundo
842 967 114 55 modo
913 967 86 55 vt
956 967 100 55 est
1013 967 157 55 verbum.
1128 967 86 55 Et
1171 967 157 55 propter
1285 967 172 55 secundum
1414 967 129 55 modum
1486 967 114 55 verbum

116 1008 94 69 non
169 1008 121 69 solum
250 1008 94 69 est
304 1008 107 69 nata
371 1008 175 69 sapientia
505 1008 201 69 simpliciter
666 1008 94 69 sed
720 1008 215 69 declaratiua:
895 1008 81 69 vt
935 1008 134 69 dictum
1029 1008 107 69 est.
1096 1008 67 69 &
1123 1008 148 69 ratione
1230 1008 121 69 huius
1311 1008 121 69 habet
1392 1008 175 69 respectum
1526 1008 94 69 non

107 1053 138 77 solum
199 1053 92 77 ad
245 1053 154 77 patrem
352 1053 108 77 sed
414 1053 92 77 ad
460 1053 138 77 omnia
552 1053 138 77 alia:
644 1053 138 77 licet
737 1053 108 77 non
798 1053 138 77 habet
890 1053 108 77 eum
952 1053 169 77 filius:
1075 1053 92 77 vt
1121 1053 154 77 dictum
1228 1053 123 77 est.
1305 1053 77 77 ⁋
1336 1053 200 77 Argumenta
1489 1053 92 77 in
1520 1053 77 77 op-

100 1102 190 74 positum
238 1102 241 74 concedenda
427 1102 138 74 sunt
513 1102 207 74 secundum
669 1102 155 74 modum
772 1102 155 74 tamen
875 1102 224 74 expositum
1031 1102 103 74 iam.

388 1172 110 64 Irca
457 1172 137 64 sextum
553 1172 178 64 arguitur:
690 1172 110 64 quod
759 1172 137 64 verbum
855 1172 82 64 in
896 1172 151 64 diuinis
1005 1172 96 64 sit
1060 1172 137 64 verbum
1156 1172 178 64 practicum
1293 1172 96 64 non
1348 1172 233 64 speculatiuum,
1526 1172 69 64 Pri

392 1231 72 55 mo
428 1231 96 55 sic.
488 1231 167 55 Augustinus
619 1231 119 55 dicit.
702 1231 107 55 iiii.
774 1231 72 55 de
810 1231 179 55 triniitate.
953 1231 72 55 c.
989 1231 72 55 v.
1025 1231 72 55 de
1061 1231 84 55 hoc
1108 1231 107 55 verbo
1180 1231 96 55 siue
1240 1231 72 55 de
1276 1231 119 55 filio,
1359 1231 96 55 quod
1419 1231 84 55 est
1467 1231 84 55 ars
1502 1231 84 55 plena

395 1273 152 49 omnium
501 1273 183 49 rationum
638 1273 213 49 viuentium.
806 1273 107 49 Ars
867 1273 137 49 autem
958 1273 91 49 ad
1004 1273 152 49 praxim
1110 1273 198 49 pertinet,
1262 1273 107 49 non
1323 1273 91 49 ad
1354 1273 243 49 speculationem.

387 1320 106 57 ergo
453 1320 93 57 &c.
506 1320 66 57 ⁋
532 1320 145 57 Secundo
638 1320 106 57 sic.
704 1320 79 57 Id
744 1320 106 57 quod
810 1320 93 57 est
863 1320 185 57 principium
1008 1320 159 57 factiuum
1127 1320 66 57 &
1154 1320 159 57 operandi
1273 1320 172 57 potentia,
1405 1320 172 57 practicum
1524 1320 66 57 est

378 1361 70 60 &
406 1361 98 60 non
462 1361 238 60 speculatiuum:
658 1361 84 60 vt
699 1361 126 60 patet
783 1361 84 60 in
825 1361 126 60 arte.
909 1361 140 60 verbum
1007 1361 154 60 diuinum
1119 1361 196 60 principium
1273 1361 168 60 factiuum
1398 1361 112 60 est.
1468 1361 126 60 loan.
1538 1361 56 60 i.

359 1420 135 48 Omnia
449 1420 105 48 per
509 1420 135 48 ipsum
599 1420 135 48 facta
690 1420 135 48 sunt.
780 1420 75 48 &
810 1420 195 48 similiter
960 1420 180 48 potentia
1095 1420 120 48 siue
1170 1420 150 48 virtus
1275 1420 195 48 operandi.
1426 1420 90 48 Ad
1471 1420 120 48 Rom.
1531 1420 60 48 i.

100 1454 212 61 Praedicamus
270 1454 170 61 Christum
397 1454 99 61 dei
454 1454 170 61 virtutem
581 1454 99 61 &c.
638 1454 71 61 ⁋
666 1454 156 61 Contra,
780 1454 113 61 quod
850 1454 99 61 est
907 1454 212 61 dignissimum
1077 1454 71 61 &
1105 1454 227 61 nobilissimum
1289 1454 142 61 semper
1388 1454 99 61 deo
1445 1454 184 61 attribuem
1573 1454 42 61 l

112 1501 100 61 dum
169 1501 115 61 est,
241 1501 86 61 vt
284 1501 158 61 habitum
398 1501 100 61 est
456 1501 129 61 supra
542 1501 86 61 in
585 1501 158 61 sermone
699 1501 86 61 de
742 1501 215 61 attributis.
914 1501 115 61 esse
986 1501 229 61 speculatiuum
1172 1501 158 61 dignius
1287 1501 115 61 est.
1359 1501 72 61 &
1387 1501 172 61 nobilius
1502 1501 86 61 quam

109 1545 103 55 esse
173 1545 180 55 practicum.
315 1545 154 55 secundum
430 1545 193 55 Philosophum
584 1545 77 55 in
623 1545 77 55 i.
662 1545 218 55 Metaphysicae.
841 1545 103 55 ergo
893 1545 64 55 &c.

103 1589 86 71 ⁋
137 1589 207 71 Dicendum
292 1589 103 71 ad
344 1589 138 71 hoc:
430 1589 138 71 quod
516 1589 172 71 verbum
637 1589 190 71 diuinum
775 1589 241 71 dupliciter
965 1589 172 71 potest
1085 1589 276 71 considerari.
1309 1589 121 71 Vno
1378 1589 138 71 modo
1464 1589 103 71 vt
1499 1589 86 71 est

111 1643 155 67 aliquid
224 1643 85 67 in
266 1643 85 67 se
308 1643 212 67 subsistens:
478 1643 71 67 &
506 1643 99 67 sic
562 1643 85 67 vt
605 1643 99 67 est
661 1643 141 67 verbum
760 1643 141 67 solius
859 1643 155 67 patris:
971 1643 71 67 &
1000 1643 169 67 terminus
1127 1643 141 67 ipsius
1225 1643 127 67 actus
1310 1643 155 67 dicendi
1409 1643 183 67 notionalis.

101 1690 112 54 Alio
171 1690 112 54 modo
241 1690 84 54 vt
282 1690 98 54 est
338 1690 181 54 perfectio
478 1690 209 54 intellectus
645 1690 209 54 essentialis
813 1690 112 54 dei:
882 1690 70 54 &
910 1690 98 54 sic
966 1690 84 54 vt
1008 1690 98 54 est
1064 1690 181 54 perfectio
1203 1690 209 54 essentialis
1371 1690 209 54 intellectus
1524 1690 70 54 to-

109 1741 119 61 tius
184 1741 224 61 trinitatis,
363 1741 75 61 &
393 1741 134 61 ratio
482 1741 134 61 actus
572 1741 164 61 dicendi
691 1741 239 61 essentialis.
885 1741 90 61 Et
930 1741 134 61 primo
1020 1741 149 61 quidem
1124 1741 119 61 modo
1199 1741 239 61 consideratum
1393 1741 119 61 pure
1453 1741 134 61 specula

97 1780 125 67 tiuum
181 1780 111 67 est,
250 1780 111 67 quia
320 1780 139 67 absque
418 1780 111 67 omni
487 1780 139 67 ordine
585 1780 70 67 &
613 1780 167 67 respectu
738 1780 84 67 ad
780 1780 181 67 creaturas
919 1780 237 67 consideratur:
1114 1780 84 67 vt
1156 1780 125 67 patet
1240 1780 84 67 ex
1281 1780 139 67 dictis
1379 1780 98 67 iam
1435 1780 84 67 in
1463 1780 125 67 praece-

94 1837 131 54 dente
182 1837 219 54 quaestione.
357 1837 131 54 Ratio
444 1837 131 54 autem
532 1837 146 54 praxis
634 1837 131 54 nullo
722 1837 117 54 modo
794 1837 146 54 potest
897 1837 190 54 conuenire
1042 1837 131 54 verbo
1130 1837 146 54 diuino
1232 1837 117 54 nisi
1305 1837 88 54 ex
1349 1837 175 54 respectu
1480 1837 73 54 &
1494 1837 88 54 ordi

108 1880 86 52 ne
151 1880 115 52 quem
223 1880 130 52 habet
309 1880 86 52 ad
352 1880 202 52 creaturas.
511 1880 72 52 &
540 1880 101 52 sic
597 1880 86 52 si
641 1880 144 52 verbum
741 1880 158 52 diuinum
857 1880 115 52 vllo
929 1880 115 52 modo
1001 1880 144 52 possit
1102 1880 187 52 practicum
1246 1880 130 52 dici,
1332 1880 158 52 oportet
1447 1880 115 52 quod
1505 1880 72 52 hoc

102 1921 101 55 sit
159 1921 87 55 ex
203 1921 116 55 ipso
275 1921 217 55 considerato
449 1921 159 55 secundo
565 1921 130 55 modo.
652 1921 72 55 ⁋
681 1921 101 55 Sed
738 1921 101 55 hoc
796 1921 159 55 secundo
912 1921 116 55 modo
985 1921 130 55 adhuc
1071 1921 145 55 potest
1173 1921 217 55 considerari
1346 1921 217 55 dupliciter.
1506 1921 72 55 Vno

99 1966 133 54 modo,
188 1966 89 54 vt
232 1966 103 54 est
291 1966 133 54 ratio
380 1966 133 54 actus
468 1966 162 54 dicendi
586 1966 221 54 essentialis
763 1966 103 54 quo
822 1966 89 54 ad
866 1966 280 54 manifestationem
1102 1966 74 54 &
1132 1966 251 54 declarationem
1338 1966 177 54 notitiae
1456 1966 133 54 creatu-

108 2010 144 60 rarum.
208 2010 115 60 Alio
280 2010 115 60 modo
352 2010 86 60 vt
395 2010 101 60 est
453 2010 129 60 ratio
539 2010 115 60 eius
611 2010 101 60 quo
668 2010 86 60 ad
711 2010 129 60 actum
798 2010 201 60 producendi
956 2010 129 60 ipsas
1042 2010 187 60 creaturas
1186 2010 230 60 dispositiue:
1373 2010 86 60 vt
1416 2010 129 60 infra
1488 2010 86 60 dice

96 2063 112 50 tur.
166 2063 126 50 Actus
250 2063 112 50 enim
320 2063 154 50 dicendi
431 2063 210 50 essentialis
599 2063 168 50 respectu
725 2063 224 50 creaturarum,
906 2063 70 50 &
934 2063 126 50 actum
1018 2063 224 50 manifestandi
1200 2063 140 50 ipsas,
1298 2063 70 50 &
1326 2063 126 50 actum
1395 2063 182 50 dispositiue

109 2103 154 58 pducendi
225 2103 128 58 easdem
314 2103 167 58 importat:
443 2103 77 58 vt
481 2103 115 58 patet
558 2103 77 58 ex
597 2103 128 58 dictis
686 2103 77 58 in
725 2103 141 58 proxima
827 2103 180 58 quaestione
968 2103 205 58 praecedente,
1135 2103 64 58 &
1161 2103 115 58 etiam
1238 2103 77 58 ex
1276 2103 128 58 dictis
1366 2103 77 58 in
1404 2103 180 58 quaestione
1533 2103 51 58 de

101 2154 176 50 dicere.
229 2154 144 50 Primo
324 2154 144 50 modo,
420 2154 191 50 scilicet
564 2154 112 50 quo
628 2154 96 50 ad
675 2154 144 50 actum
771 2154 271 50 manifestandi,
995 2154 144 50 adhuc
1090 2154 160 50 clarum
1202 2154 112 50 est
1266 2154 128 50 quod
1346 2154 160 50 verbum
1441 2154 144 50 diuinum

96 2191 113 53 est
161 2191 130 53 pure
242 2191 276 53 speculatiuum:
469 2191 130 53 quia
550 2191 146 53 ratio
647 2191 259 53 manifestandi
858 2191 146 53 solum
955 2191 195 53 notitiam
1101 2191 259 53 speculatiuam
1311 2191 211 53 importat:
1474 2191 81 53 &
1490 2191 97 53 nul-

103 2237 105 60 lum
163 2237 165 60 ordinem
283 2237 90 60 ad
328 2237 225 60 creaturarum
508 2237 240 60 productionem
703 2237 120 60 siue
778 2237 90 60 ad
823 2237 165 60 aliquam
942 2237 225 60 operationem
1122 2237 135 60 aliam
1212 2237 135 60 circa
1302 2237 150 60 ipsas.
1407 2237 135 60 Ratio
1482 2237 105 60 autem

109 2288 148 54 praxis
213 2288 133 54 nullo
302 2288 118 54 modo
376 2288 148 54 potest
479 2288 192 54 convenire
627 2288 133 54 verbo
716 2288 148 54 diuino
820 2288 118 54 nisi
894 2288 89 54 in
938 2288 148 54 ordine
1042 2288 89 54 ad
1086 2288 237 54 productionem
1279 2288 237 54 creaturarum,
1471 2288 104 54 vel
1516 2288 59 54 ad

96 2327 152 53 aliquam
207 2327 124 53 aliam
290 2327 207 53 operationem
456 2327 111 53 siue
525 2327 166 53 actionem
649 2327 124 53 circa
732 2327 138 53 ipsas.
829 2327 83 53 Et
870 2327 97 53 sic
926 2327 83 53 si
967 2327 138 53 verbum
1064 2327 152 53 diuinum
1174 2327 166 53 dicendum
1299 2327 97 53 est
1354 2327 138 53 aliquo
1451 2327 111 53 modo
1506 2327 83 53 fore

105 2373 191 61 practicum,
255 2373 150 61 oportet
364 2373 109 61 quod
432 2373 95 61 hoc
487 2373 95 61 sit
541 2373 177 61 inquantum
677 2373 95 61 est
732 2373 177 61 perfectio
868 2373 204 61 intellectus
1032 2373 204 61 essentialis
1195 2373 109 61 dei:
1263 2373 68 61 &
1290 2373 82 61 vt
1331 2373 95 61 est
1386 2373 109 61 toti
1440 2373 150 61 trinitati

99 2430 130 48 ratio
185 2430 159 48 dicendi
301 2430 246 48 essentialiter
504 2430 188 48 creaturas
649 2430 87 48 in
692 2430 203 48 producendo
852 2430 145 48 illas,
953 2430 101 48 vel
1011 2430 87 48 in
1054 2430 145 48 agendo
1156 2430 159 48 aliquid
1271 2430 130 48 aliud
1358 2430 130 48 circa
1445 2430 130 48 ipsas
1518 2430 72 48 iam

103 2475 225 53 productas,
280 2475 161 53 quarum
392 2475 209 53 inquantum
553 2475 209 53 huiusmodi
713 2475 161 53 verbum
826 2475 177 53 diuinum
954 2475 161 53 quoquo
1067 2475 129 53 modo
1147 2475 112 53 est
1211 2475 145 53 ratio
1308 2475 80 53 &
1340 2475 241 53 similitudo,
1517 2475 64 53 vt

110 2513 90 56 in
155 2513 271 56 praecedentibus
381 2513 211 56 declaratum
547 2513 121 56 est.
622 2513 106 56 Sed
683 2513 166 56 praeter
803 2513 136 56 modum
894 2513 106 56 quo
954 2513 121 56 tres
1029 2513 211 56 communiter
1195 2513 151 56 dicunt
1301 2513 151 56 verbo:
1406 2513 121 56 quia
1466 2513 121 56 verbum

111 2559 101 56 est
168 2559 188 56 perfectio
313 2559 217 56 intellectus
486 2559 217 56 essentialis
660 2559 145 56 eorum:
761 2559 87 56 vt
804 2559 130 56 patet
891 2559 159 56 ibidem:
1007 2559 130 56 pater
1094 2559 217 56 specialiter
1267 2559 130 56 dicit
1354 2559 130 56 verbo
1440 2559 116 56 quia
1498 2559 87 56 ver-

107 2597 98 60 bum
163 2597 84 60 ab
205 2597 112 60 ipso
275 2597 183 60 procedit,
416 2597 70 60 &
444 2597 140 60 filius
542 2597 211 60 specialiter
711 2597 126 60 dicit
795 2597 126 60 verbo
879 2597 112 60 quia
949 2597 112 60 ipse
1019 2597 98 60 est
1076 2597 154 60 verbum,
1188 2597 70 60 &
1216 2597 183 60 similiter
1356 2597 112 60 idem
1427 2597 140 60 verbum
1511 2597 70 60 est

107 2646 192 55 sapientia
255 2646 74 55 &
284 2646 133 55 ratio
373 2646 103 55 qua
432 2646 118 55 tres
506 2646 133 55 simul
594 2646 177 55 operanda
727 2646 207 55 disponunt,
889 2646 103 55 non
948 2646 133 55 solus
1037 2646 133 55 pater
1126 2646 103 55 per
1185 2646 103 55 se,
1244 2646 103 55 sed
1303 2646 133 55 simul
1391 2646 103 55 cum
1450 2646 118 55 ipso
1509 2646 74 55 fi-

105 2692 117 48 lius
179 2692 73 48 &
208 2692 176 48 spiritus
340 2692 176 48 sanctus.
472 2692 88 48 Vt
516 2692 176 48 secundum
648 2692 103 48 hoc
707 2692 88 48 si
751 2692 147 48 aliquo
854 2692 117 48 modo
927 2692 147 48 verbum
1030 2692 161 48 diuinum
1147 2692 103 48 sit
1206 2692 205 48 practicum,
1368 2692 161 48 oportet
1485 2692 117 48 quod

108 2736 97 73 hoc
163 2736 97 73 sit
219 2736 97 73 aut
274 2736 179 73 inquantum
412 2736 97 73 est
467 2736 138 73 virtus
563 2736 110 73 siue
632 2736 166 73 potentia
756 2736 138 73 operis
853 2736 124 73 circa
936 2736 179 73 creaturas
1074 2736 193 73 elicitiua:
1225 2736 83 73 si
1267 2736 124 73 tamen
1350 2736 97 73 sit
1405 2736 124 73 talis
1474 2736 110 73 potenm
