2017 3219
99 230 87 70 de
142 230 145 70 quarto
243 230 116 70 modo
315 230 173 70 naturae:
445 230 101 70 sic
503 230 130 70 dico,
590 230 116 70 quod
662 230 145 70 natura
764 230 188 70 concurrit
908 230 87 70 ad
951 230 130 70 actum
1038 230 217 70 spirationis
1212 230 101 70 cum
1270 230 202 70 voluntate:
1429 230 116 70 quia
1486 230 116 70 volun-

94 300 99 50 tas
150 300 141 50 elicit
249 300 127 50 ipsum
334 300 240 50 incommutabili
532 300 226 50 necessitate:
715 300 99 50 qua
772 300 127 50 etiam
857 300 198 50 terminatur
1012 300 71 50 &
1040 300 141 50 tendit
1139 300 85 50 in
1181 300 169 50 spiritum
1309 300 169 50 sanctum.
1436 300 71 50 â‹
1464 300 85 50 Ad
1492 300 99 50 cuius

97 347 205 54 intellectum,
264 347 64 54 &
289 347 77 54 vt
327 347 141 54 clarius
430 347 154 54 videamus
545 347 205 54 differentiam
711 347 115 54 inter
788 347 205 54 generationem
954 347 64 54 &
980 347 205 54 spirationem:
1146 347 154 54 Sciendum
1261 347 102 54 est,
1325 347 102 54 quod
1389 347 90 54 tam
1428 347 166 54 intellectus

89 390 118 54 quam
163 390 178 54 voluntas
296 390 89 54 in
341 390 192 54 quocunque
489 390 148 54 habent
592 390 118 54 esse
666 390 163 54 propter
784 390 237 54 separationem
977 390 148 54 illius
1080 390 74 54 a
1110 390 178 54 materia,
1243 390 178 54 postquam
1376 390 192 54 habuerint
1509 390 89 54 esse

91 437 89 53 in
136 437 119 53 actu
210 437 104 53 suo
270 437 134 53 primo
359 437 193 53 simplicis
507 437 283 53 intelligentiae,
745 437 104 53 aut
805 437 208 53 volitionis
968 437 178 53 naturae,
1102 437 119 53 sunt
1177 437 208 53 conuersiue
1340 437 134 53 super
1429 437 89 53 se
1474 437 74 53 &
1489 437 104 53 super

84 486 135 50 actus
174 486 120 50 suos
250 486 196 50 simplices
400 486 75 50 &
430 486 135 50 eorum
520 486 166 50 obiecta
641 486 105 50 per
701 486 135 50 actus
791 486 226 50 conuersiuos
972 486 241 50 intelligendi
1168 486 75 50 &
1198 486 181 50 volendi.
1333 486 120 50 Quia
1393 486 196 50 intellectus

89 529 102 59 non
148 529 131 59 solum
235 529 204 59 intelligit
396 529 131 59 verum
484 529 175 59 simplici
615 529 263 59 intelligentia:
834 529 102 59 sed
892 529 131 59 etiam
980 529 248 59 intelligentia
1184 529 219 59 conuersiua,
1359 529 234 59 intelligendo
1535 529 58 59 se

98 573 122 52 esse
174 573 245 52 intelligere,
373 573 76 52 &
404 573 229 52 conuertendo
587 573 92 52 se
633 573 138 52 super
725 573 184 52 obiectum
863 573 245 52 intellectum,
1062 573 76 52 &
1092 573 138 52 super
1184 573 138 52 actum
1276 573 245 52 intelligendi
1459 573 138 52 simpli-

88 624 127 48 cem,
168 624 80 48 &
199 624 143 48 super
295 624 95 48 se
343 624 270 48 intelligentem
565 624 111 48 per
629 624 143 48 actum
724 624 254 48 intelligendi
931 624 254 48 conuersiuum.
1138 624 207 48 Similiter
1297 624 191 48 voluntas
1440 624 111 48 non
1488 624 111 48 solum

92 665 122 54 vult
168 665 137 54 bonum
259 665 183 54 simplici
396 665 213 54 volitione:
564 665 107 54 sed
625 665 137 54 etiam
716 665 198 54 volitione
869 665 213 54 conuersiua
1036 665 168 54 volendo
1158 665 91 54 se
1204 665 152 54 velle,
1311 665 229 54 conuertendo
1493 665 91 54 se
1524 665 76 54 su-

89 711 108 56 per
150 711 186 56 obiectum
290 711 186 56 volitum,
429 711 77 56 &
460 711 139 56 super
553 711 139 56 actum
646 711 170 56 volendi
770 711 217 56 simplicem,
940 711 77 56 &
971 711 139 56 super
1064 711 93 56 se
1110 711 186 56 volentem
1249 711 108 56 per
1311 711 139 56 actum
1404 711 170 56 volendi
1513 711 77 56 con

97 758 207 56 uersiuum.
256 758 111 56 Sed
320 758 127 56 ista
399 758 207 56 conuersio
559 758 159 56 partim
670 758 111 56 vno
734 758 80 56 &
765 758 143 56 eodem
861 758 127 56 modo
941 758 191 56 conuenit
1084 758 239 56 intellectui
1275 758 80 56 &
1307 758 223 56 voluntati:
1466 758 127 56 partim

96 802 121 56 alio
172 802 76 56 &
202 802 136 56 alio.
293 802 121 56 Quia
369 802 121 56 enim
444 802 121 56 ambo
520 802 91 56 se
566 802 212 56 conuertunt
732 802 91 56 vt
778 802 121 56 sunt
854 802 136 56 purae
944 802 76 56 &
975 802 136 56 nudae
1066 802 76 56 &
1096 802 136 56 solae
1187 802 212 56 potentiae,
1354 802 91 56 vt
1399 802 106 56 iam
1444 802 152 56 patebit,

93 846 115 55 hoc
158 846 115 55 est
224 846 115 55 vno
290 846 82 55 &
322 846 148 55 eodem
421 846 131 55 modo
503 846 181 55 quantum
635 846 115 55 est
700 846 99 55 ex
749 846 148 55 parte
848 846 181 55 ipsorum
979 846 99 55 se
1029 846 296 55 conuertentium:
1275 846 131 55 ambo
1357 846 131 55 enim
1439 846 99 55 se
1472 846 115 55 solos

92 895 209 53 conuertunt
257 895 90 53 vi
301 895 105 53 sua
361 895 165 53 actiua,
481 895 120 53 quae
556 895 209 53 aequaliter
720 895 105 53 eis
780 895 194 53 conuenit:
930 895 105 53 sed
990 895 120 53 alio
1064 895 75 53 &
1094 895 120 53 alio
1169 895 120 53 modo
1244 895 165 53 quantum
1364 895 105 53 est
1423 895 90 53 ex
1468 895 135 53 parte
1543 895 60 53 eo

93 946 101 50 rum
150 946 87 50 ad
194 946 116 50 quae
266 946 87 50 se
310 946 217 50 conuertunt.
483 946 217 50 Intellectus
657 946 116 50 enim
729 946 174 50 postquam
860 946 101 50 est
918 946 203 50 conuersus,
1077 946 87 50 ad
1120 946 116 50 illa
1193 946 87 50 ad
1236 946 116 50 quae
1308 946 188 50 conuersus
1453 946 101 50 est
1511 946 87 50 se
1540 946 58 50 ha

87 986 112 54 bet
151 986 96 54 vt
199 986 224 54 potentiale
375 986 176 54 quoddam
502 986 80 54 &
534 986 144 54 purum
630 986 224 54 possibile:
806 986 80 54 &
838 986 96 54 vt
886 986 240 54 intellectus
1078 986 144 54 purus
1174 986 80 54 &
1206 986 144 54 nudus
1301 986 144 54 natus
1397 986 192 54 recipere
1525 986 64 54 ab

88 1032 136 56 illis
178 1032 166 56 tanquam
299 1032 181 56 proprium
434 1032 181 56 passiuum
570 1032 75 56 a
600 1032 105 56 suo
660 1032 166 56 proprio
781 1032 151 56 actiuo
886 1032 196 56 naturali,
1037 1032 120 56 quod
1112 1032 105 56 est
1172 1032 120 56 idem
1248 1032 226 56 intellectus
1413 1032 181 56 informatus

90 1075 165 49 notitia
210 1075 194 49 simplici,
359 1075 254 49 informationem
569 1075 180 49 notitiae
703 1075 254 49 declaratiuae,
913 1075 180 49 secundum
1047 1075 120 49 quod
1122 1075 135 49 supra
1212 1075 194 49 expositum
1362 1075 105 49 est
1421 1075 105 49 tam
1481 1075 90 49 in
1511 1075 90 49 ema-

91 1119 153 57 natione
202 1119 125 57 verbi
285 1119 139 57 nostri
382 1119 111 57 quam
452 1119 153 57 diuini.
563 1119 166 57 Voluntas
688 1119 111 57 vero
757 1119 166 57 postquam
882 1119 166 57 conuersa
1007 1119 111 57 est,
1076 1119 83 57 ad
1118 1119 111 57 illa
1187 1119 83 57 ad
1229 1119 111 57 quae
1298 1119 166 57 conuersa
1423 1119 111 57 est,
1492 1119 83 57 se
1534 1119 97 57 ha-

91 1166 109 58 bet
154 1166 93 58 vt
200 1166 171 58 actiuum
324 1166 186 58 quoddam,
464 1166 78 58 &
495 1166 93 58 vt
542 1166 186 58 voluntas
682 1166 124 58 pura
759 1166 78 58 &
790 1166 124 58 nuda
868 1166 124 58 nata
946 1166 202 58 exprimere
1101 1166 93 58 de
1148 1166 140 58 illis
1241 1166 171 58 tanquam
1365 1166 186 58 proprium
1489 1166 109 58 acti-

81 1213 110 56 uum
144 1213 94 56 de
191 1213 110 56 suo
254 1213 173 56 proprio
380 1213 189 56 passiuo,
521 1213 204 56 cuiusmodi
678 1213 110 56 est
741 1213 141 56 eadem
835 1213 189 56 voluntas
977 1213 204 56 informata
1134 1213 141 56 amore
1228 1213 204 56 simplici,
1385 1213 173 56 quendam
1511 1213 126 56 amo-

98 1257 107 60 rem
159 1257 229 60 incentiuum:
342 1257 107 60 qui
402 1257 107 60 est
463 1257 183 60 spiritus
601 1257 168 60 sanctus
722 1257 91 60 in
768 1257 183 60 diuinis:
905 1257 107 60 qui
966 1257 137 60 habet
1058 1257 122 60 esse
1134 1257 76 60 a
1164 1257 259 60 producentibus
1377 1257 152 60 ipsum,
1484 1257 107 60 non
1530 1257 76 60 per

93 1307 269 46 informationem
315 1307 127 46 eius
394 1307 95 46 de
441 1307 111 46 quo
504 1307 111 46 est
568 1307 237 46 subiectiue,
758 1307 127 46 siue
837 1307 111 46 per
900 1307 174 46 aliquam
1027 1307 253 46 impressionem
1232 1307 158 46 factam
1343 1307 158 46 eidem,
1438 1307 158 46 secundum

94 1352 150 48 modum
194 1352 117 48 quo
261 1352 166 48 filius
377 1352 133 48 siue
461 1352 166 48 verbum
577 1352 200 48 procedit
727 1352 83 48 a
760 1352 150 48 patre
860 1352 117 48 per
927 1352 183 48 quandam
1060 1352 150 48 quasi
1160 1352 266 48 impressionem
1376 1352 83 48 &
1393 1352 216 48 informatio-

95 1397 97 58 nem
151 1397 83 58 in
192 1397 194 58 intellectu
345 1397 153 58 paterno
456 1397 180 58 conuerso:
594 1397 69 58 &
622 1397 97 58 sic
678 1397 125 58 sicut
761 1397 153 58 notitia
872 1397 208 58 declaratiua
1038 1397 83 58 de
1080 1397 153 58 notitia
1191 1397 180 58 simplici:
1329 1397 97 58 sed
1385 1397 97 58 per
1440 1397 125 58 quasi
1510 1397 83 58 quam

79 1450 114 50 dam
144 1450 244 50 excussionem
339 1450 130 50 siue
421 1450 244 50 expulsionem
616 1450 114 50 aut
681 1450 244 50 progressum,
877 1450 114 50 aut
942 1450 163 50 (magis
1056 1450 179 50 proprie
1186 1450 212 50 loquendo)
1349 1450 114 50 per
1414 1450 179 50 quandam
1528 1450 65 50 ex

90 1493 228 50 pressionem
269 1493 195 50 producti
415 1493 98 50 de
464 1493 98 50 eo
513 1493 98 50 de
562 1493 114 50 quo
627 1493 228 50 subiectiue
806 1493 244 50 producitur:
1001 1493 81 50 &
1033 1493 114 50 hoc
1099 1493 98 50 ad
1147 1493 146 50 modum
1245 1493 114 50 quo
1310 1493 195 50 spiritus
1440 1493 163 50 corpora-

98 1537 117 47 lis,
172 1537 103 47 qui
230 1537 103 47 est
289 1537 117 47 aer,
362 1537 88 47 si
406 1537 88 47 in
450 1537 132 47 nobis
538 1537 103 47 non
597 1537 235 47 attraheretur
788 1537 88 47 ad
832 1537 176 47 pulmonem
963 1537 103 47 per
1022 1537 264 47 inspirationem,
1242 1537 103 47 sed
1301 1537 147 47 aliqua
1403 1537 161 47 virtute
1506 1537 88 47 exia

91 1580 146 52 stente
194 1580 88 52 in
238 1580 117 52 ipso
311 1580 175 52 pulmone,
442 1580 219 52 excuteretur
618 1580 102 52 per
676 1580 234 52 expirationem
866 1580 88 52 de
910 1580 175 52 pulmone:
1042 1580 73 52 &
1071 1580 102 52 per
1129 1580 102 52 hoc
1188 1580 132 52 daret
1275 1580 88 52 ei
1319 1580 132 52 esse.
1407 1580 88 52 Et
1451 1580 102 52 est
1509 1580 117 52 quo-

83 1625 160 54 dammodo
200 1625 160 54 simile,
317 1625 160 54 praeter
433 1625 117 54 hoc,
506 1625 117 54 quod
579 1625 175 54 spiritus
710 1625 204 54 corporalis
871 1625 102 54 qui
929 1625 102 54 est
988 1625 117 54 aer,
1060 1625 175 54 spiratus
1192 1625 117 54 tali
1265 1625 204 54 spiratione
1425 1625 190 54 separatur
1556 1625 44 54 a

93 1672 180 50 spirante
228 1672 75 50 &
258 1672 90 50 ab
303 1672 90 50 eo
348 1672 90 50 de
393 1672 105 50 quo
453 1672 195 50 spiratur:
602 1672 105 50 non
662 1672 105 50 sic
722 1672 135 50 autem
812 1672 180 50 spiritus
947 1672 180 50 sanctus.
1082 1672 120 50 Vnde
1157 1672 150 50 Ricar.
1261 1672 105 50 vi.
1321 1672 90 50 de
1366 1672 195 50 trinitate
1501 1672 105 50 expo-

92 1721 108 50 nens
160 1721 81 50 in
201 1721 95 50 quo
255 1721 95 50 sit
309 1721 149 50 simile,
418 1721 122 50 dicit
499 1721 108 50 sic.
567 1721 108 50 cap.
634 1721 95 50 ix.
688 1721 108 50 Quia
756 1721 81 50 in
797 1721 190 50 scripturis
946 1721 149 50 diuinis
1054 1721 163 50 spiritus
1176 1721 95 50 dei
1230 1721 95 50 vel
1284 1721 163 50 spiritus
1406 1721 149 50 sanctus
1501 1721 95 50 dici-

92 1763 121 52 tur,
167 1763 166 52 penitus
288 1763 166 52 praeter
409 1763 256 52 similitudinis
620 1763 181 52 rationem
755 1763 106 52 non
816 1763 136 52 fuit.
906 1763 151 52 Dictus
1012 1763 106 52 est
1072 1763 121 52 enim
1148 1763 181 52 spiritus
1283 1763 106 52 qui
1344 1763 90 52 ab
1389 1763 151 52 homine
1479 1763 121 52 proce-

96 1807 124 52 dit,
174 1807 78 52 &
205 1807 124 52 sine
283 1807 109 52 quo
345 1807 124 52 homo
423 1807 156 52 omnino
532 1807 109 52 non
594 1807 156 52 viuit,
703 1807 78 52 a
734 1807 109 52 quo
797 1807 140 52 habet
890 1807 140 52 nomen
983 1807 187 52 spiritus
1123 1807 187 52 diuinus:
1263 1807 109 52 sed
1326 1807 109 52 per
1388 1807 233 52 similitudi-

94 1852 124 56 nem.
171 1852 139 56 Eorte
264 1852 139 56 tamen
357 1852 155 56 alicui
465 1852 124 56 haec
542 1852 248 56 pronunciatio
744 1852 139 56 nimis
837 1852 201 56 peregrina
991 1852 217 56 videbitur:
1162 1852 108 56 sed
1224 1852 93 56 ad
1270 1852 170 56 aliquam
1378 1852 217 56 proprietatis

97 1902 123 53 suae
174 1902 262 53 similitudinem
390 1902 200 53 refertur.
544 1902 139 53 Nonne
636 1902 185 53 magister
775 1902 200 53 veritatis
929 1902 185 53 spiritum
1068 1902 170 53 sanctum
1191 1902 170 53 diuinum
1315 1902 123 53 esse
1392 1902 185 53 spiramen
1515 1902 77 53 per

94 1943 262 52 similitudinem
309 1943 170 52 docuit,
433 1943 154 52 quando
541 1943 216 52 discipulis
710 1943 231 52 insufflauit
896 1943 77 52 &
926 1943 154 52 dixit:
1034 1943 185 52 accipite
1173 1943 185 52 spiritum
1312 1943 185 52 sanctum:
1451 1943 123 52 Quod
1528 1943 108 52 in-

106 1990 175 56 telligo
234 1990 96 56 ac
281 1990 96 56 si
329 1990 159 56 aperte
441 1990 191 56 diceret:
584 1990 239 56 quemadmodum
776 1990 112 56 ego
840 1990 239 56 insufflando
1031 1990 144 56 vobis
1127 1990 255 56 corporaliter
1334 1990 191 56 spiritum
1461 1990 144 56 sanctum

106 2036 89 48 do
151 2036 149 48 vobis,
255 2036 104 48 qui
315 2036 149 48 quidem
419 2036 149 48 flatus
524 2036 209 48 corporalis
688 2036 194 48 spiramine
837 2036 194 48 corporali
986 2036 75 48 a
1016 2036 89 48 me
1060 2036 194 48 procedit:
1209 2036 104 48 sic
1269 2036 179 48 spiritus
1403 2036 164 48 sanctus
1522 2036 75 48 a
1537 2036 60 48 me

101 2081 196 58 spiramine
252 2081 151 58 quodam
358 2081 136 58 sicut
448 2081 151 58 flatus
554 2081 227 58 spiritualis
735 2081 257 58 spiritualiter
947 2081 196 58 procedit.
1098 2081 121 58 Vnde
1173 2081 211 58 Augustinus
1339 2081 136 58 libro
1430 2081 151 58 tertio
1520 2081 76 58 con

108 2123 107 59 tra
169 2123 214 59 Maximinum.
337 2123 122 59 Nisi
413 2123 214 59 procederet
581 2123 92 59 de
627 2123 122 59 ipso
703 2123 107 59 non
764 2123 168 59 diceret
886 2123 229 59 discipulis:
1070 2123 183 59 Accipite
1207 2123 183 59 spiritum
1344 2123 183 59 sanctum,
1482 2123 153 59 eumque

108 2170 202 56 insuffiando
270 2170 135 56 daret:
364 2170 81 56 vt
405 2170 68 56 a
432 2170 81 56 se
472 2170 135 56 quoque
567 2170 176 56 procedere
702 2170 203 56 significans
864 2170 135 56 aperte
958 2170 203 56 ostenderet,
1120 2170 108 56 quod
1188 2170 162 56 spirando
1309 2170 122 56 dabat
1390 2170 162 56 occulte.
1512 2170 81 56 Et
1539 2170 68 56 lo-

108 2217 147 56 quitur
211 2217 103 56 ibi
270 2217 205 56 Augustinus
431 2217 88 56 ad
475 2217 161 56 literam
593 2217 88 56 de
637 2217 220 56 differentia
813 2217 132 56 inter
901 2217 235 56 generationem
1091 2217 73 56 &
1121 2217 235 56 spirationem.
1312 2217 117 56 Ante
1385 2217 117 56 enim
1458 2217 132 56 verba
1532 2217 73 56 iam

101 2268 122 48 dicta:
186 2268 158 48 praemisit
308 2268 134 48 dicens.
405 2268 134 48 Quaeris
503 2268 61 48 a
527 2268 85 48 me:
576 2268 73 48 si
612 2268 73 48 de
649 2268 171 48 substantia
783 2268 97 48 pris
844 2268 85 48 est
893 2268 134 48 filius,
990 2268 73 48 de
1027 2268 171 48 substantia
1161 2268 97 48 pris
1222 2268 85 48 est
1270 2268 146 48 spiritus
1380 2268 146 48 sanctus,
1490 2268 85 48 cur
1526 2268 61 48 vnu

102 2308 138 54 filius
199 2308 110 54 sit.
268 2308 110 54 Ecce
337 2308 179 54 respondeo
474 2308 110 54 siue
543 2308 138 54 capias
640 2308 110 54 siue
709 2308 97 54 non
764 2308 152 54 capias:
874 2308 83 54 de
916 2308 124 54 patre
998 2308 97 54 est
1054 2308 152 54 filius:
1164 2308 69 54 &
1191 2308 83 54 de
1233 2308 124 54 patre
1315 2308 97 54 est
1371 2308 165 54 spiritus
1481 2308 124 54 sanctus

107 2352 95 54 sed
162 2352 108 54 ille
229 2352 162 54 genitus,
351 2352 108 54 iste
419 2352 189 54 procedens:
567 2352 108 54 ideo
635 2352 108 54 ille
702 2352 135 54 filius
797 2352 135 54 patris
892 2352 95 54 est
946 2352 81 54 de
986 2352 95 54 quo
1041 2352 95 54 est
1095 2352 162 54 genitus:
1216 2352 108 54 iste
1284 2352 162 54 spiritus
1406 2352 176 54 vtriusque
1527 2352 68 54 quo

100 2404 123 49 niam
177 2404 92 49 de
223 2404 169 49 vtroque
346 2404 200 49 procedit:
500 2404 108 49 nam
562 2404 123 49 nisi
639 2404 216 49 procederet
808 2404 92 49 de
855 2404 123 49 ipso
932 2404 108 49 &c.
993 2404 92 49 vt
1039 2404 154 49 supra.
1147 2404 77 49 &
1178 2404 185 49 sequitur
1317 2404 123 49 post
1394 2404 139 49 verba
1471 2404 123 49 dicta.

104 2448 122 55 Quid
180 2448 137 55 autem
272 2448 137 55 inter
363 2448 137 55 nasci
455 2448 76 55 &
485 2448 198 55 procedere
638 2448 198 55 intersit,
790 2448 198 55 explicare
943 2448 122 55 quis
1019 2448 168 55 potest:
1141 2448 229 55 Distinguere
1324 2448 137 55 autem
1416 2448 137 55 inter
1492 2448 107 55 illam

103 2500 249 50 generationem
306 2500 78 50 &
337 2500 124 50 hanc
415 2500 249 50 processionem
617 2500 171 50 nescio,
741 2500 109 50 non
804 2500 156 50 valeo,
912 2500 109 50 non
975 2500 202 50 sufficio.
1130 2500 156 50 Quanto
1239 2500 124 50 ergo
1317 2500 140 50 multo
1410 2500 171 50 fortius
1519 2500 78 50 neo

106 2544 111 51 nos
169 2544 190 51 valemus:
312 2544 174 51 fecimus
438 2544 142 51 tamen
533 2544 126 51 quod
612 2544 205 51 potuimus.
770 2544 253 51 Processionem
976 2544 142 51 autem
1070 2544 190 51 spiritus
1213 2544 158 51 sancti
1323 2544 111 51 per
1387 2544 142 51 modum
1466 2544 126 51 flatus

110 2587 225 56 prosequitur
290 2587 150 56 Ricar.
395 2587 105 56 vbi
455 2587 135 56 supra
544 2587 150 56 dicens
649 2587 120 56 cap.
724 2587 90 56 x.
769 2587 120 56 Quid
844 2587 120 56 enim
919 2587 180 56 spiritus
1054 2587 120 56 ille
1129 2587 105 56 qui
1189 2587 90 56 de
1234 2587 135 56 corde
1323 2587 150 56 humano
1428 2587 90 56 in
1473 2587 135 56 aliis
1548 2587 60 56 le

106 2634 114 48 nius,
183 2634 76 48 in
221 2634 114 48 aliis
297 2634 191 48 vehementius
449 2634 140 48 spirat,
551 2634 76 48 in
589 2634 89 48 his
640 2634 165 48 tepidius,
767 2634 76 48 in
805 2634 114 48 illis
882 2634 165 48 ardentius
1009 2634 153 48 flagrat,
1123 2634 102 48 nisi
1187 2634 140 48 intimus
1288 2634 102 48 anim
1352 2634 153 48 affectus
1466 2634 64 48 &
1479 2634 127 48 aestuan-

114 2674 96 54 tis
169 2674 137 54 amoris
265 2674 178 54 impulsus:
402 2674 109 54 Hinc
470 2674 96 54 est
525 2674 109 54 quod
593 2674 109 54 illi
662 2674 164 54 dicuntur
785 2674 109 54 vnum
853 2674 164 54 spiritum
976 2674 137 54 habere
1072 2674 96 54 qui
1127 2674 109 54 idem
1195 2674 137 54 amant,
1291 2674 109 54 idem
1360 2674 192 54 affectant,
1510 2674 68 54 &
1524 2674 82 54 pari

100 2718 113 72 voto
170 2718 211 72 desiderant.
339 2718 84 72 Ad
381 2718 127 72 huius
466 2718 141 72 itaque
564 2718 169 72 spiritus
691 2718 239 72 similitudinem
888 2718 98 72 qui
944 2718 169 72 procedit
1070 2718 70 72 &
1099 2718 141 72 spirat
1197 2718 84 72 de
1239 2718 169 72 multorum
1366 2718 183 72 cordibus,
1492 2718 113 72 dictus
