2017 3259
407 247 103 73 est
466 247 177 73 spiritus
599 247 118 73 ille
672 247 103 73 qui
731 247 88 73 in
775 247 191 73 trinitate
923 247 206 73 personarum
1085 247 177 73 procedit
1217 247 88 73 ex
1261 247 177 73 ambobus.
1394 247 191 73 Intelligo
1541 247 133 73 autem
1629 247 118 73 hanc
1688 247 221 73 similitudinem

401 314 105 53 hoc
461 314 136 53 modo,
552 314 120 53 quod
627 314 136 53 sicut
717 314 90 53 in
762 314 196 53 hominibus
913 314 105 53 qui
973 314 120 53 idem
1049 314 211 53 affectant,
1214 314 181 53 affectus
1350 314 151 53 quidam
1455 314 181 53 aestuans
1591 314 75 53 &
1621 314 181 53 flagrans
1756 314 151 53 tendit
1847 314 60 53 ad

410 363 91 51 id
455 363 121 51 quod
531 363 196 51 affectant
682 363 76 51 &
712 363 196 51 diligunt:
863 363 76 51 &
893 363 106 51 hoc
954 363 91 51 de
999 363 136 51 amore
1089 363 106 51 qui
1150 363 91 51 in
1195 363 136 51 illis
1286 363 106 51 est
1346 363 91 51 et
1392 363 91 51 ad
1437 363 151 51 illud,
1543 363 76 51 &
1573 363 151 51 agente
1678 363 166 51 illorum
1784 363 121 51 volun-

414 404 112 58 tate
484 404 182 58 concordi:
624 404 98 58 sic
680 404 70 58 &
708 404 84 58 in
750 404 126 58 patre
834 404 70 58 &
862 404 84 58 in
904 404 126 58 filio
988 404 70 58 a
1016 404 182 58 voluntate
1156 404 168 58 concordi
1283 404 112 58 quae
1353 404 98 58 est
1409 404 84 58 in
1451 404 126 58 illis
1535 404 84 58 de
1577 404 126 58 amore
1661 404 168 58 simplici
1787 404 70 58 &
1801 404 98 58 essen

414 448 130 54 tiali
500 448 115 54 quem
572 448 144 54 habent
673 448 86 54 ad
716 448 101 54 se,
774 448 173 54 procedit
904 448 173 54 spiritus
1033 448 159 54 sanctus
1149 448 86 54 in
1192 448 216 54 alterutrum:
1365 448 101 54 ita
1422 448 115 54 quod
1494 448 173 54 voluntas
1624 448 115 54 idem
1696 448 173 54 diligens
1812 448 86 54 inho

409 489 167 60 minibus
530 489 213 60 comparetur
698 489 182 60 concordi
834 489 198 60 voluntati
986 489 91 60 in
1032 489 137 60 patre
1123 489 76 60 &
1153 489 152 60 filio:
1260 489 182 60 affectus
1397 489 182 60 flagrans
1533 489 213 60 comparetur
1700 489 182 60 spiritui
1822 489 76 60 san

416 540 105 56 cto:
482 540 105 56 amor
547 540 79 56 de
587 540 92 56 quo
640 540 158 56 flagrat,
758 540 184 56 comparetur
903 540 118 56 amori
982 540 158 56 simplici
1100 540 132 56 patris
1192 540 66 56 &
1219 540 132 56 filii:
1311 540 79 56 id
1350 540 118 56 autem
1429 540 92 56 quo
1482 540 105 56 ille
1548 540 184 56 processit,
1692 540 79 56 ad
1732 540 105 56 quod
1785 540 118 56 flagrat

419 592 73 54 &
449 592 190 54 affectant
595 592 73 54 &
624 592 190 54 diligunt,
770 592 205 54 comparetur
931 592 132 54 patri
1019 592 190 54 inquantum
1165 592 175 54 spiritus
1297 592 161 54 sanctus
1414 592 175 54 procedit
1545 592 73 54 a
1575 592 132 54 filio
1662 592 88 54 in
1706 592 146 54 ipsum,
1809 592 73 54 &
1823 592 88 54 econ

417 637 145 52 uerso,
518 637 101 52 vel
576 637 87 52 ab
619 637 130 52 ipsis
706 637 87 52 in
749 637 203 52 creaturam:
909 637 174 52 affectus
1039 637 101 52 quo
1097 637 174 52 procedit
1227 637 87 52 de
1270 637 188 52 voluntate
1415 637 260 52 principiatiue,
1632 637 72 52 &
1661 637 87 52 de
1704 637 130 52 amore
1791 637 87 52 in
1820 637 87 52 illo

401 686 204 49 subiectiue
562 686 204 49 comparetur
722 686 131 49 actui
810 686 219 49 spirationis
985 686 87 49 de
1028 686 175 49 simplici
1160 686 131 49 amore
1247 686 146 49 patris
1349 686 73 49 &
1378 686 146 49 filii:
1481 686 248 49 principiatiue
1685 686 131 49 autem
1772 686 102 49 tam
1831 686 87 49 in
1860 686 58 49 ho

399 726 172 51 minibus
524 726 125 51 quam
603 726 94 51 in
649 726 141 51 patre
743 726 78 51 &
774 726 141 51 filio
868 726 78 51 a
899 726 203 51 voluntate
1056 726 141 51 eorum
1149 726 188 51 tendente
1290 726 94 51 in
1337 726 141 51 bonum
1431 726 172 51 volitum
1556 726 188 51 simplici
1696 726 156 51 amore,
1806 726 78 51 &
1821 726 94 51 inde

407 772 230 54 excutiendo
588 772 197 54 spiritum
736 772 99 54 vt
785 772 230 54 incentiuum
966 772 165 54 amorem
1081 772 214 54 tendentem
1246 772 99 54 in
1295 772 247 54 alterutrum,
1492 772 82 54 &
1525 772 247 54 generaliter
1723 772 99 54 in
1772 772 132 54 omne
1838 772 82 54 di-

406 820 160 58 lectum
518 820 96 58 ab
566 820 128 58 eis:
646 820 112 58 qui
710 820 96 58 se
758 820 144 58 habet
853 820 96 58 in
901 820 112 58 deo
965 820 96 58 ex
1013 820 144 58 parte
1109 820 224 58 voluntatis
1285 820 96 58 ad
1333 820 160 58 amorem
1445 820 224 58 simplicem,
1620 820 240 58 quemadmodum
1812 820 96 58 ex
1844 820 80 58 par

406 870 89 47 te
451 870 222 47 intellectus
628 870 163 47 notitia
747 870 237 47 declaratiua,
939 870 118 47 quae
1013 870 148 47 verbum
1117 870 118 47 est,
1191 870 89 47 se
1235 870 133 47 habet
1324 870 89 47 ad
1368 870 192 47 simplicem
1516 870 192 47 notitiam:
1664 870 89 47 in
1709 870 104 47 hoc
1753 870 163 47 videlicet

422 911 118 58 quod
496 911 132 58 sicut
584 911 176 58 secundum
716 911 176 58 superius
849 911 176 58 exposita
981 911 88 58 de
1025 911 132 58 verbo
1113 911 118 58 quod
1187 911 176 58 cognitum
1319 911 221 58 simpliciter
1496 911 162 58 notitia
1613 911 176 58 simplici
1731 911 191 58 declaratiue

407 957 225 50 cognoscitur
587 957 165 50 notitia
707 957 225 50 declaratiua
887 957 225 50 procedente,
1067 957 120 50 quae
1142 957 150 50 verbum
1247 957 105 50 est
1307 957 90 50 in
1352 957 180 50 diuinis:
1487 957 105 50 sic
1547 957 150 50 amatum
1652 957 225 50 simpliciter
1817 957 105 50 amore

406 999 171 61 simplici
534 999 185 61 intensiue
676 999 142 61 amatur
775 999 128 61 amore
861 999 185 61 incentiuo
1003 999 213 61 procedente,
1174 999 114 61 quid
1245 999 100 61 est
1301 999 171 61 spiritus
1429 999 156 61 sanctus
1543 999 85 61 in
1586 999 171 61 diuinis:
1714 999 171 61 secundum
1842 999 114 61 quod

416 1048 120 53 haec
491 1048 164 53 amplius
610 1048 134 53 infra
700 1048 194 53 patebunt.
849 1048 90 53 Et
894 1048 134 53 sicut
984 1048 105 53 hic
1044 1048 224 53 intellectus
1223 1048 179 53 simplici
1357 1048 164 53 notitia
1477 1048 209 53 informatus
1641 1048 90 53 vt
1686 1048 149 53 natura
1791 1048 164 53 secundo

412 1099 129 53 modo
493 1099 145 53 dicta
589 1099 81 53 &
622 1099 226 53 principium
799 1099 145 53 agens
896 1099 242 53 elicitiuum,
1090 1099 161 53 elicit
1203 1099 145 53 quasi
1300 1099 226 53 imprimendo
1477 1099 97 53 in
1526 1099 129 53 nudo
1606 1099 226 53 intellectu
1768 1099 161 53 conuerso

413 1141 78 58 &
445 1141 94 58 de
492 1141 125 58 ipso
570 1141 188 58 notitiam
710 1141 250 58 declaratiuam
913 1141 219 58 immutabili
1085 1141 250 58 necessitate,
1288 1141 94 58 vt
1335 1141 156 58 natura
1445 1141 156 58 quarto
1554 1141 125 58 modo
1632 1141 141 58 dicta
1726 1141 109 58 non
1788 1141 109 58 sit
1835 1141 94 58 nisi

405 1193 190 49 conditio
548 1193 79 49 &
580 1193 143 49 modus
675 1193 143 49 circa
770 1193 143 49 actum
865 1193 206 49 elicitum:
1023 1193 111 49 sic
1087 1193 111 49 per
1150 1193 159 49 simile
1261 1193 95 49 in
1309 1193 222 49 contrarium
1483 1193 111 49 ibi
1547 1193 190 49 voluntas
1689 1193 127 49 nuda
1768 1193 95 49 vt
1800 1193 127 49 libera

407 1233 81 57 &
439 1233 226 57 principium
616 1233 226 57 elicitiuum
793 1233 161 57 elicit
906 1233 145 57 quasi
1003 1233 226 57 exprimendo
1180 1233 97 57 de
1228 1233 209 57 voluntate
1389 1233 209 57 informata
1551 1233 145 57 amore
1647 1233 193 57 simplici
1792 1233 97 57 ad
1824 1233 97 57 quam

414 1280 104 55 est
474 1280 193 55 conversa,
622 1280 149 55 amorem
726 1280 208 55 incentiuum
890 1280 119 55 quid
964 1280 178 55 spiritus
1098 1280 163 55 sanctus
1217 1280 178 55 dicitur:
1350 1280 74 55 &
1380 1280 104 55 hoc
1440 1280 208 55 immutabili
1603 1280 238 55 necessitate:
1796 1280 89 55 vt
1826 1280 104 55 natu-

413 1324 91 52 ra
458 1324 151 52 quarto
564 1324 121 52 modo
640 1324 136 52 dicta
731 1324 106 52 non
791 1324 106 52 sit
852 1324 121 52 nisi
927 1324 182 52 conditio
1064 1324 76 52 &
1094 1324 136 52 modus
1185 1324 136 52 circa
1275 1324 136 52 actum
1366 1324 197 52 elicitum:
1517 1324 91 52 vt
1563 1324 106 52 sic
1623 1324 121 52 sola
1699 1324 182 52 voluntas
1835 1324 91 52 vt
1865 1324 61 52 vo

416 1370 138 59 luntas
513 1370 97 59 sit
568 1370 124 59 ratio
651 1370 179 59 elicitiua
789 1370 138 59 actus:
886 1370 69 59 &
913 1370 138 59 natura
1010 1370 152 59 quaerto
1120 1370 110 59 modo
1189 1370 124 59 dicta
1272 1370 97 59 non
1327 1370 97 59 sit
1383 1370 110 59 nisi
1452 1370 124 59 sicut
1535 1370 166 59 conditio
1659 1370 69 59 &
1686 1370 124 59 modus
1769 1370 124 59 circa
1838 1370 97 59 actum

405 1417 206 52 elicitum.
564 1417 95 52 In
611 1417 111 52 quo
675 1417 143 52 plane
770 1417 143 52 patet
865 1417 174 52 quomodo
992 1417 238 52 differenter
1182 1417 190 52 voluntas
1325 1417 95 52 se
1372 1417 143 52 habet
1467 1417 95 52 ad
1515 1417 238 52 spirationem
1705 1417 79 52 &
1737 1417 174 52 natura.
1848 1417 79 52 Est

410 1464 111 49 enim
480 1464 167 49 voluntas
605 1464 97 49 sic
660 1464 125 49 ratio
743 1464 194 49 eliciendi:
896 1464 111 49 quod
966 1464 97 49 sit
1021 1464 125 49 ratio
1105 1464 97 49 qua
1160 1464 125 49 media
1243 1464 167 49 eliciens
1368 1464 153 49 elicit:
1480 1464 139 49 natura
1577 1464 125 49 autem
1660 1464 125 49 solum
1743 1464 97 49 est
1785 1464 139 49 conditio

416 1508 77 56 &
446 1508 139 56 modus
539 1508 139 56 circa
632 1508 139 56 actum
724 1508 201 56 elicitum:
879 1508 139 56 nullo
972 1508 139 56 autem
1064 1508 124 56 modo
1141 1508 139 56 ratio
1234 1508 216 56 elicitiua.
1404 1508 93 56 Et
1450 1508 108 56 sic
1512 1508 201 56 generatio
1666 1508 77 56 &
1697 1508 185 56 spiratio
1821 1508 108 56 diffe

414 1556 113 50 runt
485 1556 141 50 omnino
584 1556 170 50 secundum
711 1556 170 50 rationes
838 1556 212 50 elicitiuas:
1008 1556 113 50 quia
1079 1556 85 50 in
1121 1556 212 50 generatione
1291 1556 99 50 est
1347 1556 127 50 ratio
1432 1556 184 50 eliciendi
1573 1556 141 50 natura
1672 1556 156 50 secundo
1786 1556 127 50 modo:
1870 1556 85 50 in

407 1604 226 58 spiratione
584 1604 145 58 autem
681 1604 209 58 voluntas.
842 1604 226 58 Conveniunt
1019 1604 145 58 autem
1116 1604 193 58 secundum
1261 1604 242 58 conditiones
1454 1604 81 58 &
1486 1604 145 58 modos
1583 1604 226 58 eliciendi:
1760 1604 129 58 quia
1824 1604 97 58 vtro

419 1654 141 55 bique
513 1654 141 55 modus
607 1654 203 55 eliciendi
763 1654 109 55 est
826 1654 156 55 natura
936 1654 156 55 quarto
1045 1654 141 55 modo,
1139 1654 188 55 secundum
1280 1654 125 55 quam
1358 1654 141 55 ambae
1452 1654 235 55 emanationes
1639 1654 172 55 possunt
1765 1654 125 55 dici
1843 1654 109 55 mo-

413 1691 93 63 do
459 1691 186 63 naturae:
598 1691 77 63 &
629 1691 108 63 hoc
691 1691 93 63 in
737 1691 201 63 eliciendo
892 1691 155 63 ipsum,
1000 1691 77 63 &
1031 1691 93 63 in
1077 1691 201 63 progressu
1232 1691 77 63 &
1263 1691 93 63 in
1309 1691 247 63 terminatione
1510 1691 124 63 eius
1588 1691 93 63 in
1634 1691 201 63 obiectum.
1789 1691 124 63 Quia
1851 1691 77 63 ta-

406 1740 109 54 men
469 1740 125 54 ista
547 1740 219 54 necessitas
719 1740 281 54 incommutabilis
953 1740 125 54 quae
1031 1740 109 54 est
1094 1740 156 54 natura
1203 1740 156 54 quarto
1313 1740 141 54 modo,
1406 1740 94 54 in
1453 1740 234 54 generatione
1641 1740 109 54 est
1703 1740 156 54 annexa
1797 1740 125 54 princi

421 1785 103 51 pio
480 1785 191 51 elicitiuo
627 1785 118 51 quae
701 1785 103 51 est
760 1785 147 51 natura
863 1785 162 51 secundo
981 1785 133 51 modo,
1069 1785 88 51 ex
1113 1785 88 51 eo
1157 1785 118 51 quod
1231 1785 103 51 est
1290 1785 221 51 simpliciter
1467 1785 147 51 natura
1570 1785 162 51 secundo
1687 1785 118 51 modo
1761 1785 147 51 dicta:
1864 1785 88 51 in

418 1831 221 58 spiratione
592 1831 142 58 autem
687 1831 205 58 principio
845 1831 205 58 elicitiuo
1003 1831 126 58 quod
1082 1831 111 58 est
1145 1831 190 58 voluntas
1287 1831 111 58 non
1350 1831 111 58 est
1414 1831 158 58 annexa
1524 1831 284 58 incommutabilis
1745 1831 190 58 necessitas

407 1878 89 56 ex
452 1878 89 56 eo
496 1878 119 56 quod
570 1878 104 56 est
629 1878 178 56 voluntas
763 1878 237 56 simpliciter:
955 1878 104 56 sed
1015 1878 193 56 solummodo
1163 1878 89 56 ex
1207 1878 89 56 eo
1252 1878 119 56 quod
1326 1878 133 56 actio
1415 1878 207 56 voluntatis
1577 1878 163 56 diuinae
1696 1878 89 56 in
1740 1878 178 56 spirando
1859 1878 74 56 est

413 1926 140 53 circa
507 1926 187 53 obiectum
647 1926 140 53 summe
740 1926 233 53 diligibile,
926 1926 78 53 a
957 1926 124 53 quo,
1035 1926 109 53 cum
1097 1926 187 53 cognitum
1237 1926 124 53 est,
1315 1926 140 53 nulla
1408 1926 187 53 voluntas
1548 1926 140 53 neque
1641 1926 155 53 creata
1750 1926 140 53 neque
1843 1926 109 53 in-

411 1975 145 53 creata
513 1975 145 53 potest
615 1975 87 53 se
658 1975 203 53 diuertere:
818 1975 87 53 vt
861 1975 131 53 infra
948 1975 174 53 dicetur:
1079 1975 102 53 Est
1137 1975 116 53 enim
1210 1975 116 53 alia
1282 1975 160 53 ratione
1398 1975 131 53 talis
1485 1975 203 53 necessitas
1645 1975 160 53 propter
1746 1975 189 53 naturaliter

412 2019 138 56 esse,
504 2019 122 56 quam
580 2019 138 56 habet
672 2019 184 56 voluntas
810 2019 92 56 ex
856 2019 107 56 hoc
917 2019 122 56 quod
993 2019 107 56 est
1055 2019 92 56 in
1100 2019 153 56 natura
1208 2019 168 56 diuina,
1330 2019 92 56 vt
1376 2019 107 56 iam
1437 2019 138 56 infra
1529 2019 184 56 dicetur:
1667 2019 168 56 Idcirco
1789 2019 122 56 bene
1850 2019 77 56 di-

406 2063 142 48 citur
501 2063 126 48 quod
579 2063 204 48 generatio
737 2063 110 48 est
799 2063 204 48 productio
957 2063 189 48 secundum
1098 2063 283 48 principaliorem
1334 2063 142 48 modum
1428 2063 189 48 naturae:
1570 2063 126 48 quia
1649 2063 252 48 principalior
1837 2063 79 48 na-

418 2106 148 63 turae
516 2106 164 63 modus,
631 2106 180 63 quomodo
762 2106 164 63 natura
877 2106 180 63 secundo
1008 2106 131 63 modo
1090 2106 164 63 dicta,
1205 2106 148 63 actum
1303 2106 180 63 elicit:
1434 2106 82 63 &
1467 2106 164 63 natura
1582 2106 164 63 quarto
1696 2106 131 63 modo
1778 2106 148 63 actum
1860 2106 66 63 de

407 2157 198 55 terminat:
559 2157 122 55 quod
635 2157 198 55 contingit
788 2157 91 55 in
834 2157 244 55 generatione.
1032 2157 122 55 Quam
1108 2157 152 55 quando
1215 2157 152 55 tantum
1321 2157 213 55 determinat
1489 2157 76 55 &
1520 2157 107 55 non
1581 2157 168 55 elicit:
1703 2157 122 55 quod
1779 2157 168 55 contin-

412 2201 109 62 git
475 2201 93 62 in
521 2201 217 62 spiratione
692 2201 186 62 secundum
831 2201 217 62 praedicta:
1002 2201 109 62 est
1064 2201 140 62 etiam
1157 2201 202 62 generatio
1312 2201 186 62 secundum
1452 2201 233 62 principalem
1638 2201 171 62 ordinem
1762 2201 186 62 naturae:

418 2253 125 52 quia
496 2253 125 52 ordo
574 2253 156 52 primus
683 2253 109 52 est
746 2253 140 52 inter
839 2253 156 52 patrem
948 2253 78 52 &
980 2253 171 52 filium:
1104 2253 187 52 secundus
1245 2253 125 52 vero
1323 2253 125 52 ordo
1401 2253 171 52 naturae
1525 2253 109 52 est
1588 2253 140 52 inter
1681 2253 156 52 patrem
1790 2253 109 52 cum
1837 2253 78 52 fi-

422 2296 97 51 lio
477 2296 83 51 ad
519 2296 166 51 spiritum
643 2296 166 51 sanctum.
767 2296 138 51 Ricar.
864 2296 152 51 tanmen.
974 2296 97 51 vi.
1029 2296 83 51 de
1071 2296 179 51 trinitate
1209 2296 152 51 videtur
1319 2296 138 51 ponere
1416 2296 110 51 quod
1485 2296 166 51 spiritus
1609 2296 152 51 sanctus
1719 2296 166 51 procedit
1843 2296 110 51 modo

414 2345 165 50 naturae
534 2345 165 50 secundo
654 2345 120 50 modo
730 2345 165 50 dictae,
850 2345 165 50 vocando
970 2345 180 50 vtramque
1105 2345 240 50 productionem
1301 2345 256 50 generationem:
1511 2345 120 50 quod
1586 2345 135 50 tamen
1677 2345 225 50 specialiter
1842 2345 75 50 se-

403 2386 164 60 cundum
517 2386 147 60 illam
616 2386 262 60 generationem
829 2386 115 60 qua
894 2386 180 60 aliquis
1025 2386 213 60 immediate
1189 2386 197 60 procedit
1336 2386 98 60 ab
1385 2386 115 60 vno
1451 2386 180 60 tantum,
1582 2386 197 60 sumuntur
1729 2386 131 60 illa
1795 2386 131 60 nomina

403 2432 233 60 germanitatis
593 2432 131 60 pater
680 2432 73 60 &
709 2432 160 60 filius:
826 2432 73 60 &
855 2432 117 60 quod
928 2432 189 60 propterea
1074 2432 175 60 spiritus
1205 2432 160 60 sanctus
1321 2432 131 60 licet
1409 2432 189 60 generetur
1554 2432 102 60 non
1613 2432 131 60 tamen
1700 2432 146 60 possit
1802 2432 117 60 dici
1860 2432 73 60 fi-

413 2479 126 59 lius.
497 2479 98 59 In.
553 2479 112 59 xvi.
624 2479 112 59 enim
694 2479 98 59 cap
750 2479 126 59 dicit
834 2479 112 59 sic.
905 2479 126 59 Nomen
989 2479 140 59 geniti
1087 2479 183 59 quandoque
1228 2479 197 59 strictius,
1382 2479 183 59 quandoque
1523 2479 155 59 largius
1635 2479 197 59 accipimus.
1790 2479 98 59 Non
1832 2479 84 59 enim

407 2528 189 55 omnibus
544 2528 137 55 quae
630 2528 189 55 gignere
768 2528 120 55 vel
836 2528 155 55 gigni
940 2528 206 55 dicimus,
1094 2528 155 55 eadem
1197 2528 206 55 secundum
1352 2528 137 55 vsum
1438 2528 206 55 loquendi
1593 2528 275 55 germanitatis
1799 2528 120 55 voca-

407 2570 135 48 bula
492 2570 270 48 attribuimus.
711 2570 118 48 cum
779 2570 135 48 homo
863 2570 186 48 hominem
998 2570 186 48 gignit,
1133 2570 135 48 hunc
1218 2570 220 48 parentem,
1387 2570 152 48 illum
1488 2570 169 48 prolem
1606 2570 152 48 norma
1707 2570 203 48 loquendi
1843 2570 84 48 di-

413 2615 123 55 cere
489 2615 215 55 consueuit:
658 2615 138 55 arbor
750 2615 138 55 ramum
842 2615 169 55 gignere
965 2615 184 55 dicitur:
1103 2615 107 55 nec
1165 2615 138 55 tamen
1257 2615 138 55 arbor
1349 2615 169 55 parens:
1472 2615 107 55 nec
1533 2615 138 55 ramus
1625 2615 154 55 proles
1733 2615 154 55 illius
1840 2615 107 55 no-

409 2666 194 45 minatur.
554 2666 81 45 &
587 2666 162 45 infra.
700 2666 210 45 Generatio
862 2666 146 45 autem
959 2666 162 45 quando
1072 2666 146 45 large
1169 2666 210 45 accipitur
1331 2666 146 45 nihil
1428 2666 146 45 aliud
1525 2666 178 45 videtur
1654 2666 129 45 esse
1735 2666 129 45 quam
1800 2666 129 45 produ-

408 2709 134 49 ctio
492 2709 235 49 existentis
677 2709 101 49 de
728 2709 219 49 existente
896 2709 202 49 secundum
1047 2709 185 49 naturae
1181 2709 269 49 operationem.
1400 2709 185 49 Quaedam
1534 2709 151 49 autem
1635 2709 219 49 naturalis
1787 2709 134 49 produ-

411 2757 136 61 ctio
496 2757 221 61 praedicta
666 2757 272 61 germanitatis
886 2757 170 61 nomina
1005 2757 221 61 suscepit:
1175 2757 187 61 quaedam
1311 2757 170 61 omnino
1430 2757 119 61 non
1498 2757 221 61 suscepit.
1667 2757 187 61 Quoniam
1786 2757 136 61 igitur
