2017 3208
121 250 151 57 manat.
226 250 181 57 Secundum
362 250 120 57 haec
437 250 135 57 etiam
527 250 105 57 non
588 250 135 57 esset
678 250 151 57 filius
783 250 181 57 perfecta
919 250 135 57 imago
1009 250 75 57 &
1039 250 211 57 similitudo
1205 250 166 57 patris.
1325 250 105 57 Non
1385 250 120 57 enim
1460 250 105 57 per
1506 250 105 57 omnem

118 302 141 60 modum
213 302 141 60 manat
307 302 251 60 consimiliter
511 302 204 60 plenitudo
668 302 236 60 diuinitatis
857 302 79 60 a
888 302 141 60 patre
982 302 79 60 &
1014 302 157 60 filio.
1124 302 157 60 Apatre
1234 302 141 60 manat
1328 302 94 60 in
1375 302 141 60 ipsum
1470 302 157 60 filium
1564 302 47 60 &

128 349 127 59 etiam
213 349 85 59 in
255 349 170 59 spiritum
382 349 170 59 sanctum:
509 349 71 59 a
537 349 127 59 filio
622 349 127 59 autem
707 349 85 59 in
749 349 170 59 spiritum
877 349 155 59 sanctum
990 349 155 59 tantum:
1103 349 71 59 &
1131 349 99 59 cum
1187 349 99 59 hoc
1244 349 71 59 a
1272 349 127 59 filio
1357 349 127 59 manat
1442 349 85 59 in
1470 349 141 59 spiritum

122 392 158 66 sanctum
236 392 186 66 immediate
379 392 158 66 tantum:
494 392 72 66 a
523 392 129 66 patre
609 392 129 66 autem
694 392 72 66 &
723 392 186 66 immediate
866 392 72 66 &
895 392 172 66 mediate:
1024 392 72 66 &
1053 392 143 66 iterum
1153 392 115 66 quod
1224 392 72 66 a
1253 392 129 66 patre
1339 392 143 66 manat,
1439 392 100 66 hoc
1496 392 72 66 a
1525 392 86 66 se
1554 392 57 66 ha

119 437 95 57 bet
174 437 68 57 &
201 437 95 57 non
256 437 82 57 ab
297 437 123 57 alio:
378 437 109 57 quod
447 437 109 57 vero
515 437 123 57 manat
597 437 68 57 a
624 437 136 57 filio,
719 437 95 57 hoc
774 437 95 57 non
828 437 123 57 habet
910 437 136 57 filius
1006 437 68 57 a
1033 437 82 57 se
1074 437 95 57 sed
1128 437 82 57 ab
1156 437 95 57 alio.

122 463 85 90 â‹
156 463 102 90 Ad
207 463 154 90 illud
310 463 137 90 ergo
395 463 137 90 quod
480 463 205 90 arguitur
634 463 171 90 primo:
754 463 137 90 quod
839 463 205 90 actionis
992 463 137 90 quae
1078 463 119 90 est
1146 463 102 90 in
1197 463 188 90 aliquid
1334 463 102 90 ad
1385 463 256 90 producendum

123 542 87 51 de
167 542 117 51 illo
240 542 146 51 simile
342 542 87 51 in
386 542 131 51 forma
473 542 218 51 producenti,
648 542 204 51 principium
808 542 102 51 est
866 542 146 51 natura
968 542 102 51 non
1026 542 175 51 voluntas
1158 542 102 51 &c.
1216 542 175 51 Dicendum
1347 542 117 51 quod
1420 542 102 51 tam
1463 542 146 51 spiratio

121 583 113 57 quae
192 583 99 57 est
248 583 113 57 modo
319 583 199 57 voluntatis
475 583 113 57 quam
546 583 184 57 generatio
688 583 113 57 quae
759 583 99 57 est
816 583 113 57 modo
887 583 170 57 naturae,
1014 583 170 57 secundum
1142 583 184 57 praedicta
1284 583 99 57 est
1341 583 184 57 productio
1468 583 142 57 alicuius

123 632 85 51 de
165 632 141 51 aliquo
264 632 85 51 vt
306 632 85 51 de
349 632 184 51 subiecto,
490 632 71 51 &
518 632 155 51 similis
631 632 212 51 producenti:
800 632 99 51 sed
857 632 141 51 aliter
956 632 85 51 in
998 632 212 51 spiratione,
1167 632 141 51 aliter
1266 632 113 51 vero
1337 632 85 51 in
1379 632 226 51 generatione.
1549 632 56 51 De

126 679 150 53 aliquo
231 679 120 53 enim
306 679 165 53 aliquid
426 679 150 53 simile
531 679 90 53 in
576 679 135 53 forma
666 679 210 53 producitur
831 679 105 53 non
890 679 135 53 solum
980 679 225 53 imprimendo,
1160 679 120 53 quod
1235 679 105 53 sit
1295 679 90 53 in
1340 679 225 53 generatione
1520 679 120 53 modo

124 719 167 50 naturae,
249 719 97 50 vbi
305 719 125 50 illud
388 719 83 50 de
429 719 111 50 quo,
499 719 83 50 se
540 719 125 50 habet
624 719 83 50 in
665 719 153 50 ratione
776 719 167 50 subiecti
901 719 83 50 in
943 719 111 50 quod
1012 719 153 50 aliquid
1123 719 180 50 recipitur
1262 719 69 50 &
1290 719 167 50 respectu
1415 719 153 50 agentis
1526 719 69 50 &
1540 719 69 50 re-

116 767 142 50 spectu
215 767 114 50 eius
287 767 114 50 quod
358 767 128 50 habet
443 767 114 50 esse
514 767 85 50 de
557 767 128 50 illo,
643 767 114 50 quia
714 767 142 50 filius
814 767 100 50 est
871 767 142 50 verbum
970 767 185 50 impressum
1113 767 128 50 menti
1198 767 185 50 paternae,
1340 767 100 50 sed
1397 767 128 50 etiam
1469 767 142 50 exprimen

120 809 96 53 do,
175 809 110 53 quod
244 809 96 53 sit
299 809 83 53 in
341 809 193 53 spiratione
492 809 110 53 modo
561 809 207 53 voluntatis:
727 809 96 53 vbi
782 809 124 53 illud
865 809 83 53 de
906 809 110 53 quo,
975 809 83 53 se
1016 809 124 53 habet
1099 809 83 53 in
1140 809 152 53 ratione
1251 809 165 53 subiecti
1375 809 83 53 in
1416 809 110 53 quod
1485 809 152 53 aliquid

124 855 184 56 recipitur
265 855 169 56 respectu
392 855 155 56 agentis
505 855 85 56 vt
547 855 113 56 eius
618 855 127 56 actio
703 855 113 56 siue
773 855 127 56 actio
858 855 226 56 productionis
1041 855 127 56 eius:
1126 855 99 56 sed
1183 855 99 56 non
1239 855 169 56 respectu
1366 855 113 56 eius
1437 855 99 56 qui
1493 855 85 56 de
1521 855 85 56 ipso

117 908 217 50 exprimitur.
290 908 116 50 Quia
362 908 173 50 spiritus
492 908 159 50 sanctus
608 908 101 50 est
665 908 116 50 amor
738 908 188 50 expressus
882 908 87 50 de
925 908 130 50 amore
1012 908 202 50 essentiali
1171 908 188 50 existente
1315 908 87 50 in
1359 908 188 50 voluntate
1488 908 116 50 patris

121 943 78 54 &
153 943 155 54 filii,
261 943 186 54 secundum
401 943 264 54 praeexpositum
618 943 155 54 modum.
726 943 93 54 Et
773 943 155 54 potest
881 943 202 54 assignari
1036 943 155 54 simile
1145 943 93 54 de
1191 943 140 54 forma
1284 943 186 54 impressa
1424 943 78 54 &
1439 943 171 54 expressa.

120 989 88 56 Si
164 989 117 56 enim
237 989 146 56 pellis
339 989 146 56 tenuis
441 989 146 56 mollis
544 989 73 56 &
573 989 234 56 receptibilis
763 989 234 56 impressionis
952 989 204 56 applicetur
1113 989 161 56 vndique
1230 989 146 56 faciei
1332 989 175 56 hominis,
1463 989 73 56 &
1492 989 102 56 quo
1551 989 88 56 ad

119 1038 232 50 superficiem
304 1038 232 50 interiorem,
489 1038 77 50 &
520 1038 108 50 quo
582 1038 93 50 ad
628 1038 232 50 superficiem
814 1038 232 50 exteriorem,
999 1038 77 50 &
1030 1038 155 50 statim
1138 1038 155 50 remota
1247 1038 232 50 indurescat:
1432 1038 77 50 &
1447 1038 155 50 retineat

121 1083 159 55 figuram
236 1083 144 55 faciei
337 1083 72 55 &
366 1083 173 55 interius
496 1083 72 55 &
525 1083 188 55 exterius:
669 1083 130 55 sicut
756 1083 159 55 dicitur
872 1083 202 55 retinuisse
1030 1083 173 55 Veronica
1160 1083 144 55 faciei
1261 1083 173 55 Christin
1391 1083 202 55 applicata:
1536 1083 72 55 fi-

118 1120 108 62 gura
186 1120 108 62 siue
254 1120 122 62 forma
335 1120 135 62 faciei
429 1120 81 62 in
470 1120 176 62 interiori
605 1120 203 62 superficie,
767 1120 162 62 scilicet
889 1120 149 62 concaua
997 1120 135 62 illius
1091 1120 149 62 pellis,
1200 1120 122 62 esset
1281 1120 162 62 impressa
1402 1120 81 62 in
1443 1120 135 62 pelle.
1524 1120 81 62 Illa

122 1151 111 75 vero
191 1151 111 75 quae
261 1151 125 75 esset
344 1151 83 75 in
385 1151 180 75 exteriori
524 1151 208 75 superficie,
690 1151 166 75 scilicet
815 1151 166 75 conuexa:
940 1151 125 75 esset
1023 1151 166 75 expressa
1148 1151 83 75 de
1189 1151 139 75 pelle.
1286 1151 111 75 Vnde
1356 1151 125 75 super
1439 1151 125 75 illud
1508 1151 97 75 Psal.

119 1217 171 54 lxxvii.
244 1217 93 54 Vt
290 1217 202 54 excludant
446 1217 109 54 eos
508 1217 109 54 qui
570 1217 171 54 probati
694 1217 124 54 sunt
772 1217 186 54 argento:
912 1217 140 54 dicit
1005 1217 140 54 Augu.
1098 1217 233 54 Excludantur
1285 1217 155 54 dictum
1393 1217 109 54 est
1440 1217 171 54 appareant

120 1259 204 62 emineant.
277 1259 126 62 Vnde
356 1259 78 62 &
387 1259 94 62 in
434 1259 126 62 arte
513 1259 220 62 argentaria
685 1259 220 62 exclusores
858 1259 188 62 dicuntur
999 1259 110 62 qui
1062 1259 94 62 de
1109 1259 220 62 confusione
1281 1259 157 62 massae
1391 1259 188 62 nouerunt
1517 1259 94 62 for-

121 1309 102 49 mam
180 1309 131 49 vasis
267 1309 204 49 exprimere,
427 1309 175 49 secundum
558 1309 117 49 quod
631 1309 102 49 hoc
689 1309 131 49 patet
777 1309 87 49 in
821 1309 160 49 scyphis
937 1309 160 49 Turonis
1054 1309 160 49 factis.
1170 1309 131 49 Vtrum
1257 1309 131 49 autem
1345 1309 87 49 in
1389 1309 131 49 filio
1476 1309 102 49 sit
1520 1309 87 49 alia

117 1352 209 48 similitudo
281 1352 119 48 sibi
356 1352 164 48 ratione
475 1352 105 48 qua
535 1352 134 48 solus
625 1352 105 48 est
684 1352 149 48 imago,
789 1352 90 48 vt
834 1352 179 48 secundum
968 1352 105 48 hoc
1028 1352 179 48 proprium
1162 1352 105 48 sit
1222 1352 90 48 ei
1267 1352 164 48 produci
1386 1352 90 48 vt
1431 1352 164 48 simile,
1535 1352 75 48 ser

112 1397 77 50 mo
151 1397 103 50 erit
215 1397 168 50 inferius.
344 1397 103 50 Vnde
409 1397 103 50 quod
473 1397 116 50 dicit
551 1397 181 50 Augustinus
693 1397 90 50 ix.
744 1397 77 50 de
783 1397 155 50 Trinita.
899 1397 103 50 cap.
964 1397 103 50 xii.
1028 1397 103 50 quod
1093 1397 129 50 proles
1183 1397 77 50 in
1222 1397 142 50 notitia
1325 1397 155 50 expressa
1441 1397 168 50 formatur,
1557 1397 52 50 vt

116 1442 160 50 habitum
233 1442 102 50 est
291 1442 102 50 iam
349 1442 146 50 supra,
451 1442 102 50 ibi
510 1442 131 50 sumit
597 1442 233 50 expressionem
786 1442 102 50 pro
845 1442 175 50 perfecta
976 1442 160 50 ratione
1092 1442 262 50 assimilationis
1311 1442 146 50 ipsius
1413 1442 175 50 producti
1544 1442 87 50 ad

108 1489 259 54 producentem.
318 1489 113 54 Hic
383 1489 145 54 autem
480 1489 210 54 accepimus
641 1489 259 54 expressionem
851 1489 113 54 pro
916 1489 129 54 modo
997 1489 226 54 producendi
1175 1489 97 54 de
1223 1489 162 54 aliquo
1336 1489 145 54 ipsum
1417 1489 178 54 productum

111 1533 99 54 quo
168 1533 170 54 spiritus
295 1533 156 54 sanctus
409 1533 199 54 producitur
565 1533 99 54 non
622 1533 156 54 filius.
736 1533 71 54 â‹
764 1533 85 54 Ad
807 1533 185 54 secundum:
949 1533 114 54 quod
1020 1533 128 54 actio
1105 1533 128 54 cuius
1190 1533 128 54 ratio
1275 1533 185 54 eliciendi
1417 1533 99 54 est
1460 1533 142 54 voluntas

121 1577 167 57 terminum
246 1577 223 57 praesupponit
428 1577 84 57 in
469 1577 195 57 cognitione
623 1577 98 57 &c.
678 1577 167 57 Dicendum
804 1577 111 57 quod
873 1577 153 57 aliquid
985 1577 111 57 ante
1055 1577 167 57 actionem
1180 1577 195 57 voluntatis
1333 1577 139 57 potest
1417 1577 181 57 praesupponi

121 1619 75 61 in
158 1619 175 61 cognitione
296 1619 188 61 dupliciter:
446 1619 88 61 vel
496 1619 150 61 secundum
608 1619 100 61 suum
670 1619 163 61 perfectum
796 1619 113 61 esse:
871 1619 88 61 vel
921 1619 150 61 secundum
1033 1619 100 61 suum
1096 1619 188 61 imperfectum
1246 1619 113 61 esse,
1321 1619 88 61 vel
1371 1619 125 61 quasi.
1458 1619 113 61 Primo
1533 1619 100 61 modo

111 1669 201 54 praesupponit
275 1669 151 54 voluntas
388 1669 76 54 in
426 1669 176 54 cognitione
565 1669 101 54 omne
628 1669 101 54 quid
691 1669 88 54 per
741 1669 113 54 ipsam
817 1669 176 54 producitur
955 1669 76 54 vt
993 1669 88 54 est
1043 1669 126 54 libera
1131 1669 164 54 arbitrio,
1257 1669 113 54 sicut
1333 1669 201 54 artificialia
1497 1669 76 54 in
1522 1669 88 54 nobis

116 1712 60 56 &
140 1712 155 56 creaturae
259 1712 72 56 in
295 1712 95 56 deo,
355 1712 60 56 &
379 1712 155 56 similiter
498 1712 95 56 omne
558 1712 72 56 in
593 1712 95 56 quod
653 1712 119 56 fertur
737 1712 107 56 amore
808 1712 119 56 absque
892 1712 72 56 eo
928 1712 95 56 quod
987 1712 84 56 sit
1035 1712 155 56 productum
1154 1712 72 56 ab
1190 1712 107 56 ipso.
1262 1712 60 56 &
1286 1712 84 56 hoc
1333 1712 95 56 siue
1393 1712 131 56 feratur
1489 1712 72 56 in
1512 1712 84 56 illud

106 1759 136 52 libero
201 1759 176 52 arbitrio:
337 1759 203 52 quemadmodum
499 1759 163 52 voluntas
621 1759 136 52 nostra
716 1759 136 52 fertur
811 1759 81 52 in
852 1759 122 52 aliud
933 1759 122 52 bonum
1014 1759 68 52 a
1041 1759 136 52 summo,
1136 1759 108 52 siue
1204 1759 149 52 feratur
1312 1759 81 52 in
1353 1759 122 52 illud
1434 1759 136 52 libere
1529 1759 68 52 &
1543 1759 54 52 im

109 1807 169 55 mutabili
236 1807 225 55 necessitate,
419 1807 127 55 sicut
503 1807 141 55 fertur
602 1807 169 55 voluntas
728 1807 141 55 nostra
827 1807 84 55 in
869 1807 141 55 summum
968 1807 141 55 bonum.
1066 1807 155 55 Secundo
1179 1807 113 55 modo
1249 1807 84 55 in
1291 1807 155 55 diuinis
1404 1807 169 55 voluntas
1531 1807 70 55 &
1545 1807 56 55 si

117 1847 165 50 militer
237 1847 90 50 in
282 1847 135 50 nobis
372 1847 240 50 praesupponit
568 1847 90 50 in
613 1847 210 50 cognitione
778 1847 195 50 productum
929 1847 75 50 a
959 1847 105 50 se.
1019 1847 90 50 Si
1064 1847 120 50 enim
1139 1847 180 50 voluntas
1274 1847 180 50 producit
1410 1847 90 50 in
1455 1847 90 50 se
1485 1847 120 50 amorem

101 1896 212 57 incentiuum
267 1896 91 57 de
313 1896 136 57 amore
403 1896 181 57 simplici
539 1896 151 57 habito
645 1896 91 57 de
691 1896 151 57 aliquo
797 1896 151 57 amato,
902 1896 106 57 non
963 1896 166 57 oportet
1084 1896 121 57 quod
1159 1896 181 57 secundum
1296 1896 121 57 suum
1371 1896 197 57 perfectum
1507 1896 91 57 esse

112 1940 109 54 amor
181 1940 109 54 ille
249 1940 191 54 incentiuus
399 1940 246 54 praesupponatur
603 1940 82 54 in
644 1940 205 54 cognitione,
808 1940 95 54 sed
862 1940 164 54 sufficit
985 1940 109 54 quod
1053 1940 246 54 praesupponatur
1258 1940 109 54 amor
1326 1940 218 54 simpliciter,
1504 1940 95 54 quo
1544 1940 55 54 vo

118 1983 134 55 luntas
211 1983 161 55 excitata
332 1983 67 55 &
359 1983 161 55 conuersa
480 1983 80 55 de
520 1983 107 55 illo
587 1983 161 55 producit
708 1983 134 55 amorem
802 1983 188 55 incentiuum
949 1983 94 55 non
1003 1983 161 55 cognitum
1124 1983 161 55 secundum
1244 1983 107 55 esse
1311 1983 107 55 tale
1378 1983 121 55 prius
1459 1983 107 55 quam
1526 1983 94 55 pro

112 2032 177 44 ducatur.
245 2032 88 44 Et
289 2032 236 44 consimiliter
480 2032 132 44 circa
569 2032 236 44 productionem
760 2032 206 44 voluntatis
922 2032 162 44 diuinae
1040 2032 88 44 in
1084 2032 206 44 cognitione
1246 2032 206 44 supponitur
1408 2032 177 44 cognitio
1525 2032 74 44 amo

113 2076 106 58 ris
173 2076 196 58 simplicis
324 2076 241 58 essentialis,
520 2076 75 58 &
551 2076 91 58 in
596 2076 121 58 illo
671 2076 136 58 amore
762 2076 181 58 simplici
898 2076 211 58 essentiali
1064 2076 211 58 cognoscunt
1230 2076 211 58 quodammodo
1396 2076 136 58 ipsum
1471 2076 121 58 amorem

110 2122 246 55 procedentem,
309 2122 184 55 scilicet
447 2122 92 55 vt
493 2122 246 55 principiatum
693 2122 92 55 in
739 2122 107 55 suo
800 2122 199 55 principio
954 2122 92 55 de
1000 2122 107 55 quo
1061 2122 261 55 principiatur,
1276 2122 184 55 secundum
1414 2122 138 55 modum
1491 2122 107 55 prae-

109 2167 146 54 dictum.
215 2167 159 54 Secundum
334 2167 93 54 hoc
387 2167 106 54 enim
453 2167 212 54 intelligitur
626 2167 133 54 dictum
718 2167 186 54 Augustinus
864 2167 93 54 iam
917 2167 133 54 supra.
1010 2167 106 54 Nemo
1076 2167 106 54 vult
1142 2167 106 54 quod
1209 2167 133 54 omnino
1301 2167 106 54 quid
1368 2167 93 54 sit
1421 2167 93 54 vel
1474 2167 119 54 quale
1540 2167 53 54 ne

108 2211 124 52 scit.
191 2211 96 52 hoc
246 2211 96 52 est
301 2211 124 52 nullo
384 2211 110 52 modo
453 2211 124 52 scit.
536 2211 110 52 vult
604 2211 124 52 tamen
687 2211 110 52 bene
756 2211 110 52 quod
825 2211 96 52 non
880 2211 165 52 persecte
1004 2211 138 52 nouit:
1101 2211 138 52 aliter
1197 2211 110 52 enim
1266 2211 96 52 non
1321 2211 152 52 moueret
1418 2211 179 52 intellectum

108 2258 164 53 voluntas
232 2258 82 53 ad
273 2258 192 53 quaerendum
423 2258 137 53 illius
519 2258 178 53 notitiam.
656 2258 82 53 Et
697 2258 164 53 loquitur
820 2258 96 53 ibi
875 2258 192 53 Augustinus
1026 2258 82 53 de
1067 2258 151 53 spiritu
1176 2258 137 53 sancto
1272 2258 96 53 qui
1327 2258 164 53 procedit
1450 2258 82 53 de
1491 2258 123 53 cogno

110 2302 172 50 scente,
236 2302 94 50 de
283 2302 110 50 quo
345 2302 141 50 tamen
440 2302 94 50 vt
487 2302 110 50 est
549 2302 125 50 amor
628 2302 204 50 procedens
784 2302 110 50 non
847 2302 172 50 habetur
973 2302 188 50 cognitio
1114 2302 125 50 nisi
1192 2302 157 50 annexa
1302 2302 78 50 &
1333 2302 251 50 concomitans,
1521 2302 63 50 vt

114 2347 140 50 dictum
212 2347 98 50 est
268 2347 140 50 supra.
366 2347 70 50 â‹
394 2347 84 50 Ad
436 2347 168 50 tertium,
562 2347 112 50 quod
632 2347 168 50 spiritus
758 2347 154 50 sanctus
870 2347 140 50 emanat
968 2347 84 50 vt
1010 2347 112 50 amor
1080 2347 84 50 de
1122 2347 168 50 notitia,
1248 2347 70 50 &
1276 2347 98 50 ita
1332 2347 84 50 de
1374 2347 84 50 eo
1416 2347 112 50 quid
1486 2347 84 50 se
1514 2347 70 50 ten

108 2392 97 55 net
164 2392 83 55 ex
205 2392 125 55 parte
288 2392 221 55 intellectus:
468 2392 166 55 Dicendum
593 2392 111 55 quod
662 2392 125 55 verum
745 2392 97 55 est
800 2392 166 55 secundum
925 2392 152 55 Auinus,
1035 2392 97 55 xv.
1091 2392 83 55 de
1132 2392 166 55 Trinita.
1257 2392 111 55 cap.
1326 2392 138 55 xxvii.
1423 2392 83 55 vt
1464 2392 97 55 iam
1520 2392 97 55 ha-

103 2438 134 50 bitum
192 2438 104 50 est
252 2438 149 50 supra.
356 2438 104 50 Sed
415 2438 89 50 de
460 2438 163 50 notitia
579 2438 119 50 siue
653 2438 89 50 de
697 2438 134 50 mente
787 2438 104 50 aut
846 2438 253 50 intelligentia
1054 2438 104 50 aut
1114 2438 163 50 memoria
1232 2438 149 50 potest
1336 2438 193 50 intelligi
1470 2438 119 50 spiri-

97 2486 103 55 tus
156 2486 162 55 sanctus
274 2486 192 55 procedere
422 2486 89 55 vt
466 2486 133 55 mens,
555 2486 266 55 intelligentia,
776 2486 103 55 aut
835 2486 177 55 memoria,
968 2486 103 55 est
1027 2486 162 55 notitia
1145 2486 177 55 quaedam,
1277 2486 74 55 &
1307 2486 103 55 sic
1366 2486 89 55 de
1395 2486 207 55 intelligente

111 2531 90 46 vt
156 2531 105 46 est
216 2531 240 46 intelligens,
411 2531 105 46 vel
471 2531 90 46 vt
516 2531 105 46 cum
576 2531 135 46 illis
666 2531 135 46 habet
756 2531 120 46 esse
831 2531 225 46 essentialis
1012 2531 180 46 voluntas
1147 2531 180 46 conuersa
1282 2531 180 46 secundum
1417 2531 135 46 modum
1492 2531 105 46 prae-

100 2576 162 48 dictum,
218 2576 74 48 &
248 2576 103 48 sic
307 2576 236 48 intelligatur
498 2576 192 48 procedere
646 2576 88 48 de
690 2576 236 48 intelligente
882 2576 88 48 vt
926 2576 103 48 est
985 2576 162 48 volens.
1103 2576 88 48 Et
1147 2576 118 48 isto
1221 2576 162 48 secundo
1339 2576 118 48 modo
1412 2576 177 48 procedit
1530 2576 74 48 spi

109 2621 129 46 ritus
195 2621 158 46 sanctus
310 2621 86 46 de
353 2621 158 46 notitia
467 2621 72 46 &
496 2621 129 46 mente
582 2621 115 46 siue
654 2621 86 46 de
697 2621 244 46 intelligentia
898 2621 72 46 &
927 2621 158 46 memoria
1042 2621 115 46 siue
1113 2621 86 46 de
1156 2621 129 46 patre
1243 2621 72 46 &
1271 2621 129 46 filio
1357 2621 86 46 vt
1400 2621 115 46 sunt
1458 2621 129 46 notitia

110 2663 214 50 simpliciter
281 2663 71 50 &
310 2663 157 50 notitia
424 2663 86 50 de
467 2663 171 50 notitia,
595 2663 100 50 sed
652 2663 100 50 hoc
710 2663 100 50 non
767 2663 186 50 inquantum
909 2663 114 50 sunt
981 2663 157 50 notitia
1095 2663 100 50 sed
1152 2663 186 50 inquantum
1295 2663 114 50 sunt
1366 2663 129 50 amor,
1452 2663 171 50 secundum

107 2709 109 60 quod
176 2709 82 60 de
217 2709 96 60 hoc
271 2709 150 60 amplius
381 2709 109 60 erit
449 2709 123 60 sermo
531 2709 178 60 inferius.
668 2709 68 60 â‹
695 2709 82 60 Ad
736 2709 164 60 quartum,
859 2709 109 60 quod
928 2709 205 60 intellectus
1092 2709 96 60 non
1146 2709 96 60 est
1201 2709 191 60 elicitiuus
1351 2709 123 60 actus
1433 2709 150 60 dicendi
1529 2709 82 60 siue
