2017 3225
438 249 182 79 generandi
578 249 112 79 nisi
648 249 84 79 vt
690 249 98 79 est
746 249 154 79 natura,
857 249 112 79 ergo
927 249 126 79 neque
1011 249 168 79 voluntas
1137 249 126 79 actus
1221 249 182 79 spirandi:
1361 249 168 79 Dicendum
1487 249 112 79 quod
1556 249 140 79 nemque
1654 249 210 79 intellectus
1822 249 126 79 neque

443 316 180 47 voluntas
578 316 165 47 ratione
698 316 105 47 qua
758 316 120 47 sunt
832 316 225 47 simpliciter
1012 316 225 47 intellectus
1192 316 105 47 aut
1252 316 195 47 voluntas,
1402 316 120 47 sunt
1477 316 195 47 principia
1626 316 195 47 elicitiua
1776 316 150 47 actuum
1866 316 60 47 no

433 360 191 55 tionalium
580 360 103 55 per
639 360 118 55 quos
713 360 221 55 producuntur
890 360 162 55 similes
1007 360 88 55 in
1052 360 132 55 forma
1140 360 177 55 naturali
1272 360 118 55 ipsi
1346 360 221 55 producenti:
1523 360 118 55 quia
1596 360 118 55 tunc
1670 360 88 55 in
1714 360 236 55 quibuscunque

439 409 144 48 essent,
544 409 131 48 essent
635 409 170 48 principia
767 409 170 48 elicitiua
898 409 131 48 actuum
989 409 131 48 quibus
1081 409 210 48 produceretur
1251 409 131 48 simile
1343 409 79 48 in
1383 409 131 48 forma:
1474 409 105 48 quod
1540 409 131 48 falsum
1632 409 92 48 est
1684 409 79 48 in
1723 409 183 48 creaturis.
1854 409 79 48 Sunt

437 454 124 46 enim
515 454 202 46 solummodo
670 454 202 46 principia
826 454 202 46 elicitiua
981 454 155 46 actuum
1090 454 217 46 naturalium
1260 454 93 46 vt
1307 454 124 46 sunt
1385 454 93 46 in
1431 454 155 46 natura
1540 454 171 46 diuina,
1664 454 78 46 &
1695 454 109 46 sic
1757 454 93 46 vt
1804 454 109 46 per
1850 454 78 46 il-

432 495 103 60 lam
491 495 147 60 habent
594 495 88 60 in
638 495 88 60 se
682 495 250 60 naturalitatem
888 495 162 60 quandam
1006 495 88 60 ad
1050 495 235 60 productiones
1241 495 221 60 notionales.
1417 495 176 60 Secundum
1550 495 103 60 hoc
1608 495 118 60 enim
1682 495 162 60 diximus
1799 495 88 60 in
1844 495 103 60 qua

444 543 102 59 dam
503 543 205 59 quaestione
664 543 88 59 de
708 543 161 59 diuinis
825 543 249 59 emanationibus
1029 543 88 59 in
1073 543 190 59 generali,
1219 543 117 59 quod
1293 543 219 59 intellectus
1468 543 73 59 &
1497 543 190 59 voluntas,
1644 543 88 59 vt
1687 543 117 59 sunt
1746 543 190 59 simpliciter

447 585 203 56 intellectus
610 585 68 56 &
637 585 176 56 voluntas,
773 585 109 56 modo
841 585 163 56 scilicet
963 585 231 56 intellectuali
1153 585 68 56 &
1180 585 190 56 voluntario
1329 585 163 56 agentes,
1451 585 136 56 tantum
1546 585 109 56 sunt
1614 585 176 56 principia
1750 585 136 56 actuum
1831 585 95 56 essen

449 639 153 39 tialium
560 639 111 39 quae
629 639 111 39 sunt
699 639 208 39 intelligere
865 639 69 39 &
893 639 139 39 velle:
990 639 125 39 licet
1073 639 97 39 hoc
1129 639 97 39 sit
1184 639 153 39 passiue
1295 639 83 39 ex
1337 639 125 39 parte
1420 639 222 39 intellectus:
1600 639 139 39 actiue
1697 639 111 39 vero
1767 639 83 39 ex
1808 639 125 39 parte
1878 639 55 39 vo

438 672 194 62 luntatis.
587 672 90 62 Vt
632 672 134 62 autem
722 672 120 62 sunt
797 672 149 62 natura
901 672 75 62 &
931 672 194 62 principia
1080 672 149 62 actiua
1185 672 224 62 naturaliter
1364 672 134 62 actus
1454 672 224 62 elicientia,
1633 672 120 62 sunt
1708 672 194 62 principia
1842 672 90 62 acti

448 727 88 44 ua
492 727 190 44 elicitiua
639 727 146 44 actuum
741 727 219 44 notionalium
917 727 117 44 quae
990 727 117 44 sunt
1063 727 176 44 generare
1195 727 73 44 &
1224 727 176 44 spirare,
1355 727 73 44 &
1385 727 102 44 hoc
1443 727 219 44 necessitate
1619 727 249 44 naturalitatis
1824 727 102 44 qua
1867 727 59 44 im

453 769 174 56 possibile
587 769 94 56 est
640 769 107 56 deum
707 769 94 56 per
761 769 174 56 principia
895 769 107 56 quae
961 769 107 56 sunt
1028 769 134 56 natura
1122 769 80 56 in
1162 769 121 56 ipso,
1243 769 174 56 huiusmodi
1377 769 121 56 actus
1457 769 94 56 non
1510 769 161 56 elicere.
1631 769 67 56 â‹
1658 769 80 56 Ad
1698 769 121 56 cuius
1778 769 121 56 dicti
1845 769 94 56 simul

448 818 74 53 &
478 818 89 53 ad
522 818 192 53 ampliorem
670 818 192 53 propositi
817 818 251 53 declarationem
1024 818 192 53 sciendum,
1171 818 118 53 quod
1245 818 192 53 huiusmodi
1392 818 251 53 naturalitatem
1599 818 148 53 habent
1702 818 74 53 a
1732 818 148 53 natura
1820 818 118 53 diuina

448 858 89 48 in
493 858 104 48 qua
552 858 119 48 sunt
627 858 223 48 intellectus
805 858 74 48 &
835 858 193 48 voluntas:
984 858 104 48 sed
1043 858 149 48 aliter
1147 858 74 48 &
1177 858 164 48 aliter:
1296 858 164 48 quoniam
1415 858 223 48 intellectus
1594 858 164 48 diuinus
1713 858 134 48 habet
1802 858 134 48 ipsam
1876 858 60 48 co

447 905 185 62 incidendo
589 905 85 62 in
632 905 171 62 rationem
760 905 171 62 naturae,
888 905 114 62 quae
959 905 100 62 est
1016 905 128 62 ratio
1101 905 213 62 principalis
1272 905 185 62 elicitiua
1414 905 128 62 actus
1499 905 213 62 notionalis:
1670 905 71 62 &
1698 905 100 62 hoc
1755 905 128 62 iuxta
1826 905 100 62 secun

446 950 105 46 dum
506 950 135 46 modum
596 950 165 46 naturae
716 950 225 46 praedictum:
895 950 90 46 vt
940 950 150 46 omnino
1045 950 225 46 naturalitas
1225 950 120 46 ista
1300 950 105 46 sit
1360 950 180 46 praeuia,
1495 950 75 46 &
1525 950 135 46 ratio
1614 950 225 46 intellectus
1794 950 105 46 sit
1839 950 90 46 con-

439 992 189 58 comitans
581 992 110 58 vel
644 992 158 58 quasi.
755 992 174 58 Propter
881 992 126 58 quod
960 992 110 58 non
1023 992 126 58 nisi
1102 992 126 58 modo
1181 992 174 58 naturae
1307 992 79 58 &
1338 992 189 58 naturali
1480 992 158 58 impetu
1591 992 142 58 actum
1686 992 126 58 suum
1749 992 189 58 notionalem

451 1041 147 54 elicit:
557 1041 80 54 vt
597 1041 120 54 magis
678 1041 147 54 proprie
784 1041 120 54 pater
864 1041 147 54 dicatur
971 1041 160 54 generare
1091 1041 133 54 natura
1185 1041 240 54 intellectuali,
1385 1041 107 54 quam
1452 1041 187 54 intellectu
1598 1041 173 54 naturali:
1732 1041 80 54 vt
1759 1041 173 54 intellectus

445 1089 154 54 potius
552 1089 246 54 intelligatur
752 1089 138 54 quasi
844 1089 230 54 determinare
1028 1089 169 54 naturam
1151 1089 123 54 quam
1228 1089 215 54 econuerso:
1397 1089 77 54 &
1428 1089 184 54 secundum
1566 1089 108 54 hoc
1628 1089 138 54 ratio
1720 1089 108 54 qua
1766 1089 169 54 productus

451 1132 132 57 natura
543 1132 172 57 eliciente
675 1132 145 57 dicitur
781 1132 132 57 filius
873 1132 92 57 sit
926 1132 132 57 prima:
1019 1132 79 57 et
1058 1132 92 57 qua
1111 1132 145 57 dicitur
1217 1132 145 57 verbum,
1322 1132 92 57 sit
1375 1132 158 57 respectu
1494 1132 132 57 illius
1587 1132 158 57 secunda.
1705 1132 158 57 secundum
1824 1132 106 57 quod
1877 1132 53 57 ha

447 1179 138 56 bitum
539 1179 108 56 est
600 1179 154 56 supra.
708 1179 185 56 Voluntas
847 1179 138 56 autem
939 1179 138 56 habet
1031 1179 138 56 ipsam
1124 1179 108 56 non
1185 1179 92 56 vt
1231 1179 200 56 incidendo
1385 1179 92 56 in
1431 1179 185 56 rationem
1570 1179 169 56 naturae
1693 1179 154 56 dictae
1801 1179 169 56 secundo

442 1227 104 52 modo
507 1227 155 52 naturae:
623 1227 91 52 sed
675 1227 143 52 habendo
779 1227 104 52 sibi
844 1227 143 52 annexam
947 1227 91 52 vim
999 1227 143 52 quandam
1103 1227 143 52 naturae
1206 1227 117 52 primo
1284 1227 104 52 modo
1349 1227 130 52 dictae
1440 1227 78 52 ex
1479 1227 91 52 hoc
1530 1227 104 52 quod
1595 1227 155 52 fundatur
1712 1227 78 52 in
1751 1227 117 52 illo:
1828 1227 78 52 vt
1854 1227 78 52 natu

442 1280 136 49 ralitas
540 1280 99 49 ista
602 1280 74 49 in
639 1280 160 49 voluntate
762 1280 111 49 nullo
836 1280 99 49 modo
898 1280 86 49 sit
947 1280 185 49 praeueniens
1095 1280 99 49 eius
1157 1280 185 49 libertatem,
1304 1280 86 49 nec
1354 1280 111 49 ratio
1428 1280 160 49 elicitiua
1551 1280 111 49 actus
1625 1280 99 49 eius
1687 1280 173 49 notionalis
1822 1280 111 49 penes
1884 1280 49 49 se

451 1314 134 55 cundum
544 1314 121 55 modum
625 1314 161 55 naturae:
745 1314 94 55 hoc
799 1314 107 55 enim
866 1314 121 55 esset
946 1314 134 55 omnino
1040 1314 134 55 contra
1134 1314 121 55 ipsam
1214 1314 201 55 libertatem:
1375 1314 94 55 sed
1428 1314 134 55 potius
1522 1314 80 55 vt
1562 1314 94 55 sit
1616 1314 201 55 consecutiua
1776 1314 67 55 &
1803 1314 134 55 annexa
1883 1314 54 55 li

454 1360 180 50 bertati,
589 1360 75 50 &
619 1360 105 50 hoc
680 1360 105 50 non
740 1360 90 50 vt
785 1360 165 50 aliquid
905 1360 105 50 quo
965 1360 180 50 voluntas
1101 1360 120 50 suum
1176 1360 135 50 actum
1266 1360 211 50 notionalem
1432 1360 150 50 elicit
1537 1360 271 50 principiatiue:
1763 1360 105 50 sed
1823 1360 90 50 vt
1853 1360 75 50 ali

463 1405 104 57 quid
528 1405 91 57 quo
580 1405 182 57 assistente
723 1405 169 57 voluntati
852 1405 156 57 voluntas
969 1405 104 57 ipsa
1034 1405 78 57 ex
1073 1405 78 57 vi
1112 1405 104 57 quam
1177 1405 117 57 habet
1255 1405 78 57 eo
1294 1405 104 57 quod
1359 1405 91 57 est
1411 1405 169 57 voluntas,
1541 1405 65 57 &
1567 1405 143 57 libera,
1670 1405 130 57 potest
1761 1405 143 57 elicere
1852 1405 78 57 suum

450 1454 130 55 actum
536 1454 202 55 notionalem
695 1454 115 55 quem
767 1454 115 55 sine
839 1454 115 55 illo
911 1454 202 55 assistente
1070 1454 144 55 omnino
1171 1454 159 55 elicere
1287 1454 101 55 non
1344 1454 159 55 posset.
1460 1454 72 55 â‹
1489 1454 87 55 Ex
1532 1454 101 55 quo
1590 1454 130 55 patet
1676 1454 115 55 quod
1748 1454 144 55 aliter
1835 1454 101 55 intel

455 1498 149 59 lectus
559 1498 75 59 &
589 1498 149 59 aliter
694 1498 179 59 voluntas
828 1498 89 59 vt
873 1498 149 59 natura
977 1498 75 59 &
1007 1498 89 59 vt
1051 1498 209 59 principium
1215 1498 164 59 actiuum
1335 1498 194 59 naturale,
1484 1498 104 59 est
1543 1498 209 59 elicitiuum
1707 1498 134 59 actus
1782 1498 149 59 notiona-

450 1544 125 58 lis.
528 1544 171 58 Quoniam
653 1544 93 58 in
700 1544 109 58 hoc
762 1544 234 58 intellectus
949 1544 109 58 est
1011 1544 156 58 natura
1120 1544 78 58 &
1151 1544 218 58 principium
1322 1544 171 58 actiuum
1447 1544 187 58 naturale
1587 1544 78 58 &
1618 1544 218 58 elicitiuum
1789 1544 140 58 actus
1867 1544 78 58 ge-

448 1592 228 55 nerationis:
630 1592 122 55 quia
707 1592 167 55 incidit
828 1592 91 55 in
874 1592 122 55 idem
950 1592 107 55 cum
1011 1592 122 55 illo
1087 1592 122 55 quod
1163 1592 107 55 est
1224 1592 107 55 per
1285 1592 91 55 se
1331 1592 107 55 vis
1392 1592 198 55 elicitiua
1544 1592 76 55 &
1575 1592 152 55 natura
1681 1592 167 55 secundo
1803 1592 122 55 modo
1864 1592 76 55 di-

454 1638 127 51 cta,
534 1638 80 51 &
565 1638 95 51 vt
613 1638 143 51 quasi
709 1638 255 51 determinatio
916 1638 143 51 eius.
1011 1638 191 51 Voluntas
1154 1638 143 51 autem
1250 1638 111 51 est
1313 1638 159 51 natura
1425 1638 80 51 &
1457 1638 223 51 principium
1632 1638 175 51 actiuum
1759 1638 191 51 naturale
1886 1638 48 51 &

450 1678 198 57 elicitiuum
606 1678 127 57 actus
691 1678 227 57 spirationis:
875 1678 99 57 non
931 1678 113 57 quia
1002 1678 156 57 incidit
1116 1678 85 57 in
1158 1678 113 57 idem
1229 1678 99 57 cum
1285 1678 113 57 illo
1356 1678 113 57 quod
1427 1678 99 57 est
1484 1678 99 57 vis
1540 1678 184 57 elicitiua
1682 1678 71 57 &
1710 1678 142 57 natura
1810 1678 156 57 secundo

461 1725 127 58 modo
540 1725 158 58 dicta:
651 1725 111 58 sed
714 1725 127 58 quia
793 1725 142 58 habet
888 1725 111 58 vim
951 1725 174 58 naturae
1078 1725 142 58 primo
1173 1725 127 58 modo
1252 1725 158 58 dictae
1363 1725 269 58 concomitantem
1584 1725 79 58 &
1616 1725 127 58 sibi
1695 1725 174 58 annexam
1821 1725 111 58 non
1869 1725 63 58 vt

453 1774 118 55 quod
527 1774 103 55 est
586 1774 206 55 principium
747 1774 220 55 elicitiuum:
923 1774 103 55 sed
982 1774 103 55 quo
1041 1774 206 55 assistente
1203 1774 176 55 voluntas
1335 1774 118 55 ipsa
1408 1774 88 55 vi
1452 1774 162 55 propria
1570 1774 147 55 actiua
1673 1774 147 55 elicit
1775 1774 132 55 actum
1849 1774 88 55 suum

451 1823 214 53 notionalem:
622 1823 71 53 &
650 1823 114 53 sine
722 1823 100 53 quo
779 1823 200 53 assistente
935 1823 128 53 ipsum
1021 1823 100 53 non
1078 1823 185 53 eliceret.
1220 1823 86 53 Et
1263 1823 100 53 sic
1320 1823 214 53 intellectus
1491 1823 86 53 vt
1534 1823 100 53 est
1591 1823 157 53 natura,
1705 1823 128 53 licet
1790 1823 128 53 magis
1862 1823 71 53 pro

455 1868 119 49 prie
530 1868 149 49 natura
634 1868 89 49 vt
678 1868 104 49 est
738 1868 283 49 intellectualis,
976 1868 104 49 est
1035 1868 149 49 natura
1140 1868 193 49 elicitiua
1288 1868 134 49 penes
1378 1868 179 49 secundum
1512 1868 134 49 modum
1601 1868 179 49 naturae:
1735 1868 104 49 non
1794 1868 104 49 sic
1839 1868 104 49 autem

449 1911 198 53 voluntas,
601 1911 137 53 licet
693 1911 107 53 sit
754 1911 137 53 prima
846 1911 198 53 elicitiua
998 1911 137 53 penes
1090 1911 153 53 primum
1197 1911 137 53 modum
1288 1911 168 53 naturae
1411 1911 92 53 vt
1456 1911 107 53 iam
1517 1911 198 53 expositum
1670 1911 122 53 est.
1747 1911 183 53 Secundum
1869 1911 76 53 hoc

455 1960 120 55 ergo
530 1960 105 55 non
590 1960 195 55 similiter
740 1960 180 55 voluntas
874 1960 90 55 se
919 1960 135 55 habet
1009 1960 90 55 ad
1054 1960 225 55 spirationem
1234 1960 75 55 &
1264 1960 225 55 intellectus
1444 1960 90 55 ad
1489 1960 255 55 generationem:
1698 1960 105 55 nec
1758 1960 135 55 valet
1833 1960 105 55 argu-

458 2000 166 46 mentum.
579 2000 75 46 â‹
609 2000 91 46 Ad
654 2000 136 46 cuius
745 2000 196 46 ampliorem
896 2000 257 46 declarationem
1107 2000 91 46 ex
1152 2000 136 46 parte
1243 2000 226 46 voluntatis:
1424 2000 121 46 quia
1499 2000 91 46 de
1545 2000 121 46 ipsa
1620 2000 106 46 est
1680 2000 136 46 maior
1756 2000 181 46 dubitatio.

447 2044 161 57 Sciendum
567 2044 107 57 quod
634 2044 147 57 triplex
741 2044 94 57 est
794 2044 120 57 actio
875 2044 201 57 voluntatis.
1035 2044 134 57 Prima,
1129 2044 107 57 quae
1196 2044 94 57 est
1249 2044 147 57 elicita
1356 2044 67 57 a
1383 2044 174 57 voluntate
1517 2044 80 57 vt
1557 2044 94 57 est
1611 2044 161 57 voluntas
1731 2044 201 57 simpliciter
1878 2044 67 57 abs

449 2091 112 57 quod
519 2091 112 57 omni
589 2091 224 57 naturalitate
770 2091 70 57 &
798 2091 224 57 necessitate:
980 2091 84 57 vt
1022 2091 98 57 est
1078 2091 112 57 illa
1148 2091 112 57 quae
1217 2091 168 57 procedit
1343 2091 70 57 a
1371 2091 196 57 libertatis
1525 2091 168 57 arbitrio
1651 2091 112 57 siue
1720 2091 84 57 in
1762 2091 98 57 deo
1818 2091 112 57 siue
1888 2091 84 57 in

448 2134 183 58 creatura
585 2134 259 58 intellectuali
798 2134 76 58 &
828 2134 91 58 in
874 2134 152 58 nobis,
981 2134 76 58 &
1011 2134 152 58 tendit
1118 2134 198 58 solummodo
1270 2134 91 58 in
1316 2134 137 58 bonum
1407 2134 152 58 amatum
1514 2134 122 58 quod
1590 2134 107 58 est
1651 2134 137 58 citra
1742 2134 152 58 summum
1833 2134 107 58 bonum

462 2181 158 58 Secunda
577 2181 115 58 quae
648 2181 101 58 est
706 2181 158 58 elicita
821 2181 72 58 a
850 2181 187 58 voluntate
993 2181 86 58 vt
1037 2181 187 58 similiter
1180 2181 172 58 voluntas
1310 2181 101 58 est
1367 2181 230 58 simpliciter:
1554 2181 72 58 &
1583 2181 101 58 hoc
1640 2181 101 58 cum
1698 2181 115 58 sola
1755 2181 187 58 naturalita-

454 2229 78 54 te
493 2229 208 54 necessitatis
662 2229 195 54 immutabilis
818 2229 130 54 annexa
909 2229 104 54 ipsi
974 2229 156 54 actioni:
1091 2229 78 54 vt
1130 2229 91 54 est
1182 2229 104 54 illa
1246 2229 104 54 quae
1311 2229 156 54 procedit
1428 2229 65 54 a
1454 2229 182 54 libertatis
1597 2229 169 54 arbitrio,
1727 2229 65 54 &
1753 2229 130 54 tendit
1844 2229 78 54 in
1870 2229 65 54 sum

460 2274 112 50 mum
524 2274 143 50 bonum
619 2274 159 50 amatum
731 2274 80 50 &
763 2274 159 50 aperte
874 2274 159 50 visum.
986 2274 159 50 Tertia
1097 2274 127 50 quae
1177 2274 112 50 est
1241 2274 175 50 elicita
1368 2274 80 50 a
1400 2274 207 50 voluntate
1560 2274 112 50 non
1623 2274 96 50 vt
1671 2274 112 50 est
1735 2274 191 50 voluntas
1862 2274 80 50 sim

457 2313 175 65 pliciter:
591 2313 94 65 sed
645 2313 81 65 vt
685 2313 94 65 est
739 2313 148 65 natura,
846 2313 215 65 naturalitate
1021 2313 107 65 sibi
1088 2313 134 65 annexa
1182 2313 121 65 dicto
1262 2313 121 65 modo:
1343 2313 81 65 vt
1383 2313 94 65 est
1437 2313 107 65 illa
1504 2313 107 65 quae
1571 2313 161 65 procedit
1692 2313 67 65 a
1719 2313 188 65 voluntatis
1853 2313 94 65 liber

449 2365 130 53 tate
530 2365 97 53 in
579 2365 130 53 solo
660 2365 130 53 deo:
741 2365 81 53 &
774 2365 162 53 tendit
887 2365 114 53 non
952 2365 146 53 solum
1050 2365 97 53 in
1098 2365 162 53 summum
1212 2365 146 53 bonum
1310 2365 162 53 amatum
1423 2365 81 53 &
1456 2365 162 53 visum:
1569 2365 114 53 sed
1634 2365 146 53 etiam
1732 2365 97 53 in
1781 2365 146 53 ipsum
1862 2365 81 53 amo

449 2410 107 48 rem
510 2410 229 48 procedentem
693 2410 107 48 quo
755 2410 199 48 incentiue
907 2410 168 48 amatur:
1030 2410 138 48 licet
1122 2410 229 48 diuersimode
1305 2410 153 48 tendat
1412 2410 92 48 in
1458 2410 199 48 vtrumque.
1611 2410 76 48 &
1641 2410 107 48 hoc
1703 2410 184 48 secundum
1825 2410 107 48 aliam

455 2457 77 49 &
485 2457 138 49 aliam
577 2457 246 49 necessitatem
777 2457 292 49 immutabilitatis
1022 2457 169 49 annexam
1145 2457 123 49 ipsi
1222 2457 184 49 actioni.
1360 2457 199 49 Inquantum
1513 2457 123 49 enim
1590 2457 138 49 actio
1682 2457 199 49 ordinatur
1836 2457 92 49 in
1866 2457 77 49 ama

450 2504 107 56 tum
511 2504 168 56 summum,
633 2504 92 56 ab
679 2504 122 56 ipsa
755 2504 122 56 sola
831 2504 198 56 voluntate
984 2504 168 56 ratione
1106 2504 107 56 qua
1167 2504 107 56 est
1228 2504 168 56 libera,
1350 2504 183 56 procedit
1487 2504 259 56 immutabilitas
1701 2504 244 56 necessitatis
1884 2504 46 56 &

460 2544 86 62 in
503 2544 158 62 actione
618 2544 115 62 eius
690 2544 173 62 secunda,
820 2544 72 62 &
849 2544 86 62 in
892 2544 158 62 actione
1007 2544 115 62 eius
1079 2544 158 62 tertia.
1194 2544 187 62 Inquantum
1338 2544 115 62 vero
1410 2544 130 62 actio
1497 2544 187 62 ordinatur
1641 2544 86 62 in
1684 2544 144 62 amorem
1771 2544 158 62 productum

455 2589 198 57 tendentem
607 2589 91 57 in
653 2589 152 57 amatum
760 2589 213 57 terminatum
927 2589 122 57 sic,
1003 2589 76 57 a
1034 2589 137 57 dicta
1125 2589 244 57 naturalitate
1323 2589 152 57 annexa
1430 2589 198 57 voluntati
1582 2589 183 57 procedit
1720 2589 213 57 necessitas
1872 2589 61 57 in

454 2636 258 44 mutabilitatis
666 2636 136 44 circa
757 2636 136 44 solum
848 2636 136 44 actum
939 2636 212 44 notionalem
1105 2636 182 44 elicitum
1242 2636 76 44 a
1272 2636 212 44 voluntate,
1439 2636 106 44 vel
1500 2636 152 44 potius
1606 2636 91 44 ab
1651 2636 121 44 ipsa
1727 2636 197 44 libertate
1863 2636 76 44 vo-

455 2676 178 61 luntatis,
592 2676 82 61 vt
633 2676 82 61 ei
674 2676 123 61 talis
756 2676 205 61 naturalitas
920 2676 96 61 est
974 2676 150 61 annexa.
1083 2676 68 61 â‹
1111 2676 82 61 Ad
1152 2676 164 61 quintum,
1275 2676 109 61 quod
1343 2676 164 61 voluntas
1466 2676 96 61 est
1520 2676 164 61 communis
1643 2676 150 61 tribus:
1752 2676 109 61 ergo
1821 2676 96 61 non
1862 2676 68 61 est

452 2727 127 68 ratio
537 2727 198 68 elicitiua:
692 2727 170 68 Dicendum
819 2727 113 68 quod
890 2727 127 68 eadem
975 2727 155 68 ratione
1088 2727 99 68 nec
1144 2727 141 68 natura
1243 2727 127 68 esset
1328 2727 127 68 ratio
1412 2727 198 68 elicitiua:
1568 2727 113 68 quia
1638 2727 99 68 est
1695 2727 170 68 communis
1808 2727 127 68 tribus.
