2017 3272
427 279 82 61 ta
468 279 137 61 habere
564 279 96 61 non
619 279 109 61 est.
687 279 109 61 Vnde
756 279 178 61 quantitas
892 279 233 61 dimensionalis
1084 279 164 61 infinita
1207 279 150 61 dicitur
1316 279 219 61 subtractione
1494 279 109 61 eius
1563 279 109 61 quod
1631 279 109 61 nata
1699 279 96 61 est
1754 279 150 61 habere.
1850 279 82 61 Quam

427 333 127 48 titas
512 333 113 48 vero
583 333 212 48 spiritualis
753 333 85 48 in
795 333 99 48 deo
852 333 156 48 dicitur
965 333 170 48 infinita
1093 333 227 48 subtractione
1277 333 113 48 eius
1347 333 113 48 quod
1418 333 99 48 non
1475 333 99 48 est
1532 333 113 48 ipsa
1602 333 113 48 nata
1673 333 156 48 habere:
1787 333 99 48 sed
1829 333 85 48 quod

430 370 120 57 nata
505 370 105 57 est
565 370 149 57 habere
669 370 179 57 creatura
804 370 75 57 a
834 370 105 57 qua
893 370 135 57 nomen
983 370 194 57 mutuauit:
1133 370 135 57 cuius
1222 370 105 57 est
1282 370 135 57 ratio
1372 370 209 57 finitatis:
1536 370 120 57 quae
1611 370 120 57 nota
1686 370 135 57 nobis
1776 370 105 57 est
1835 370 75 57 &
1850 370 75 57 co-

439 428 146 53 gnita:
542 428 73 53 &
571 428 102 53 per
629 428 131 53 ipsam
717 428 190 53 infinitum
862 428 190 53 inquantum
1008 428 131 53 dicit
1096 428 117 53 eius
1169 428 204 53 negationem
1329 428 102 53 vel
1387 428 233 53 priuationem.
1577 428 131 53 Patet
1664 428 146 53 igitur
1767 428 88 53 ex
1796 428 131 53 nominis

426 473 218 50 impositione
601 473 102 50 tam
659 473 87 50 in
703 473 102 50 deo
761 473 116 50 quam
834 473 87 50 in
878 473 189 50 creatura,
1023 473 116 50 quod
1096 473 102 50 hoc
1154 473 131 50 nomen
1242 473 189 50 infinitum
1387 473 102 50 non
1446 473 204 50 significat
1606 473 248 50 principaliter
1795 473 131 50 negatio

434 507 81 62 nem
481 507 81 62 vel
527 507 186 62 priuationem:
679 507 81 62 sed
725 507 116 62 potius
807 507 140 62 alicuius
911 507 174 62 positionem:
1051 507 128 62 quoniam
1144 507 151 62 infinitum
1260 507 140 62 secundum
1365 507 186 62 philosophum,
1516 507 151 62 inquantum
1633 507 151 62 infinitum
1749 507 163 62 incognitum
1865 507 70 62 est.

432 557 100 50 Non
489 557 100 50 est
546 557 129 50 autem
632 557 200 50 incognitum
789 557 172 50 secundum
918 557 114 50 quod
990 557 172 50 importat
1119 557 200 50 negationem
1276 557 100 50 vel
1333 557 215 50 priuationem
1505 557 129 50 finis
1591 557 229 50 consumentis:
1777 557 86 50 vt
1806 557 114 50 dictum

433 604 105 52 est:
499 604 145 52 oportet
604 604 131 52 igitur
696 604 105 52 quod
761 604 171 52 infinitum
893 604 171 52 inquantum
1024 604 171 52 infinitum
1156 604 184 52 significet
1300 604 184 52 positionem
1445 604 184 52 contrariam
1589 604 105 52 illi
1655 604 105 52 fini
1721 604 197 52 consumenti:
1865 604 66 52 se-

434 649 150 52 cundum
539 649 120 52 quam
614 649 105 52 est
674 649 225 52 incognitum,
854 649 75 52 &
884 649 105 52 hoc
944 649 225 52 intellectui
1124 649 150 52 creato
1228 649 90 52 vt
1273 649 150 52 dictum
1378 649 120 52 est.
1453 649 120 52 Quod
1528 649 135 52 autem
1618 649 210 52 significat
1768 649 165 52 infinitum

445 697 175 56 inquantum
579 697 175 56 infinitum
714 697 108 56 est:
781 697 94 56 hoc
835 697 94 56 est
889 697 216 56 significatum
1064 697 202 56 principale.
1226 697 175 56 Infinitum
1361 697 108 56 ergo
1428 697 94 56 non
1482 697 135 56 tantum
1577 697 81 56 in
1617 697 108 56 deo:
1684 697 94 56 sed
1738 697 67 56 &
1765 697 81 56 in
1792 697 135 56 creatura

440 744 222 55 principaliter
623 744 183 55 significat
766 744 183 55 positionem
910 744 104 55 siue
975 744 144 55 aliquod
1080 744 209 55 affirmatiue.
1250 744 104 55 Vnde
1315 744 104 55 quod
1380 744 131 55 mundus
1472 744 104 55 quem
1537 744 196 55 philosophus
1694 744 131 55 posuit
1785 744 104 55 esse
1838 744 91 55 totum

436 796 70 51 &
464 796 125 51 summe
548 796 195 51 perfectum,
701 796 98 51 non
757 796 139 51 potuit
854 796 112 51 dici
924 796 84 51 ab
966 796 84 51 eo
1008 796 195 51 infinitus:
1161 796 98 51 hoc
1217 796 98 51 non
1273 796 112 51 erat
1342 796 98 51 tam
1398 796 112 51 quia
1468 796 167 51 terminum
1593 796 153 51 habebat
1705 796 167 51 scilicet
1817 796 125 51 supersi

442 836 100 49 ciem
505 836 151 49 extremae
618 836 163 49 sphaerae:
743 836 100 49 quam
806 836 100 49 quia
869 836 88 49 non
919 836 138 49 habebat
1019 836 138 49 aliquam
1120 836 176 49 vlteriorem
1258 836 213 49 protensionem.
1433 836 100 49 Vnde
1496 836 113 49 patet
1571 836 100 49 quod
1634 836 113 49 talis
1709 836 138 49 finitas
1810 836 113 49 mundi
1872 836 63 49 rea

435 881 96 52 lem
490 881 165 52 importat
614 881 206 52 negationem:
778 881 123 52 licet
860 881 178 52 imponatur
998 881 69 52 a
1025 881 110 52 modo
1094 881 247 52 affirmationis.
1299 881 151 52 Propter
1409 881 110 52 quod
1478 881 96 52 non
1533 881 96 52 est
1587 881 137 52 mirum,
1683 881 82 52 si
1725 881 192 52 econtrario
1862 881 82 52 infi

442 929 126 58 nitum
526 929 98 58 tam
582 929 84 58 in
624 929 98 58 deo
680 929 112 58 quam
750 929 84 58 in
792 929 182 58 creaturis
932 929 168 58 realiter
1058 929 168 58 importet
1184 929 252 58 affirmationem,
1394 929 126 58 licet
1478 929 182 58 imponatur
1618 929 70 58 a
1646 929 112 58 modo
1716 929 196 58 negationis
1856 929 70 58 vel

448 979 230 51 priuationis,
635 979 115 51 quia
707 979 158 51 negatio
822 979 101 51 per
879 979 115 51 quam
951 979 101 51 via
1009 979 201 51 remotionis
1167 979 72 51 a
1195 979 101 51 deo
1253 979 115 51 quod
1325 979 101 51 est
1382 979 86 51 in
1426 979 201 51 creaturis,
1584 979 216 51 cognoscimus
1756 979 158 51 aliquid
1871 979 86 51 in

441 1032 105 45 deo,
507 1032 118 45 nobis
585 1032 131 45 notior
677 1032 92 45 est
730 1032 105 45 quam
795 1032 184 45 affirmatio
940 1032 158 45 absoluta
1058 1032 105 45 eius
1124 1032 105 45 quid
1189 1032 158 45 secundum
1308 1032 171 45 veritatem
1439 1032 92 45 est
1491 1032 79 45 in
1531 1032 105 45 deo.
1597 1032 79 45 Et
1636 1032 92 45 hoc
1688 1032 92 45 est
1741 1032 105 45 quod
1807 1032 118 45 dicit
1872 1032 66 45 Dio

438 1066 97 59 niy.
498 1066 121 59 tagens
583 1066 145 59 vtrumque
692 1066 73 59 in
729 1066 182 59 significato
874 1066 109 59 huius
947 1066 133 59 nominis
1044 1066 158 59 infiniti.
1165 1066 85 59 ca.
1214 1066 85 59 ii.
1262 1066 109 59 cael.
1335 1066 109 59 Hier.
1408 1066 133 59 loquens
1505 1066 73 59 de
1541 1066 121 59 diuina
1626 1066 158 59 essentia.
1747 1066 158 59 Aliquando
1856 1066 85 59 dissi

436 1114 159 68 milibus
551 1114 303 68 manifestationibus
811 1114 87 68 ab
854 1114 130 68 ipsis
941 1114 173 68 eloquiis
1071 1114 231 68 supermundane
1259 1114 188 68 laudatur,
1403 1114 101 68 eam
1461 1114 217 68 inuisibilem
1634 1114 72 68 &
1663 1114 188 68 infinitam
1807 1114 72 68 &
1822 1114 101 68 incon

437 1163 245 55 prehensibilem
638 1163 216 55 vocantibus:
811 1163 86 55 ex
854 1163 144 55 quibus
955 1163 101 55 non
1012 1163 115 55 quid
1084 1163 115 55 est:
1156 1163 101 55 sed
1214 1163 115 55 quid
1286 1163 101 55 non
1343 1163 101 55 est
1401 1163 245 55 significatur.
1602 1163 101 55 hoc
1660 1163 115 55 enim
1732 1163 101 55 (vt
1775 1163 144 55 aestimo-

450 1190 190 75 patentius
596 1190 102 75 est
655 1190 88 75 in
699 1190 131 75 ipsa.
786 1190 117 75 Ecce
859 1190 102 75 quo
918 1190 88 75 ad
962 1190 234 75 significatum
1152 1190 205 75 negatiuum:
1312 1190 73 75 &
1342 1190 175 75 sequitur
1473 1190 102 75 quo
1532 1190 88 75 ad
1575 1190 248 75 affirmatiuum.
1765 1190 161 75 lgnoramus

439 1254 124 55 autem
522 1254 276 55 superessentialem
756 1254 152 55 ipsius,
866 1254 69 55 &
894 1254 220 55 inuisibilem,
1073 1254 69 55 &
1101 1254 207 55 ineffabilem
1266 1254 248 55 infinalitatem.
1473 1254 83 55 Et
1514 1254 110 55 quod
1583 1254 110 55 illa
1652 1254 207 55 ineffabilis
1803 1254 138 55 infinali

436 1297 106 50 tas
497 1297 91 50 re
542 1297 213 50 affirmatio
709 1297 122 50 est,
785 1297 137 50 licet
876 1297 122 50 modo
952 1297 213 50 negationis
1120 1297 167 50 propter
1241 1297 182 50 defectum
1378 1297 152 50 nostri
1484 1297 228 50 intellectus
1667 1297 91 50 in
1712 1297 137 50 ipsam
1788 1297 137 50 compre-

436 1344 162 54 hendendo
557 1344 215 54 significata,
732 1344 135 54 aperte
826 1344 162 54 declarat
947 1344 189 54 Dionysius.
1095 1344 81 54 in
1136 1344 256 54 similitudinibus
1351 1344 94 54 ca.
1405 1344 108 54 vii.
1473 1344 81 54 de
1513 1344 94 54 di.
1567 1344 94 54 no.
1621 1344 94 54 vbi
1675 1344 121 54 dicit
1755 1344 108 54 sic.
1809 1344 135 54 Consuetu

447 1393 89 55 do
492 1393 104 55 est
551 1393 192 55 theologis
699 1393 192 55 contrario
847 1393 148 55 mentis
950 1393 163 55 affectu
1069 1393 74 55 a
1098 1393 104 55 deo
1158 1393 118 55 quae
1232 1393 118 55 sunt
1306 1393 222 55 priuationes
1483 1393 207 55 depellere:
1646 1393 133 55 sicut
1735 1393 74 55 &
1750 1393 192 55 inuisibilem

438 1437 143 58 aiunt
533 1437 174 58 eloquia
660 1437 158 58 claram
771 1437 143 58 lucem
866 1437 79 58 &
898 1437 158 58 multum
1009 1437 238 58 laudabilem,
1199 1437 79 58 &
1231 1437 238 58 multiuocum,
1421 1437 254 58 ineffabilem,
1627 1437 79 58 &
1659 1437 285 58 innominabilem:
1880 1437 48 58 &

437 1487 155 54 omnibus
550 1487 212 54 praesentem:
720 1487 71 54 &
748 1487 85 54 ex
790 1487 155 54 omnibus
903 1487 170 54 inuentum
1030 1487 311 54 incomprehensibilem
1299 1487 71 54 &
1327 1487 99 54 non
1384 1487 269 54 inuestigabilem.
1610 1487 113 54 Ecce
1681 1487 113 54 quia
1751 1487 155 54 dicimus
1850 1487 85 54 deum

449 1535 166 55 tanquam
570 1535 151 55 claram
675 1535 136 55 lucem
766 1535 242 55 inuisibilem:
962 1535 91 55 vt
1008 1535 196 55 contrario
1159 1535 166 55 affectu
1280 1535 211 55 negationis
1446 1535 106 55 vel
1506 1535 227 55 priuationis
1687 1535 151 55 nomine
1778 1535 151 55 exprimi-

447 1578 121 54 mus,
522 1578 151 54 realem
628 1578 227 54 priuationem
809 1578 106 54 vel
870 1578 211 54 negationem
1036 1578 227 54 depellamus:
1217 1578 76 54 &
1247 1578 151 54 apicem
1353 1578 257 54 visibilitatis
1564 1578 227 54 exprimamus:
1746 1578 76 54 a
1776 1578 136 54 cuius
1851 1578 91 54 visi

445 1621 104 65 one
504 1621 118 65 apex
578 1621 148 65 mentis
682 1621 118 65 niae
756 1621 163 65 necesse
874 1621 133 65 habet
963 1621 192 65 deficere.
1111 1621 163 65 Propter
1230 1621 118 65 quod
1304 1621 104 65 cum
1363 1621 148 65 nomina
1466 1621 192 65 imponimus
1614 1621 133 65 rebus
1703 1621 133 65 sicut
1792 1621 133 65 ipsas
1866 1621 74 65 con

446 1674 248 53 prehendimus,
647 1674 108 53 sub
709 1674 124 53 modo
786 1674 232 53 priuationis
972 1674 139 53 nomen
1065 1674 201 53 imponimus
1220 1674 170 53 propter
1344 1674 170 53 nostram
1467 1674 310 53 defectibilitatem
1731 1674 139 53 circa
1808 1674 124 53 ipsam:

444 1718 99 58 per
501 1718 114 58 quam
572 1718 128 58 tamen
657 1718 199 58 intendimus
813 1718 185 58 insinuare
955 1718 128 58 nobis
1040 1718 312 58 incomprehensibilem
1310 1718 213 58 positionem.
1480 1718 85 58 Et
1522 1718 99 58 sic
1579 1718 114 58 deum
1650 1718 99 58 qui
1707 1718 99 58 est
1764 1718 128 58 finis
1835 1718 99 58 omnis

448 1762 273 51 consummationis,
678 1762 158 51 dicimus
793 1762 201 51 infinitum:
951 1762 216 51 insfinuando
1124 1762 86 51 in
1167 1762 115 51 ipso
1239 1762 129 51 finem
1325 1762 230 51 consummantem
1512 1762 129 51 vltra
1599 1762 216 51 capacitatem
1771 1762 129 51 omnis
1843 1762 101 51 crea-

447 1806 122 58 turae
529 1806 136 58 semper
624 1806 163 58 vlterius
747 1806 190 58 protensum.
896 1806 82 58 Et
937 1806 109 58 quod
1005 1806 136 58 dictum
1100 1806 95 58 est
1154 1806 82 58 de
1195 1806 190 58 inuisibili
1345 1806 68 58 &
1372 1806 177 58 infinito:
1508 1806 95 58 hoc
1562 1806 218 58 intelligatur
1739 1806 82 58 de
1780 1806 163 58 quolibet
1889 1806 54 58 no

450 1854 114 59 mine
521 1854 185 59 priuatiuo
663 1854 85 59 in
706 1854 114 59 deo.
806 1854 85 59 Et
848 1854 114 59 quod
919 1854 114 59 illa
991 1854 85 59 ad
1033 1854 157 59 literam
1147 1854 100 59 sit
1204 1854 171 59 intentio
1332 1854 142 59 Diony.
1432 1854 142 59 patet:
1531 1854 114 59 quia
1603 1854 100 59 per
1660 1854 100 59 hoc
1717 1854 157 59 exponit
1830 1854 128 59 illud

451 1902 175 54 Apostoli.
585 1902 107 54 Quid
652 1902 148 54 stultum
759 1902 94 54 est
813 1902 107 54 dei,
880 1902 188 54 sapientius
1028 1902 94 54 est
1082 1902 188 54 hominibus,
1229 1902 148 54 dicens.
1337 1902 121 54 Eodem
1417 1902 107 54 modo
1484 1902 67 54 &
1511 1902 148 54 diuinus
1619 1902 175 54 Apostolus
1753 1902 161 54 laudasse
1860 1902 81 54 dici

442 1953 110 60 tur
505 1953 220 60 stultitiam
678 1953 251 60 ineffabilem:
882 1953 78 60 &
913 1953 126 60 ante
992 1953 141 60 omnem
1086 1953 188 60 rationem
1227 1953 188 60 referens
1368 1953 220 60 veritatem,
1541 1953 126 60 hanc
1619 1953 157 60 igitur
1713 1953 220 60 irrationalem

438 1999 94 59 &
476 1999 169 59 mente
570 1999 207 59 carentem.

472 2044 98 69 Ad
521 2044 163 69 primum
636 2044 163 69 igitur
750 2044 98 69 in
799 2044 212 69 oppositum
962 2044 131 69 quod
1043 2044 196 69 creatura
1190 2044 180 69 dicitur
1321 2044 163 69 finita
1435 2044 212 69 positiue:
1598 2044 131 69 ergo
1680 2044 180 69 econtra
1810 2044 131 69 deus
1876 2044 65 69 di

457 2095 115 63 citur
534 2095 166 63 infinitus
661 2095 166 63 negatiue:
789 2095 153 63 Dicendum
903 2095 153 63 secundum
1018 2095 89 63 iam
1069 2095 127 63 dicta,
1158 2095 102 63 quod
1222 2095 115 63 verum
1299 2095 102 63 est:
1362 2095 89 63 sed
1413 2095 102 63 illa
1477 2095 178 63 affirmatio
1617 2095 115 63 finis
1694 2095 102 63 quam
1758 2095 115 63 dicit
1821 2095 115 63 finitum

448 2140 80 61 in
488 2140 173 61 creatura,
620 2140 93 61 est
674 2140 93 61 per
727 2140 173 61 carentiam
860 2140 239 61 perfectissimae
1059 2140 186 61 positionis
1205 2140 159 61 scilicet
1325 2140 213 61 protensionis
1497 2140 80 61 in
1537 2140 186 61 infinitum,
1684 2140 106 61 eius
1750 2140 120 61 cuius
1830 2140 93 61 non
1870 2140 66 61 tam

446 2188 252 55 consummationem
656 2188 112 55 quam
726 2188 238 55 consumptionem
921 2188 126 55 dicit
1005 2188 126 55 finis
1089 2188 84 55 in
1131 2188 196 55 creaturis:
1285 2188 70 55 &
1313 2188 84 55 ad
1355 2188 140 55 illius
1453 2188 224 55 protensionem
1634 2188 126 55 circa
1718 2188 154 55 naturam
1816 2188 126 55 diuinam

445 2234 266 64 significandam,
667 2234 148 64 vtimur
770 2234 103 64 hoc
829 2234 148 64 nomine
932 2234 207 64 infinitum:
1094 2234 133 64 licet
1183 2234 192 64 imponatur
1330 2234 74 64 a
1360 2234 192 64 negatione
1507 2234 133 64 finis
1596 2234 236 64 consumentis,
1788 2234 118 64 quem
1847 2234 89 64 posi

444 2280 109 53 tiue
513 2280 123 53 dicit
595 2280 150 53 finitum
704 2280 82 53 in
745 2280 178 53 creatura.
882 2280 82 53 Et
923 2280 96 53 sic
978 2280 96 53 quo
1032 2280 82 53 ad
1073 2280 123 53 modum
1155 2280 219 53 significandi
1333 2280 68 53 &
1361 2280 150 53 nominis
1470 2280 219 53 impositionem
1648 2280 150 53 finitum
1757 2280 123 53 magis
1826 2280 109 53 signi-

447 2324 110 63 ficat
520 2324 134 63 aliquid
618 2324 146 63 positiue
727 2324 98 63 quam
788 2324 171 63 infinitum:
923 2324 134 63 quantum
1020 2324 110 63 tamen
1093 2324 73 63 ad
1130 2324 85 63 rem
1179 2324 146 63 intentam
1288 2324 183 63 significari
1435 2324 85 63 est
1484 2324 171 63 econverso:
1618 2324 73 63 vt
1654 2324 122 63 dictum
1740 2324 98 63 est.
1825 2324 73 63 Ad
1850 2324 85 63 secun

461 2369 82 66 dum
508 2369 93 66 quod
566 2369 105 66 vltra
636 2369 140 66 rationem
741 2369 152 66 completi,
858 2369 152 66 perfecti,
974 2369 58 66 &
998 2369 117 66 totius
1079 2369 163 66 significat
1208 2369 128 66 aliquod
1301 2369 82 66 hoc
1347 2369 105 66 nomen
1417 2369 163 66 infinitum,
1546 2369 93 66 quod
1604 2369 82 66 non
1651 2369 117 66 potest
1732 2369 93 66 esse
1790 2369 128 66 aliquid
1872 2369 70 66 posi

464 2418 126 55 tiuum:
552 2418 151 55 Dicendum
666 2418 151 55 secundum
779 2418 163 55 praedicta
904 2418 101 55 quod
967 2418 163 55 infinitum
1093 2418 88 55 non
1143 2418 176 55 significat
1281 2418 138 55 aliquid
1382 2418 113 55 vltra
1457 2418 151 55 rationem
1571 2418 126 55 totius
1658 2418 63 55 &
1684 2418 151 55 perfecti
1797 2418 101 55 quod
1847 2418 88 55 omni-

457 2465 80 58 no
497 2465 93 58 sit
550 2465 120 58 extra
630 2465 160 58 rationem
750 2465 160 58 perfecti
870 2465 67 58 &
897 2465 147 58 totius:
1004 2465 93 58 sed
1057 2465 107 58 quod
1124 2465 80 58 in
1164 2465 107 58 ipsa
1231 2465 200 58 concluditur
1391 2465 120 58 sicut
1471 2465 214 58 determinatum
1644 2465 80 58 in
1684 2465 240 58 indeterminato.
1871 2465 67 58 Sic

453 2504 99 65 enim
515 2504 162 65 perfectum
639 2504 112 65 addit
714 2504 112 65 super
788 2504 149 65 rationem
900 2504 99 65 boni
962 2504 186 65 simpliciter
1111 2504 137 65 accepti
1211 2504 149 65 rationem
1322 2504 199 65 completionis
1484 2504 62 65 &
1509 2504 224 65 consummationis
1695 2504 75 65 in
1732 2504 162 65 bonitate:
1857 2504 99 65 quam
1906 2504 50 65 bo

443 2554 95 59 num
498 2554 163 59 absolute
620 2554 136 59 dictum
715 2554 95 59 non
769 2554 163 59 explicat
891 2554 95 59 suo
946 2554 149 59 nomine:
1054 2554 163 59 includit
1176 2554 122 59 tamen
1258 2554 122 59 ipsam
1339 2554 122 59 sicut
1421 2554 163 59 confusum
1543 2554 231 59 determinatum.
1733 2554 122 59 Ratio
1814 2554 109 59 enim
1869 2554 81 59 con-

460 2602 176 63 pletionis
596 2602 95 63 est
650 2602 122 63 ratio
731 2602 176 63 bonitatis
866 2602 176 63 cuiusdam.
1001 2602 108 63 Vnde
1068 2602 95 63 cum
1122 2602 122 63 nihil
1204 2602 135 63 potest
1298 2602 108 63 esse
1366 2602 108 63 actu
1433 2602 176 63 infinitum
1568 2602 108 63 quin
1636 2602 95 63 sit
1690 2602 257 63 persectissimum:
1892 2602 41 63 &

447 2650 130 62 summe
533 2650 145 62 totum:
634 2650 130 62 licet
721 2650 188 62 infinitum
866 2650 87 62 in
909 2650 188 62 potentia:
1053 2650 173 62 rationem
1184 2650 202 62 imperfecti
1343 2650 72 62 &
1371 2650 145 62 partis
1473 2650 130 62 habet
1559 2650 87 62 vt
1603 2650 145 62 dictum
1704 2650 101 62 est
1762 2650 145 62 supra:
1848 2650 87 62 tunc

442 2694 116 68 demum
519 2694 141 68 dicitur
622 2694 141 68 aliquid
725 2694 103 68 vere
789 2694 167 68 infinitum
917 2694 90 68 cum
968 2694 193 68 perfectioni
1122 2694 103 68 suae
1187 2694 64 68 &
1212 2694 180 68 totalitati
1354 2694 103 68 eius
1418 2694 90 68 non
1469 2694 128 68 potest
1559 2694 116 68 fieri
1636 2694 154 68 additio.
1751 2694 103 68 Quod
1816 2694 90 68 non
1854 2694 90 68 solum

446 2741 94 64 est
499 2741 148 64 propter
607 2741 201 64 negationem,
768 2741 94 64 vel
821 2741 201 64 priuationem
982 2741 121 64 finis
1063 2741 215 64 consumentis:
1237 2741 94 64 sed
1291 2741 121 64 magis
1371 2741 148 64 propter
1479 2741 215 64 protensionem
1653 2741 107 64 quae
1720 2741 121 64 omnem
1787 2741 148 64 huiusmodi

438 2788 130 74 finem
524 2788 188 74 excludit.
668 2788 72 74 &
697 2788 101 74 est
755 2788 115 74 vera
827 2788 130 74 ratio
914 2788 188 74 positiua:
1058 2788 101 74 non
1116 2788 130 74 vltra
1202 2788 173 74 rationem
1332 2788 188 74 positiuam
1476 2788 87 74 in
1520 2788 144 74 nomine
1621 2788 202 74 imperfecti
1779 2788 101 74 vel
1823 2788 115 74 totius
