2017 3215
97 258 168 83 ordine.
219 258 107 83 sed
280 258 198 83 generatio
432 258 107 83 est
494 258 198 83 processio
646 258 76 83 a
677 258 137 83 patre
768 258 214 83 immediata,
936 258 183 83 spiratio
1073 258 137 83 autem
1165 258 107 83 non
1226 258 107 83 est
1287 258 198 83 processio
1440 258 122 83 nisi
1501 258 76 83 me-

94 330 151 56 diante
200 330 242 56 generatione:
396 330 121 56 quia
472 330 91 56 ad
517 330 136 56 actum
608 330 212 56 voluntatis
774 330 197 56 cuiusmodi
926 330 106 56 est
986 330 197 56 spiratio,
1137 330 212 56 necessario
1304 330 181 56 praeuius
1440 330 106 56 vel
1500 330 106 56 qua

91 376 79 60 si
130 376 157 60 praeuius
248 376 92 60 est
300 376 118 60 actus
379 376 210 60 intellectus:
549 376 170 60 cuiusmodi
680 376 92 60 est
733 376 170 60 generatio
864 376 79 60 in
903 376 157 60 diuinis.
1021 376 105 60 ergo
1086 376 92 60 &c.
1139 376 65 60 ⁋
1165 376 144 60 Secundo
1270 376 105 60 sic.
1335 376 105 60 illa
1401 376 105 60 quae
1466 376 79 60 de
1506 376 79 60 se
1532 376 39 60 &

90 425 101 58 per
147 425 87 58 se
191 425 72 58 &
220 425 87 58 de
263 425 101 58 sua
321 425 159 58 ratione
436 425 116 58 sunt
508 425 188 58 principia
653 425 159 58 ordinis
768 425 188 58 naturalis
913 425 87 58 in
956 425 144 58 aliis,
1057 425 116 58 sunt
1129 425 217 58 naturaliter
1303 425 173 58 ordinata
1433 425 130 58 inter
1505 425 72 58 se:

92 477 117 48 quia
166 477 103 48 non
224 477 103 48 est
283 477 117 48 ordo
356 477 88 48 in
400 477 234 48 principiatis
591 477 117 48 nisi
664 477 88 48 ab
708 477 147 48 ordine
810 477 88 48 in
854 477 220 48 principiis.
1030 477 132 48 talia
1118 477 117 48 sunt
1191 477 190 48 generatio
1338 477 73 48 &
1367 477 190 48 spiratio:
1499 477 88 48 quia

89 519 231 54 generatione
273 519 77 54 &
304 519 215 54 spiratione
473 519 215 54 ordinantur
642 519 169 54 diuinae
765 519 185 54 personae
904 519 138 54 inter
996 519 108 54 se,
1057 519 92 54 vt
1103 519 215 54 principiis
1273 519 154 54 quibus
1365 519 215 54 originantur.

96 566 118 53 ergo
170 566 103 53 &c.
229 566 74 53 ⁋
258 566 147 53 Tertio
361 566 118 53 sic.
435 566 132 53 Sicut
523 566 88 53 se
567 566 132 53 habet
656 566 191 53 generatio
803 566 88 53 ad
847 566 206 53 generatum,
1009 566 103 53 sic
1068 566 88 53 se
1112 566 132 53 habet
1200 566 177 53 spiratio
1333 566 88 53 ad
1377 566 191 53 spiratum.
1509 566 74 53 er-

92 606 92 59 go
138 606 230 59 permutatim,
322 606 138 59 sicut
413 606 92 59 se
459 606 138 59 habet
551 606 199 59 generatum
705 606 92 59 ad
751 606 199 59 spiratum,
904 606 107 59 ita
965 606 92 59 se
1011 606 138 59 habet
1103 606 199 59 generatio
1256 606 92 59 ad
1302 606 245 59 spirationem.
1501 606 107 59 sed

101 650 190 57 generatum
247 650 102 57 sic
306 650 87 57 se
349 650 131 57 habet
437 650 87 57 ad
480 650 175 57 spiratum
612 650 117 57 quod
684 650 131 57 inter
772 650 131 57 illos
859 650 102 57 est
918 650 117 57 ordo
991 650 175 57 naturae.
1122 650 117 57 ergo
1180 650 73 57 &c.

93 693 91 62 ⁋
129 693 146 62 Ante
221 693 274 62 quaestionis
440 693 164 62 huius
549 693 347 62 determinationem
842 693 146 62 tria
933 693 146 62 sunt
1024 693 274 62 aduertenda.
1243 693 201 62 Primum,
1389 693 146 62 vnde
1462 693 110 62 oria

89 741 122 61 tur.
165 741 199 61 Secundum,
318 741 168 61 quomodo
440 741 260 61 intelligatur.
654 741 183 61 Tertium,
792 741 153 61 qualis
899 741 229 61 difficultas
1082 741 92 61 in
1128 741 92 61 ea
1174 741 245 61 contineatur.
1372 741 76 61 ⁋
1403 741 138 61 Circa
1479 741 92 61 pri-

87 797 109 55 mum
150 797 171 55 istorum
274 797 186 55 sciendum
413 797 124 55 est,
491 797 124 55 quod
568 797 93 55 in
615 797 279 55 praecedentibus
847 797 155 55 duabus
956 797 264 55 quaestionibus
1173 797 264 55 inuestigantes
1374 797 202 55 distinctio-

87 838 117 64 nem
154 838 151 64 inter
255 838 269 64 generationem
473 838 84 64 &
507 838 252 64 spirationem
708 838 235 64 coniecimus
893 838 134 64 quod
977 838 285 64 distinctionem
1212 838 168 64 habent
1312 838 269 64 disparationis,

91 894 127 46 quia
170 894 79 46 a
202 894 222 46 disparatis
377 894 222 46 principiis
551 894 190 46 oriuntur
694 894 79 46 &
726 894 238 46 eliciuntur,
916 894 206 46 cuiusmodi
1075 894 127 46 sunt
1154 894 159 46 natura
1266 894 79 46 &
1297 894 206 46 voluntas.
1440 894 143 46 Distin-

99 937 185 48 ctionem
234 937 135 48 enim
318 937 151 48 omnem
419 937 168 48 realem
536 937 101 48 in
587 937 185 48 diuinis
721 937 202 48 secundum
873 937 219 48 relatiuam
1041 937 269 48 oppositionem
1259 937 185 48 oportet
1394 937 168 48 reduci
1512 937 101 48 ad

95 980 271 54 distinctionem
318 980 159 54 realem
430 980 239 54 disparatam.
621 980 255 54 Oppositionem
829 980 128 54 enim
908 980 207 54 relatiuam
1068 980 144 54 inter
1163 980 191 54 generare
1307 980 80 54 &
1339 980 207 54 generari,
1482 980 96 54 simi

95 1020 132 50 liter
183 1020 132 50 inter
271 1020 161 50 spirare
388 1020 73 50 &
418 1020 176 50 spirari,
550 1020 161 50 oportet
667 1020 176 50 reducere
799 1020 88 50 ad
843 1020 234 50 oppositionem
1033 1020 249 50 disparationis
1238 1020 132 50 inter
1326 1020 176 50 generare
1458 1020 73 50 &
1472 1020 103 50 spira

97 1069 102 46 re,
156 1069 73 46 &
185 1069 116 46 hanc
257 1069 160 46 oportet
374 1069 175 46 reducere
505 1069 87 46 ad
548 1069 247 46 distinctionem
752 1069 175 46 rationis
883 1069 131 46 inter
970 1069 218 46 intellectum
1145 1069 73 46 &
1174 1069 218 46 voluntatem:
1348 1069 73 46 &
1377 1069 102 46 sic
1436 1069 102 46 per
1479 1069 102 46 ordi-

92 1114 111 59 nem
156 1114 143 59 omnem
251 1114 270 59 distinctionem
473 1114 175 59 maiorem
600 1114 175 59 oportet
727 1114 191 59 reducere
870 1114 95 59 ad
918 1114 191 59 minorem,
1061 1114 191 59 quousque
1204 1114 127 59 tota
1283 1114 222 59 reducatur,
1458 1114 143 59 sicut
1537 1114 48 59 &

103 1156 135 51 omnis
193 1156 210 51 pluralitas
358 1156 90 51 in
403 1156 165 51 diuinis
522 1156 90 51 ad
567 1156 180 51 vnitatem
702 1156 270 51 simplicissimam
927 1156 90 51 re
972 1156 75 51 &
1002 1156 165 51 ratione
1122 1156 150 51 simul,
1226 1156 195 51 cuiusmodi
1376 1156 105 51 est
1436 1156 120 51 esse
1496 1156 90 51 pri-

88 1200 107 53 mun
149 1200 213 53 diuinorum,
316 1200 274 53 simplicissimum
545 1200 183 53 scilicet
682 1200 137 53 esse,
773 1200 91 53 ad
819 1200 122 53 quod
895 1200 137 53 omnia
987 1200 122 53 alia
1063 1200 91 53 se
1109 1200 152 53 habent
1215 1200 137 53 quasi
1307 1200 107 53 per
1368 1200 168 53 quandam
1474 1200 107 53 attri

100 1251 194 47 butionem
245 1251 81 47 &
277 1251 242 47 additionem,
471 1251 194 47 secundum
616 1251 129 47 quod
697 1251 194 47 superius
842 1251 210 47 diffusius
1004 1251 210 47 expositum
1165 1251 129 47 est.
1246 1251 161 47 Natura
1359 1251 145 47 autem
1456 1251 81 47 &
1472 1251 113 47 volun

94 1295 110 46 tas
157 1295 79 46 a
189 1295 158 46 quibus
299 1295 205 46 generatio
457 1295 79 46 &
489 1295 189 46 spiratio
631 1295 268 46 principiantur
851 1295 95 46 in
899 1295 189 46 diuinis,
1041 1295 110 46 non
1104 1295 110 46 per
1167 1295 268 46 vniformitatem
1388 1295 142 46 mutuo
1482 1295 95 46 se
1514 1295 63 46 ha

89 1336 130 51 bent
170 1336 228 51 adinuicem,
349 1336 98 51 vt
398 1336 212 51 videlicet
561 1336 228 51 aequaliter
740 1336 261 51 abalterutrum
952 1336 98 51 in
1001 1336 114 51 suo
1066 1336 130 51 actu
1147 1336 179 51 inuicem
1278 1336 147 51 mutuo
1375 1336 147 51 quasi
1457 1336 130 51 depen-

95 1382 164 58 deant,
210 1382 115 58 vel
275 1382 115 58 non
341 1382 247 58 dependeant:
538 1382 247 58 quemadmodum
735 1382 214 58 contingit
900 1382 99 58 in
949 1382 148 58 simul
1048 1382 247 58 trahentibus
1245 1382 164 58 nauem:
1360 1382 131 58 quod
1426 1382 164 58 scilicet

88 1428 147 59 mutuo
185 1428 228 59 aequaliter
365 1428 212 59 abinuicem
527 1428 212 59 dependent
690 1428 98 59 in
739 1428 130 59 suis
821 1428 228 59 tractibus:
1000 1428 81 59 &
1032 1428 147 59 sicut
1130 1428 212 59 contingit
1293 1428 98 59 in
1342 1428 130 59 visu
1423 1428 81 59 &
1439 1428 147 59 auditu,

95 1473 160 60 quorum
207 1473 176 60 neutrum
335 1473 96 60 ab
383 1473 160 60 altero
495 1473 96 60 in
543 1473 112 60 suo
607 1473 128 60 actu
687 1473 208 60 eliciendo
847 1473 208 60 dependet.
1006 1473 144 60 Sicut
1102 1473 128 60 enim
1182 1473 144 60 visus
1278 1473 112 60 non
1342 1473 192 60 requirit
1470 1473 112 60 omni-

98 1519 100 58 no
148 1519 100 58 ad
199 1519 151 58 actum
299 1519 134 58 suum
383 1519 134 58 siue
466 1519 151 58 simul
567 1519 134 58 siue
650 1519 201 58 praeuium
801 1519 151 58 actum
901 1519 201 58 auditus,
1052 1519 117 58 sic
1119 1519 117 58 nec
1186 1519 234 58 econuerso.
1370 1519 117 58 Sed
1436 1519 167 58 natura
1537 1519 50 58 &

94 1567 188 55 voluntas
236 1567 94 55 in
283 1567 110 55 deo
346 1567 236 55 difformiter
534 1567 94 55 se
581 1567 157 55 habent
691 1567 220 55 adinuicem:
864 1567 126 55 quia
942 1567 188 55 voluntas
1084 1567 94 55 in
1131 1567 110 55 suo
1193 1567 126 55 actu
1272 1567 204 55 exercendo
1429 1567 141 55 quasi
1507 1567 79 55 de-

95 1607 153 64 pendet
202 1607 92 64 ab
248 1607 215 64 intellectu
416 1607 77 64 &
447 1607 123 64 eius
524 1607 138 64 actu,
616 1607 77 64 &
646 1607 107 64 non
708 1607 215 64 econuerso.
876 1607 184 64 Voluntas
1014 1607 123 64 enim
1091 1607 92 64 vt
1137 1607 169 64 eliciat
1259 1607 138 64 actum
1351 1607 169 64 volendi
1458 1607 123 64 neces-

91 1656 140 53 sario
185 1656 186 53 requirit
324 1656 140 53 quasi
418 1656 186 53 praeuium
557 1656 140 53 actum
650 1656 248 53 intellectus:
852 1656 233 53 quemadmodum
1039 1656 140 53 actus
1132 1656 233 53 intellectus
1318 1656 93 53 in
1365 1656 202 53 hominibus
1504 1656 78 53 re-

95 1701 147 48 quirit
198 1701 177 48 praeuium
331 1701 132 48 actum
419 1701 221 48 phantasiae,
595 1701 118 48 quia
669 1701 103 48 non
728 1701 235 48 intelligimus
919 1701 118 48 nisi
993 1701 88 48 ex
1037 1701 265 48 phantasmatibus
1257 1701 235 48 existentibus
1449 1701 88 48 in
1478 1701 103 48 actu.

107 1745 146 61 lgitur
210 1745 176 61 voluntas
342 1745 205 61 necessario
503 1745 176 61 requirit
635 1745 132 61 quasi
723 1745 176 61 praeuium
854 1745 132 61 actum
942 1745 234 61 intellectus,
1133 1745 103 61 sed
1191 1745 103 61 non
1250 1745 190 61 econverso
1382 1745 190 61 intellectus

107 1790 97 61 quo
162 1790 83 61 ad
204 1790 110 61 suum
273 1790 124 61 actum
356 1790 193 61 eliciendum
507 1790 166 61 requirit
632 1790 124 61 actum
714 1790 193 61 voluntatis
866 1790 179 61 praeuium.
1004 1790 110 61 Nunc
1073 1790 124 61 autem
1156 1790 97 61 ita
1211 1790 97 61 est
1267 1790 110 61 quod
1336 1790 97 61 vbi
1391 1790 97 61 duo
1446 1790 83 61 se
1474 1790 110 61 habent

102 1838 109 57 sic,
170 1838 109 57 quod
238 1838 109 57 vnum
306 1838 190 57 necessario
456 1838 163 57 praeuium
578 1838 95 57 vel
632 1838 122 57 quasi
714 1838 163 57 praeuium
836 1838 95 57 est
891 1838 82 57 ad
931 1838 163 57 alterum,
1054 1838 177 57 inquantum
1190 1838 177 57 huiusmodi
1325 1838 190 57 necessario
1461 1838 109 57 esttor

105 1879 89 66 do
150 1879 163 66 aliquis
269 1879 134 66 inter
358 1879 134 66 illa,
447 1879 134 66 prout
536 1879 178 66 procedit
670 1879 134 66 prima
759 1879 134 66 ratio
848 1879 89 66 ad
893 1879 178 66 secundam
1026 1879 149 66 partem
1130 1879 223 66 quaestionis
1309 1879 178 66 inducta.
1442 1879 134 66 Quare
1517 1879 74 66 cum

92 1924 188 61 generatio
236 1924 87 61 in
280 1924 159 61 diuinis
396 1924 101 61 sit
454 1924 130 61 actus
541 1924 232 61 intellectus,
729 1924 72 61 &
758 1924 174 61 spiratio
888 1924 101 61 sit
946 1924 130 61 actus
1033 1924 203 61 voluntatis
1193 1924 174 61 secundum
1323 1924 174 61 superius
1439 1924 145 61 declara-

94 1980 108 53 ta:
155 1980 201 53 generatio
310 1980 124 53 ergo
388 1980 93 53 in
434 1980 170 53 diuinis
558 1980 170 53 praeuia
682 1980 108 53 est
744 1980 93 53 ad
790 1980 248 53 spirationem:
992 1980 139 53 quare
1085 1980 217 53 necessario
1255 1980 139 53 inter
1348 1980 248 53 generationem
1534 1980 46 53 &

98 2021 220 53 spirationem
274 2021 103 53 est
333 2021 161 53 aliquis
451 2021 132 53 ordo.
539 2021 161 53 Propter
656 2021 117 53 quod
730 2021 176 53 restabat
862 2021 147 53 videre
964 2021 117 53 quis
1038 2021 73 53 &
1067 2021 147 53 qualis
1170 2021 117 53 ordo
1243 2021 132 53 esset
1331 2021 132 53 inter
1405 2021 176 53 generatio-

106 2061 97 60 nem
162 2061 69 60 &
189 2061 222 60 spirationem.
370 2061 83 60 Et
411 2061 111 60 quia
481 2061 166 60 doctores
605 2061 97 60 non
661 2061 180 60 signabant
799 2061 83 60 in
841 2061 153 60 diuinis
952 2061 153 60 praeter
1063 2061 153 60 ordinem
1174 2061 166 60 rationis
1299 2061 83 60 in
1340 2061 194 60 attributis
1479 2061 97 60 alium

102 2110 163 56 ordinem
221 2110 119 56 nisi
295 2110 163 56 ordinem
414 2110 178 56 naturae,
548 2110 74 56 &
578 2110 104 56 hoc
637 2110 193 56 solummodo
786 2110 134 56 inter
875 2110 163 56 diuinas
994 2110 193 56 personas,
1142 2110 178 56 secundum
1276 2110 119 56 quod
1350 2110 89 56 in
1395 2110 134 56 primo
1469 2110 104 56 argu-

92 2153 123 60 mento
174 2153 191 60 propositum
324 2153 96 60 est
379 2153 164 60 secundum
502 2153 123 60 Augu.
584 2153 150 60 idcirco
693 2153 164 60 restabat
816 2153 191 60 dubitatio,
966 2153 123 60 Vtrum
1047 2153 123 60 inter
1129 2153 218 60 generationem
1307 2153 68 60 &
1334 2153 205 60 spirationem
1484 2153 82 60 quae

96 2202 99 60 non
152 2202 113 60 sunt
223 2202 169 60 personae
350 2202 99 60 sed
407 2202 212 60 emanationes
576 2202 141 60 quibus
675 2202 155 60 emanant
788 2202 184 60 personae,
929 2202 127 60 esset
1014 2202 113 60 ordo
1085 2202 169 60 naturae.
1212 2202 71 60 ⁋
1240 2202 127 60 Circa
1325 2202 169 60 secundum
1438 2202 155 60 praedicto

99 2243 96 59 rum
154 2243 96 59 est
209 2243 206 59 aduertendum
374 2243 110 59 quod
443 2243 110 59 ordo
512 2243 151 59 naturae
622 2243 206 59 tripliciter
787 2243 193 59 accipitur,
938 2243 124 59 primo
1021 2243 234 59 materialiter,
1213 2243 151 59 secundo
1323 2243 193 59 elicitiue,
1461 2243 110 59 tertio

99 2285 214 61 subiectiue.
270 2285 86 61 In
313 2285 157 61 diuinis
427 2285 128 61 autem
512 2285 100 61 non
569 2285 143 61 potest
669 2285 114 61 esse
741 2285 114 61 ordo
812 2285 157 61 naturae
926 2285 242 61 materialiter,
1126 2285 114 61 quia
1197 2285 86 61 in
1240 2285 128 61 illis
1325 2285 114 61 quae
1382 2285 200 61 materialiter

93 2333 193 57 ordinantur
245 2333 138 57 ordine
342 2333 166 57 naturae:
466 2333 111 57 ipsa
535 2333 138 57 natura
632 2333 124 57 eorum
715 2333 83 57 in
756 2333 124 57 illis
839 2333 180 57 ordinatur
977 2333 69 57 &
1005 2333 124 57 habet
1088 2333 111 57 esse
1157 2333 83 57 in
1198 2333 124 57 illis
1281 2333 97 57 per
1336 2333 152 57 ordinem
1447 2333 166 57 quendam:

98 2380 228 56 quemadmodum
280 2380 107 56 est
341 2380 122 56 ordo
417 2380 167 56 naturae
539 2380 137 56 inter
630 2380 122 56 duas
707 2380 167 56 species
828 2380 107 56 sub
889 2380 137 56 eodem
980 2380 167 56 genere:
1102 2380 122 56 quia
1178 2380 91 56 in
1224 2380 198 56 diuisione
1376 2380 167 56 generis
1498 2380 107 56 per

103 2432 217 44 differentias
280 2432 163 44 nobilius
402 2432 95 44 est
456 2432 149 44 alterum
564 2432 163 44 extremum
686 2432 258 44 contrarietatis:
903 2432 68 44 &
930 2432 176 44 nobiliori
1066 2432 203 44 differentia
1229 2432 217 44 constituitur
1405 2432 163 44 nobilior
1513 2432 68 44 spe

109 2471 101 60 cies,
176 2471 90 60 quia
233 2471 68 60 vt
266 2471 79 60 per
311 2471 146 60 rationale
424 2471 90 60 quam
480 2471 79 60 per
525 2471 169 60 irrationale
661 2471 68 60 in
694 2471 146 60 diuisione
807 2471 146 60 animalis:
920 2471 79 60 per
965 2471 135 60 animatum
1066 2471 90 60 quam
1122 2471 79 60 per
1168 2471 146 60 inainatum
1280 2471 68 60 in
1314 2471 146 60 diuisione
1427 2471 146 60 corporis.
1528 2471 45 60 Et

110 2517 93 55 est
163 2517 106 55 iste
229 2517 106 55 ordo
296 2517 160 55 secundum
415 2517 213 55 differentias
588 2517 146 55 ordinis
695 2517 106 55 quae
761 2517 106 55 sunt
828 2517 160 55 superius
947 2517 66 55 &
974 2517 173 55 inferius,
1107 2517 80 55 in
1147 2517 120 55 gradu
1226 2517 186 55 dignitatis
1373 2517 66 55 &
1386 2517 186 55 perfectionis

99 2559 148 51 naturae:
210 2559 136 51 quaeles
308 2559 123 51 gradus
395 2559 74 51 in
432 2559 136 51 diuinis
530 2559 148 51 inueniri
641 2559 86 51 non
690 2559 148 51 possunt,
801 2559 74 51 in
838 2559 123 51 quibus
925 2559 86 51 non
974 2559 86 51 est
1023 2559 99 51 nisi
1085 2559 111 51 vnica
1159 2559 136 51 natura.
1257 2559 160 51 Similiter
1381 2559 74 51 in
1418 2559 148 51 diuinis:
1516 2559 62 51 non

106 2605 122 59 potest
191 2605 134 59 proprie
288 2605 97 59 esse
349 2605 97 59 ordo
410 2605 134 59 naturae
507 2605 183 59 elicitiuae:
653 2605 97 59 quia
714 2605 73 59 in
751 2605 110 59 illis
824 2605 97 59 quae
885 2605 158 59 elicitiue
1006 2605 170 59 ordinantur
1140 2605 110 59 ordie
1213 2605 134 59 naturae
1310 2605 97 59 ipsa
1371 2605 122 59 natura
1456 2605 110 59 eorum
1529 2605 73 59 in

105 2646 122 66 ipsis
187 2646 163 66 existens
309 2646 109 66 illa
377 2646 163 66 ordinat:
500 2646 204 66 quemadmodum
663 2646 109 66 ordo
731 2646 150 66 naturae
840 2646 95 66 est
894 2646 122 66 inter
976 2646 136 66 florem
1071 2646 68 66 &
1098 2646 163 66 fructum,
1221 2646 109 66 quia
1289 2646 136 66 natura
1384 2646 204 66 naturaliter
1534 2646 54 66 ex

97 2697 117 68 slore
175 2697 143 68 fructum
279 2697 169 68 producit.
409 2697 104 68 Dico
474 2697 117 68 autem
551 2697 104 68 quod
616 2697 78 68 in
655 2697 143 68 diuinis
759 2697 143 68 proprie
863 2697 91 68 non
915 2697 130 68 potest
1006 2697 104 68 esse
1071 2697 104 68 ordo
1136 2697 117 68 iste,
1213 2697 65 68 &
1239 2697 91 68 hoc
1291 2697 91 68 quo
1343 2697 78 68 ad
1382 2697 104 68 tres
1434 2697 143 68 personas.

106 2736 130 76 Licet
192 2736 116 76 enim
265 2736 145 76 natura
366 2736 101 76 sit
423 2736 188 76 elicitiue
568 2736 202 76 principium
727 2736 159 76 ordinis
843 2736 130 76 inter
929 2736 145 76 patrem
1030 2736 72 76 &
1059 2736 159 76 filium,
1175 2736 116 76 quia
1247 2736 130 76 pater
1334 2736 217 76 simpliciter
1493 2736 101 76 produ
