2017 3219
419 253 125 73 esse
498 253 94 73 in
544 253 156 73 filio,
654 253 156 73 nullum
763 253 172 73 ordinem
888 253 156 73 habent
998 253 156 73 omnino
1107 253 188 73 generare
1248 253 78 73 &
1279 253 203 73 generari.
1435 253 125 73 Quod
1513 253 234 73 proculdubio
1701 253 141 73 verum
1795 253 109 73 est
1841 253 63 73 po

411 313 125 56 nendo
495 313 167 56 secundum
620 313 153 56 latinos
732 313 167 56 spiritum
857 313 153 56 sanctum
969 313 181 56 procedere
1108 313 195 56 communiter
1262 313 70 56 a
1289 313 125 56 patre
1373 313 70 56 &
1401 313 139 56 filio.
1499 313 98 56 Sed
1554 313 84 56 si
1596 313 167 56 secundum
1722 313 153 56 Graecos
1819 313 84 56 spi-

408 367 127 53 ritus
493 367 155 53 sanctus
605 367 198 53 procederet
761 367 71 53 a
789 367 113 53 solo
860 367 141 53 patre,
958 367 85 53 in
1001 367 127 53 parte
1085 367 113 53 idem
1156 367 127 53 esset
1241 367 198 53 sentiendum
1396 367 85 53 de
1438 367 113 53 hoc,
1509 367 71 53 &
1537 367 85 53 in
1579 367 127 53 parte
1664 367 141 53 aliud.
1763 367 113 53 ldem
1819 367 85 53 sen-

423 403 159 58 tiendum
538 403 130 58 esset
625 403 101 58 quo
683 403 87 58 ad
726 403 101 58 hoc
784 403 188 58 videlicet
929 403 116 58 quod
1001 403 188 58 generatio
1146 403 130 58 esset
1232 403 130 58 quasi
1319 403 174 58 praeuium
1449 403 72 58 &
1478 403 202 58 principium
1637 403 174 58 respectu
1753 403 159 58 spiratio-

418 458 116 48 nis:
490 458 130 48 etiam
577 458 87 48 si
620 458 174 48 spiritus
750 458 159 48 sanctus
866 458 203 48 procederet
1025 458 72 48 a
1054 458 116 48 solo
1127 458 145 48 patre,
1228 458 72 48 &
1257 458 203 48 principium
1416 458 203 48 spiratiuum
1575 458 87 48 in
1619 458 116 48 ipso
1691 458 130 48 esset
1763 458 145 48 voluntas

421 492 90 59 vt
466 492 179 59 voluntas
600 492 224 59 simpliciter
779 492 75 59 &
809 492 149 59 solius
914 492 164 59 patris:
1033 492 75 59 &
1063 492 105 59 non
1123 492 90 59 vt
1168 492 164 59 concors
1287 492 164 59 duorum.
1406 492 119 59 Quia
1481 492 179 59 voluntas
1615 492 134 59 etiam
1705 492 90 59 vt
1750 492 149 59 solius
1839 492 75 59 pa-

421 546 115 52 tris
492 546 115 52 est,
564 546 129 52 sicut
650 546 100 52 non
707 546 143 52 potest
808 546 129 52 exire
894 546 86 52 in
937 546 129 52 actum
1023 546 158 52 volendi
1138 546 215 52 simpliciter
1310 546 72 52 &
1338 546 244 52 essentialiter
1539 546 115 52 nisi
1611 546 158 52 praeuia
1726 546 158 52 notitia
1826 546 86 52 sim-

418 582 176 60 pliciter
550 582 73 60 &
579 582 205 60 essentiali
741 582 88 60 in
784 582 220 60 intellectu:
960 582 103 60 sic
1019 582 103 60 nec
1077 582 132 60 eadem
1165 582 176 60 voluntas
1297 582 146 60 potest
1399 582 132 60 exire
1487 582 88 60 in
1531 582 132 60 actum
1619 582 161 60 volendi
1736 582 73 60 &
1751 582 161 60 incentiue

416 630 75 65 &
446 630 239 65 notionaliter
640 630 105 65 qui
700 630 105 65 est
759 630 179 65 spirare,
894 630 119 65 nisi
968 630 164 65 praeuia
1088 630 164 65 notitia
1207 630 239 65 declaratiua.
1401 630 90 65 In
1446 630 105 65 deo
1506 630 119 65 enim
1581 630 134 65 actus
1670 630 224 65 intellectus
1849 630 75 65 &
1864 630 60 65 vo

412 675 175 54 luntatis
544 675 248 54 communicantes
748 675 146 54 semper
849 675 117 54 sibi
922 675 262 54 correspondent.
1141 675 87 54 Et
1185 675 175 54 secundum
1316 675 117 54 quod
1389 675 146 54 dictum
1491 675 102 54 est
1549 675 146 54 supra,
1651 675 73 54 &
1680 675 160 54 amplius
1782 675 131 54 dicetur

421 725 143 57 adhuc,
521 725 114 57 quod
592 725 171 57 diligere
721 725 214 57 simpliciter
892 725 100 57 est
949 725 129 57 actio
1035 725 157 57 simplex
1150 725 114 57 siue
1221 725 214 57 simpliciter
1393 725 129 57 dicta
1478 725 200 57 voluntatis
1635 725 86 57 vt
1678 725 100 57 est
1736 725 157 57 libera:
1836 725 71 57 spi

416 765 118 51 rare
490 765 118 51 vero
563 765 118 51 siue
637 765 176 51 diligere
769 765 191 51 incentiue
916 765 103 51 est
975 765 132 51 actio
1063 765 162 51 eiusdem
1181 765 191 51 perfecta:
1328 765 103 51 sic
1387 765 74 51 &
1416 765 221 51 intelligere
1593 765 221 51 simpliciter
1769 765 103 51 est
1813 765 103 51 actio

425 815 159 56 simplex
540 815 115 56 siue
612 815 216 56 simpliciter
785 815 130 56 dicta
872 815 216 56 intellectus
1045 815 87 56 vt
1088 815 101 56 est
1146 815 159 56 natura:
1261 815 173 56 generare
1391 815 130 56 autem
1477 815 115 56 siue
1549 815 144 56 dicere
1650 815 101 56 est
1708 815 130 56 actio
1780 815 130 56 eiusdem

436 863 187 54 perfecta.
579 863 101 54 lta
637 863 115 54 quod
709 863 129 54 sicut
795 863 115 54 tali
867 863 158 54 actione
981 863 201 54 perficitur
1139 863 215 54 intellectus
1312 863 101 54 per
1369 863 172 54 notitiam
1498 863 230 54 declaratiuam
1685 863 115 54 quae
1757 863 101 54 est
1800 863 115 54 verbum

427 904 105 55 sic
487 904 135 55 dicta
577 904 165 55 actione
697 904 180 55 spirandi
832 904 120 55 siue
907 904 195 55 diligendi
1057 904 195 55 incentiue
1207 904 210 55 perficitur
1372 904 180 55 voluntas
1507 904 105 55 per
1567 904 150 55 amorem
1672 904 225 55 incentiuum,
1852 904 105 55 qui

422 954 106 50 est
482 954 181 50 spiritus
618 954 181 50 sanctus.
754 954 136 50 Secus
845 954 136 50 autem
935 954 136 50 esset
1026 954 76 50 &
1056 954 136 50 aliud
1147 954 211 50 sentiendum
1313 954 106 50 quo
1373 954 91 50 ad
1419 954 121 50 hoc,
1494 954 196 50 videlicet
1645 954 121 50 quod
1721 954 91 50 si
1766 954 76 50 a
1796 954 121 50 solo
1857 954 60 50 pa

425 996 106 53 tre
485 996 212 53 procederet
652 996 182 53 spiritus
788 996 182 53 sanctus,
924 996 197 53 generatio
1076 996 182 53 communis
1212 996 91 53 ad
1257 996 166 53 actiuam
1378 996 76 53 &
1408 996 182 53 passiuam
1545 996 197 53 solummodo
1696 996 182 53 negatiue
1817 996 106 53 esset

427 1040 141 56 quasi
522 1040 189 56 praeuium
663 1040 79 56 &
694 1040 220 56 principium
867 1040 94 56 ad
914 1040 236 56 spirationem
1103 1040 141 56 nihil
1197 1040 189 56 operando
1339 1040 189 56 positiue
1480 1040 94 56 ad
1527 1040 251 56 productionem
1731 1040 141 56 actus
1810 1040 110 56 spira

429 1091 154 49 tionis
536 1091 169 49 actiuae
659 1091 77 49 a
690 1091 200 49 voluntate
843 1091 138 49 circa
935 1091 230 49 voluntatem:
1120 1091 138 49 sicut
1212 1091 138 49 neque
1304 1091 184 49 operatur
1442 1091 138 49 circa
1534 1091 138 49 ipsam
1626 1091 92 49 in
1672 1091 138 49 nobis
1764 1091 92 49 ad
1795 1091 123 49 produ-

413 1133 155 55 cendum
521 1133 139 55 actum
614 1133 170 55 volendi
738 1133 124 55 siue
815 1133 201 55 simplicem
970 1133 124 55 siue
1047 1133 232 55 incentiuum,
1233 1133 93 55 in
1279 1133 155 55 quibus
1388 1133 232 55 intellectus
1573 1133 108 55 suo
1635 1133 124 55 actu
1713 1133 124 55 siue
1775 1133 139 55 intelli

421 1176 140 57 gendi
515 1176 125 57 siue
593 1176 171 57 dicendi
717 1176 109 57 non
780 1176 140 57 mouet
873 1176 234 57 voluntatem:
1060 1176 109 57 nec
1122 1176 187 57 quicquam
1263 1176 187 57 positiue
1403 1176 140 57 circa
1496 1176 109 57 eam
1559 1176 140 57 facit
1652 1176 93 57 vt
1699 1176 125 57 fiat
1777 1176 93 57 in
1808 1176 109 57 actus

421 1224 92 61 sed
474 1224 105 61 ipsa
539 1224 105 61 sola
605 1224 145 61 seipsam
711 1224 119 61 facit
790 1224 105 61 esse
856 1224 79 61 in
895 1224 92 61 suo
948 1224 119 61 actu:
1027 1224 119 61 licet
1106 1224 92 61 non
1159 1224 105 61 nisi
1225 1224 145 61 praeuia
1330 1224 145 61 actione
1436 1224 211 61 intellectus:
1607 1224 158 61 secundum
1726 1224 105 61 quod
1791 1224 79 61 in
1818 1224 92 61 quae-

431 1267 199 54 stionibus
584 1267 92 54 de
630 1267 184 54 Quolibet
768 1267 169 54 saepius
891 1267 230 54 exposuimus.
1075 1267 123 54 Ipsa
1152 1267 123 54 enim
1229 1267 184 54 voluntas
1367 1267 92 54 in
1413 1267 138 54 nobis
1505 1267 138 54 actus
1597 1267 123 54 suos
1674 1267 153 54 elicit
1781 1267 123 54 sola
1842 1267 77 54 li-

428 1316 160 53 bertate
545 1316 117 53 sua,
618 1316 73 53 &
647 1316 131 53 nulla
734 1316 233 53 naturalitate
924 1316 117 53 siue
996 1316 117 53 quam
1069 1316 131 53 habet
1157 1316 87 53 ex
1200 1316 87 53 se
1244 1316 87 53 in
1288 1316 146 53 ordine
1390 1316 87 53 ad
1433 1316 131 53 actum
1521 1316 117 53 suum
1594 1316 218 53 eliciendum,
1768 1316 117 53 siue
1827 1316 87 53 quam

419 1359 116 50 nata
491 1359 101 50 sit
549 1359 174 50 recipere
679 1359 87 50 ab
723 1359 130 50 alio:
810 1359 87 50 vt
853 1359 72 50 a
882 1359 116 50 motu
955 1359 232 50 intellectus,
1143 1359 174 50 secundum
1273 1359 116 50 quod
1346 1359 145 50 dicunt
1447 1359 159 50 aliqui:
1563 1359 116 50 nisi
1636 1359 174 50 quatenus
1752 1359 159 50 voluntati

423 1407 170 49 naturale
550 1407 99 49 est
607 1407 113 49 quod
677 1407 99 49 sit
734 1407 155 49 libera,
847 1407 99 49 sic
903 1407 113 49 quod
974 1407 99 49 sua
1031 1407 170 49 libertas
1158 1407 99 49 sit
1214 1407 99 49 sua
1271 1407 155 49 natura,
1384 1407 71 49 &
1412 1407 99 49 ita
1469 1407 170 49 naturale
1596 1407 99 49 sit
1652 1407 85 49 ei
1695 1407 127 49 actum
1780 1407 113 49 suum
1836 1407 85 49 eli-

425 1453 122 53 cere
501 1453 167 53 libere,
622 1453 76 53 &
653 1453 106 53 suo
713 1453 182 53 vltroneo
850 1453 182 53 appetitu
987 1453 182 53 proprio,
1124 1453 76 53 &
1154 1453 137 53 nullo
1245 1453 167 53 festino
1367 1453 76 53 a
1397 1453 152 53 seipso
1504 1453 106 53 nec
1564 1453 182 53 violento
1701 1453 167 53 impulsu
1823 1453 137 53 neque

418 1507 233 45 consentaneo
605 1507 124 45 sibi
683 1507 109 45 seu
745 1507 233 45 conuenienti
932 1507 124 45 motu
1010 1507 124 45 eius
1087 1507 93 45 ab
1134 1507 140 45 alio,
1227 1507 124 45 puta
1305 1507 93 45 ab
1352 1507 233 45 intellectu,
1539 1507 93 45 vt
1585 1507 156 45 quidam
1694 1507 171 45 dicunt.
1819 1507 124 45 Quae

425 1534 137 55 omnia
516 1534 183 55 excludit
653 1534 183 55 libertas
790 1534 228 55 voluntatis:
973 1534 122 55 quia
1049 1534 122 55 est,
1125 1534 167 55 propria
1246 1534 183 55 conditio
1383 1534 198 55 potentiae
1536 1534 122 55 pure
1612 1534 183 55 actiuae:
1749 1534 76 55 &
1779 1534 137 55 nullo
1855 1534 61 55 mo

422 1586 89 50 do
467 1586 194 50 passiuae:
616 1586 134 50 sicut
705 1586 194 50 econverso
854 1586 208 50 necessitas
1018 1586 253 50 naturalitatis
1226 1586 179 50 virtutis
1360 1586 119 50 pure
1435 1586 194 50 passiuae,
1584 1586 119 50 quae
1658 1586 179 50 excludit
1792 1586 134 50 omnem
1866 1586 60 50 li

432 1633 189 54 bertatem.
578 1633 174 54 Libertas
709 1633 116 54 enim
781 1633 145 54 solius
883 1633 174 54 virtutis
1014 1633 160 54 actiuae
1130 1633 174 54 conditio
1261 1633 116 54 est,
1333 1633 73 54 &
1362 1633 189 54 nequaquam
1508 1633 189 54 passiuae.
1653 1633 160 54 Aliquod
1769 1633 116 54 enim
1827 1633 102 54 solum

416 1680 121 50 modo
491 1680 151 50 libere
597 1680 121 50 agit
673 1680 76 50 &
703 1680 106 50 non
763 1680 242 50 naturaliter:
960 1680 106 50 sed
1020 1680 136 50 nihil
1111 1680 151 50 libere
1216 1680 181 50 patitur:
1352 1680 106 50 sed
1413 1680 181 50 quicquid
1548 1680 181 50 patitur,
1684 1680 91 50 id
1730 1680 121 50 quod
1790 1680 136 50 patitur

419 1726 141 54 solum
513 1726 235 54 naturaliter
701 1726 125 54 siue
779 1726 125 54 sola
857 1726 250 54 naturalitate
1061 1726 188 54 patitur.
1201 1726 94 54 Vt
1248 1726 141 54 mirum
1342 1726 109 54 sit
1405 1726 172 54 quomodo
1530 1726 156 54 aliqui
1639 1726 172 54 possunt
1765 1726 156 54 dicere
1858 1726 63 54 vo

434 1767 189 59 luntatem
576 1767 126 59 esse
655 1767 110 59 vim
718 1767 205 59 passiuam,
875 1767 157 59 libere
985 1767 157 59 tamen.
1096 1767 126 59 Siue
1174 1767 126 59 enim
1253 1767 189 59 voluntas
1395 1767 173 59 ponatur
1521 1767 126 59 pati
1599 1767 126 59 modo
1678 1767 220 59 congruenti
1836 1767 94 59 natu

433 1814 101 58 rae
490 1814 130 58 suae,
577 1814 173 58 qualiter
707 1814 144 58 dicunt
808 1814 144 58 aliqui
909 1814 130 58 ipsam
995 1814 115 58 pati
1068 1814 87 58 ab
1111 1814 216 58 intellectu:
1284 1814 115 58 siue
1356 1814 115 58 modo
1428 1814 101 58 non
1486 1814 202 58 congruenti
1645 1814 159 58 naturae
1760 1814 130 58 suae:
1832 1814 87 58 vtro

429 1857 114 53 quod
500 1857 114 53 modo
571 1857 156 53 patitur
684 1857 85 53 id
727 1857 114 53 quod
798 1857 156 53 patitur
911 1857 142 53 absque
1011 1857 114 53 omni
1082 1857 199 53 libertate:
1238 1857 99 53 sed
1295 1857 114 53 sola
1366 1857 199 53 recipiendi
1522 1857 213 53 necessitate
1692 1857 142 53 illata
1791 1857 114 53 sibi
1862 1857 85 53 ab

429 1899 123 54 alio:
511 1899 109 54 quae
579 1899 123 54 tamen
661 1899 164 54 libertas
784 1899 191 54 voluntatis
934 1899 82 54 ex
975 1899 123 54 parte
1057 1899 191 54 voluntatis
1207 1899 191 54 elicientis
1357 1899 109 54 suum
1426 1899 123 54 actum
1508 1899 123 54 nullo
1589 1899 109 54 modo
1658 1899 164 54 excludit
1767 1899 150 54 necessita

434 1948 113 61 tem
498 1948 306 61 immutabilitatis
756 1948 145 61 circa
853 1948 145 61 ipsum
950 1948 145 61 actum
1046 1948 97 61 in
1095 1948 210 61 eliciendo
1256 1948 145 61 ipsum
1353 1948 81 61 &
1385 1948 97 61 in
1433 1948 193 61 processu
1578 1948 129 61 eius
1659 1948 81 61 a
1691 1948 226 61 voluntate.
1853 1948 64 61 Ta

437 1996 110 52 lis
500 1996 126 52 enim
579 1996 220 52 necessitas
751 1996 110 52 non
814 1996 110 52 est
877 1996 126 52 nisi
955 1996 141 52 modus
1049 1996 157 52 quidam
1159 1996 141 52 circa
1253 1996 141 52 actum
1347 1996 78 52 &
1379 1996 110 52 quo
1441 1996 94 52 ad
1488 1996 126 52 eius
1567 1996 204 52 processum
1724 1996 94 52 ab
1755 1996 157 52 elicien-

428 2046 86 55 te
471 2046 71 55 &
499 2046 100 55 quo
556 2046 86 55 ad
599 2046 114 55 eius
670 2046 186 55 processum
813 2046 86 55 in
856 2046 171 55 terminum
984 2046 114 55 siue
1056 2046 186 55 obiectum,
1198 2046 86 55 vt
1241 2046 143 55 tactum
1341 2046 100 55 est
1398 2046 86 55 in
1441 2046 214 55 praecedenti
1612 2046 214 55 quaestione.
1783 2046 114 55 Quae
1855 2046 100 55 qui

441 2083 107 62 dem
502 2083 214 62 necessitas
670 2083 138 62 circa
762 2083 183 62 actionem
899 2083 214 62 voluntatis
1067 2083 107 62 est
1128 2083 199 62 coniuncta
1281 2083 122 62 eius
1358 2083 199 62 libertati
1510 2083 107 62 non
1572 2083 168 62 ratione
1694 2083 214 62 voluntatis
1847 2083 76 62 cir

434 2133 90 50 ca
479 2133 135 50 finem
569 2133 166 50 vltimum
690 2133 75 50 &
720 2133 135 50 summe
810 2133 226 50 diligibile:
991 2133 120 50 quid
1066 2133 105 50 sic
1126 2133 90 50 ad
1171 2133 90 50 se
1217 2133 135 50 ligat
1307 2133 226 50 voluntatem,
1488 2133 120 50 quod
1563 2133 181 50 postquam
1698 2133 135 50 visum
1789 2133 75 50 &
1804 2133 120 50 cogni-

440 2181 110 54 tum
503 2181 172 54 fuerit,
628 2181 141 54 nulla
722 2181 188 54 voluntas
863 2181 156 54 creata
972 2181 110 54 aut
1035 2181 156 54 mutata
1145 2181 94 54 ab
1192 2181 125 54 illo
1270 2181 94 54 se
1317 2181 156 54 potest
1426 2181 219 54 diuertere.
1598 2181 110 54 Sed
1661 2181 110 54 hoc
1724 2181 110 54 non
1786 2181 125 54 quia
1849 2181 78 54 ob-

428 2219 155 62 iectum
537 2219 186 62 cognitum
677 2219 171 62 aliquid
801 2219 124 62 agit
878 2219 93 62 in
925 2219 217 62 voluntate:
1095 2219 109 62 sed
1157 2219 124 62 quia
1235 2219 124 62 ipsa
1312 2219 93 62 in
1359 2219 124 62 illo
1436 2219 124 62 nata
1514 2219 109 62 est
1576 2219 202 62 quiescere
1715 2219 202 62 naturaliter

441 2270 93 55 vt
487 2270 93 55 in
533 2270 108 55 suo
595 2270 139 55 fine:
688 2270 93 55 in
735 2270 108 55 quo
797 2270 93 55 se
843 2270 139 55 tenet
936 2270 93 55 vi
983 2270 170 55 eiusdem
1107 2270 217 55 libertatis
1277 2270 108 55 qua
1339 2270 93 55 se
1386 2270 139 55 mouit
1479 2270 93 55 in
1525 2270 155 55 illud.
1634 2270 139 55 Sicut
1727 2270 139 55 autem
1804 2270 124 55 volun-

437 2315 103 50 tas
496 2315 147 50 nostra
599 2315 88 50 ab
643 2315 161 50 actione
760 2315 220 50 intellectus
936 2315 117 50 siue
1009 2315 235 50 intelligendi
1200 2315 117 50 siue
1274 2315 161 50 dicendi
1391 2315 161 50 praeuia
1508 2315 147 50 nullam
1611 2315 103 50 vim
1670 2315 103 50 aut
1714 2315 205 50 immutationem

433 2357 145 49 habet
530 2357 97 49 ad
578 2357 226 49 eliciendum
756 2357 129 49 suum
837 2357 145 49 actum
934 2357 129 49 siue
1015 2357 210 49 amationis
1176 2357 210 49 simplicis
1338 2357 129 49 siue
1419 2357 242 49 incentiuae:
1613 2357 113 49 sed
1678 2357 210 49 solummodo
1839 2357 81 49 a
1855 2357 65 49 se

437 2408 134 49 ipsa:
526 2408 104 49 sic
586 2408 134 49 neque
675 2408 178 49 voluntas
809 2408 149 49 patris
913 2408 89 49 si
957 2408 74 49 a
987 2408 119 49 solo
1061 2408 134 49 patre
1150 2408 208 49 procederet
1314 2408 178 49 spiritus
1448 2408 178 49 sanctus,
1581 2408 119 49 suam
1656 2408 253 49 foecunditatem
1849 2408 74 49 aut

436 2453 172 54 quicquam
565 2453 129 54 aliud
651 2453 186 54 reciperet
794 2453 86 54 ab
837 2453 158 54 actione
952 2453 229 54 intellectus,
1138 2453 115 54 siue
1209 2453 100 54 sit
1267 2453 129 54 actio
1353 2453 229 54 intelligendi
1539 2453 100 54 vel
1596 2453 215 54 gubernandi,
1768 2453 115 54 siue
1826 2453 100 54 dicen

443 2496 88 51 di
487 2496 175 51 praeuia:
619 2496 161 51 quamuis
736 2496 102 51 non
794 2496 117 51 sine
867 2496 117 51 ipsa
940 2496 248 51 praesupposita
1145 2496 131 51 quasi
1232 2496 190 51 remouente
1378 2496 205 51 prohibens.
1539 2496 117 51 Vnde
1612 2496 88 51 si
1656 2496 219 51 vniformiter
1831 2496 88 51 se
1861 2496 58 51 ha

437 2540 147 52 berent
540 2540 132 52 inter
628 2540 88 52 se
672 2540 176 52 voluntas
804 2540 73 52 &
833 2540 220 52 intellectus
1009 2540 88 52 in
1053 2540 147 52 eodem:
1155 2540 88 52 vt
1199 2540 132 52 sicut
1287 2540 220 52 intellectus
1463 2540 103 52 non
1521 2540 176 52 requirit
1653 2540 176 52 praeuiam
1771 2540 147 52 actionem

441 2586 227 50 voluntatis,
623 2586 106 50 sic
683 2586 106 50 nec
744 2586 197 50 econuerso
896 2586 136 50 actio
987 2586 212 50 voluntatis
1154 2586 212 50 requireret
1320 2586 182 50 praeuiam
1457 2586 182 50 actionem
1593 2586 243 50 intellectus:
1791 2586 136 50 sicut
1866 2586 61 50 se

434 2627 165 60 habent
549 2627 99 60 in
598 2627 148 60 eodem
697 2627 181 60 auditus
829 2627 82 60 &
862 2627 165 60 visus:
977 2627 132 60 quia
1059 2627 165 60 neuter
1175 2627 181 60 illorum
1306 2627 181 60 sensuum
1438 2627 99 60 ad
1487 2627 148 60 actum
1586 2627 132 60 suum
1669 2627 198 60 requirit
1800 2627 132 60 actio-

444 2673 105 53 nem
504 2673 181 53 alterius
640 2673 196 53 praeuiam:
790 2673 120 53 tunc
865 2673 135 53 aeque
956 2673 135 53 primo
1046 2673 226 53 naturaliter
1227 2673 151 53 absque
1332 2673 120 53 omni
1407 2673 151 53 ordine
1513 2673 135 53 rerum
1603 2673 90 53 si
1648 2673 135 53 solus
1738 2673 135 53 pater
1814 2673 105 53 gene-

428 2719 123 72 raret
511 2719 151 72 filium,
620 2719 69 72 &
648 2719 165 72 spiraret
771 2719 165 72 spiritum
894 2719 165 72 sanctum,
1018 2719 96 72 non
1073 2719 110 72 plus
1141 2719 137 72 ordine
1237 2719 151 72 naturae
1347 2719 123 72 esset
1429 2719 151 72 praeuia
1539 2719 192 72 spirationi
1690 2719 178 72 generatio
1813 2719 96 72 sicut
