2017 3217
107 267 83 62 â‹
141 267 217 62 Nquartum,
308 267 134 62 quod
391 267 200 62 generare
541 267 83 62 &
575 267 184 62 spirare
708 267 117 62 non
775 267 284 62 distinguuntur
1009 267 267 62 naturaliter:
1225 267 83 62 &
1259 267 134 62 ideo
1342 267 117 62 nec
1409 267 167 62 habent
1509 267 117 62 ordi-

122 324 108 49 nem
183 324 186 49 naturae:
323 324 124 49 quia
400 324 124 49 ambo
477 324 124 49 sunt
555 324 93 49 in
601 324 155 49 eodem:
709 324 77 49 &
740 324 108 49 ita
802 324 124 49 idem
880 324 108 49 re:
941 324 124 49 Dico
1019 324 124 49 quod
1096 324 217 49 argumentum
1266 324 108 49 hoc
1328 324 186 49 procedit
1467 324 186 49 secundum

124 369 134 49 illos
213 369 104 49 qui
273 369 149 49 ponunt
377 369 119 49 quod
452 369 179 49 quiditas
586 369 208 49 relationis
749 369 74 49 &
779 369 208 49 distinctio
943 369 104 49 non
1003 369 104 49 est
1062 369 119 49 nisi
1137 369 89 49 in
1181 369 149 49 ordine
1286 369 74 49 &
1315 369 89 49 ex
1360 369 149 49 ordine
1464 369 89 49 ad
1494 369 134 49 alterum

121 405 87 59 ad
165 405 116 59 quod
238 405 174 59 relatiue
368 405 174 59 dicitur.
499 405 102 59 Qui
557 405 131 59 etiam
644 405 145 59 dicunt
746 405 116 59 quod
818 405 102 59 non
877 405 102 59 est
935 405 203 59 distinctio
1094 405 131 59 inter
1181 405 203 59 relationes
1341 405 218 59 disparatas:
1515 405 102 59 sed
1559 405 58 59 so

120 450 101 59 lum
177 450 130 59 inter
264 450 174 59 relatiue
395 450 203 59 oppositas:
554 450 101 59 ita
612 450 116 59 quod
684 450 87 59 si
728 450 101 59 non
785 450 232 59 consideretur
974 450 159 59 relatio
1089 450 87 59 in
1133 450 145 59 ordine
1234 450 87 59 ad
1278 450 130 59 illud
1364 450 101 59 sed
1422 450 87 59 ad
1466 450 145 59 aliud,
1553 450 72 59 non

128 496 243 61 distinguitur
325 496 91 61 ab
370 496 121 61 illo
446 496 182 61 secundum
583 496 106 61 rem
643 496 76 61 &
674 496 243 61 proprietatem
871 496 136 61 suam:
962 496 152 61 qualis
1068 496 106 61 est
1129 496 243 61 consideratio
1326 496 227 61 spirationis
1493 496 136 61 actiuae

120 541 98 61 ad
169 541 277 61 generationem:
397 541 130 61 quia
478 541 130 61 sunt
560 541 98 61 in
609 541 163 61 eodem.
723 541 114 61 Sed
788 541 179 61 ponendo
919 541 130 61 quod
1000 541 179 61 relatio
1131 541 228 61 quiditatem
1310 541 147 61 habet
1408 541 82 61 a
1424 541 196 61 fundamento

122 599 144 51 absque
222 599 202 51 operatione
381 599 187 51 rationis:
525 599 130 51 licet
611 599 101 51 non
669 599 115 51 sine
741 599 173 51 opposito
870 599 72 51 &
899 599 173 51 respectu
1029 599 86 51 ad
1072 599 144 51 illud:
1173 599 101 51 non
1230 599 173 51 procedit
1360 599 216 51 argumentum.
1533 599 115 51 quia

125 632 217 52 relationes
295 632 93 52 ad
341 632 170 52 diuersa
465 632 186 52 opposita
604 632 93 52 ex
650 632 108 52 hoc
712 632 124 52 solo
790 632 124 52 quod
867 632 93 52 in
913 632 139 52 eodem
1006 632 201 52 fundantur
1161 632 248 52 diuersimode,
1362 632 139 52 sicut
1455 632 186 52 dominium
1579 632 46 52 &

126 683 217 58 paternitas
297 683 202 58 fundantur
452 683 93 58 in
499 683 140 58 eodem
592 683 93 58 in
638 683 155 58 ordine
747 683 93 58 ad
793 683 171 58 diuersa
918 683 202 58 opposita,
1073 683 124 58 bene
1150 683 264 58 distinguuntur
1367 683 140 58 inter
1460 683 93 58 se
1507 683 93 58 vt
1538 683 93 58 dis-

127 727 170 60 parata,
250 727 124 60 quia
327 727 108 60 vna
389 727 216 60 comparatio
559 727 108 60 non
621 727 155 60 aufert
729 727 155 60 aliam.
838 727 93 60 Et
884 727 108 60 sic
946 727 139 60 licet
1039 727 93 60 in
1085 727 139 60 eodem
1178 727 124 60 sint
1255 727 201 60 generatio
1410 727 77 60 &
1441 727 201 60 spiratio:
1580 727 46 60 &

133 779 90 53 ad
178 779 165 53 diuersa
298 779 180 53 opposita
434 779 135 53 inter
524 779 105 53 se:
584 779 135 53 tamen
674 779 120 53 bene
750 779 165 53 possunt
870 779 120 53 esse
945 779 90 53 re
990 779 196 53 distincta
1141 779 226 53 naturaliter
1321 779 75 53 &
1351 779 180 53 realiter
1487 779 90 53 vt
1517 779 105 53 dispa

131 816 137 60 rata:
222 816 76 60 &
252 816 106 60 per
313 816 106 60 hoc
374 816 122 60 esse
450 816 122 60 ordo
526 816 167 60 naturae
647 816 137 60 inter
739 816 137 60 illa:
830 816 106 60 sed
891 816 106 60 non
951 816 91 60 ex
997 816 106 60 hoc
1058 816 122 60 quia
1134 816 122 60 sunt
1210 816 198 60 disparata
1362 816 76 60 &
1392 816 91 60 ad
1438 816 167 60 diuersa
1544 816 76 60 ope

121 870 180 53 posita:
252 870 115 53 sed
317 870 131 53 quia
399 870 131 53 vnum
481 870 147 53 eorum
579 870 164 53 quoquo
694 870 131 53 modo
776 870 147 53 habet
874 870 131 53 esse
956 870 98 53 ab
1005 870 180 53 altero.
1136 870 82 53 &
1169 870 115 53 per
1234 870 115 53 hoc
1300 870 164 53 habent
1414 870 164 53 quoquo
1513 870 98 53 modo

130 916 215 50 relationem
299 916 138 50 licet
391 916 215 50 innominata
560 916 138 50 inter
653 916 108 50 se:
714 916 123 50 quae
791 916 138 50 tamen
884 916 108 50 non
945 916 246 50 distinguitur
1145 916 92 50 ex
1191 916 108 50 vna
1253 916 138 50 parte
1345 916 77 50 a
1376 916 200 50 relatione
1530 916 123 50 quae

134 953 105 55 est
194 953 135 55 inter
284 953 180 55 generare
420 953 75 55 &
450 953 196 55 generari:
600 953 75 55 &
630 953 90 55 ex
675 953 120 55 alia
751 953 135 55 parte
841 953 120 55 quae
916 953 105 55 est
976 953 135 55 inter
1066 953 165 55 spirare
1187 953 75 55 &
1217 953 180 55 spirari,
1352 953 135 55 sicut
1443 953 150 55 dictum
1533 953 90 55 est.

131 999 76 59 â‹
161 999 92 59 Ad
207 999 168 59 quintum
330 999 122 59 quod
406 999 168 59 accidit
528 999 199 59 generanti
681 999 76 59 &
712 999 184 59 generato
849 999 184 59 spirare:
987 999 122 59 ergo
1064 999 122 59 ordo
1140 999 107 59 per
1201 999 184 59 accidens
1339 999 199 59 solummodo
1492 999 107 59 est
1553 999 92 59 in

123 1040 101 63 ter
180 1040 202 63 praedicta:
339 1040 72 63 &
367 1040 101 63 non
425 1040 115 63 ordo
497 1040 173 63 naturae:
627 1040 130 63 licet
713 1040 101 63 non
771 1040 101 63 est
828 1040 101 63 per
886 1040 187 63 accidens:
1030 1040 115 63 Dico
1102 1040 115 63 quod
1174 1040 101 63 tam
1231 1040 130 63 patri
1318 1040 115 63 quam
1390 1040 130 63 filio
1476 1040 101 63 non
1519 1040 101 63 acci-

135 1084 104 56 dit
195 1084 179 56 generare
329 1084 104 56 aut
388 1084 193 56 generari:
537 1084 119 56 immo
611 1084 104 56 est
671 1084 223 56 necessarium
849 1084 74 56 &
879 1084 179 56 naturale
1013 1084 179 56 secundum
1147 1084 208 56 praedicta.
1311 1084 89 56 Et
1355 1084 104 56 non
1415 1084 104 56 est
1474 1084 149 56 simile
1563 1084 60 56 de

123 1134 142 63 homine
222 1134 185 63 generante
365 1134 142 63 absque
464 1134 85 63 eo
507 1134 114 63 quod
578 1134 199 63 generatus:
735 1134 114 63 quia
806 1134 114 63 etsi
877 1134 100 63 non
934 1134 142 63 potest
1034 1134 114 63 esse
1105 1134 199 63 generatus,
1262 1134 100 63 est
1319 1134 128 63 tamen
1404 1134 157 63 creatus
1518 1134 100 63 aut
1561 1134 71 63 fa-

135 1172 122 71 ctus,
217 1172 68 71 &
244 1172 81 71 ab
284 1172 108 71 alio
352 1172 81 71 in
392 1172 108 71 esse
460 1172 189 71 productus:
609 1172 108 71 quod
676 1172 162 71 generari
798 1172 189 71 appellamus
947 1172 135 71 quoquo
1042 1172 122 71 modo.
1123 1172 81 71 Et
1163 1172 95 71 sic
1217 1172 95 71 non
1271 1172 122 71 solum
1353 1172 122 71 filio
1434 1172 81 71 in
1474 1172 149 71 diuinis
1569 1172 54 71 ne

130 1228 169 61 cessarium
260 1228 91 61 est
312 1228 117 61 prius
390 1228 156 61 generari
507 1228 78 61 si
546 1228 130 61 debeat
637 1228 156 61 spirare:
754 1228 91 61 sed
806 1228 117 61 etiam
885 1228 169 61 cuicumque
1015 1228 143 61 habenti
1119 1228 104 61 esse
1184 1228 78 61 ab
1223 1228 104 61 alio
1288 1228 143 61 necesse
1392 1228 91 61 est
1444 1228 156 61 generari
1561 1228 91 61 quo

129 1266 97 68 quo
185 1266 111 68 modo
254 1266 83 68 vt
296 1266 167 68 generet.
421 1266 180 68 Similiter
559 1266 97 68 non
615 1266 97 68 est
670 1266 139 68 simile
768 1266 83 68 de
809 1266 167 68 artifice
934 1266 69 68 &
962 1266 97 68 deo
1017 1266 139 68 patre:
1114 1266 111 68 quia
1184 1266 153 68 artifex
1295 1266 97 68 non
1350 1266 125 68 habet
1434 1266 97 68 vim
1489 1266 125 68 artis
1572 1266 83 68 ad

137 1316 215 65 producendum
309 1316 201 65 artificium
466 1316 86 65 ex
509 1316 86 65 eo
552 1316 115 65 quod
624 1316 201 65 generaret,
782 1316 129 65 sicut
868 1316 129 65 habet
953 1316 115 65 deus
1025 1316 143 65 pater.
1125 1316 172 65 secundum
1254 1316 100 65 iam
1312 1316 143 65 dicta.
1412 1316 72 65 â‹
1441 1316 115 65 Quod
1498 1316 129 65 dicitur

132 1359 137 66 primo
223 1359 182 66 arguendo
360 1359 91 66 in
405 1359 213 66 oppositum:
572 1359 121 66 quod
648 1359 137 66 inter
739 1359 182 66 mediatum
876 1359 76 66 &
906 1359 213 66 immediatum
1073 1359 228 66 necessarius
1256 1359 106 66 est
1316 1359 121 66 ordo
1392 1359 106 66 &c.
1453 1359 121 66 Dico
1529 1359 91 66 ad
1559 1359 61 66 in

135 1407 189 62 tellectum
281 1407 102 62 non
339 1407 87 62 ad
383 1407 248 62 dissolutionem
587 1407 189 62 rationis,
733 1407 117 62 quod
806 1407 87 62 in
850 1407 248 62 emanationibus
1054 1407 87 62 in
1097 1407 160 62 diuinis
1214 1407 204 62 dupliciter
1374 1407 160 62 habetur
1476 1407 146 62 mediatum

137 1457 74 56 &
167 1457 221 56 immediatum.
344 1457 103 56 Vno
402 1457 118 56 modo
476 1457 133 56 inter
565 1457 177 56 personas
697 1457 236 56 producentes,
889 1457 118 56 quia
962 1457 177 56 spiritus
1095 1457 162 56 sanctus
1213 1457 192 56 immediate
1360 1457 177 56 procedit
1493 1457 74 56 a
1522 1457 133 56 patre
1596 1457 44 56 &

139 1499 78 63 a
171 1499 157 63 filio:
280 1499 78 63 &
312 1499 141 63 etiam
406 1499 188 63 mediante
546 1499 141 63 filio
640 1499 204 63 inquantum
797 1499 110 63 vim
860 1499 219 63 spiratiuam
1032 1499 141 63 habet
1126 1499 78 63 a
1157 1499 157 63 patre.
1267 1499 94 63 de
1314 1499 110 63 quo
1376 1499 110 63 non
1439 1499 188 63 procedit
1564 1499 63 63 ar

140 1545 200 61 gumentum.
293 1545 123 61 Alio
370 1545 138 61 autem
462 1545 123 61 modo
539 1545 138 61 inter
631 1545 138 61 ipsas
723 1545 230 61 emanationes
908 1545 92 61 in
954 1545 154 61 ordine
1062 1545 92 61 ad
1108 1545 184 61 personas
1246 1545 77 61 a
1277 1545 154 61 quibus
1384 1545 200 61 procedunt
1522 1545 108 61 emana

131 1584 170 70 tiones.
254 1584 92 70 de
300 1584 108 70 qua
362 1584 216 70 mediatione
531 1584 185 70 procedit
670 1584 231 70 argumentum.
855 1584 185 70 Spiratio
994 1584 123 70 enim
1071 1584 185 70 procedit
1209 1584 77 70 a
1240 1584 139 70 patre
1333 1584 77 70 &
1364 1584 139 70 filio
1456 1584 185 70 mediante
1579 1584 62 70 ge

126 1632 215 82 neratione
292 1632 165 82 actiua
408 1632 83 82 &
441 1632 198 82 passiua.
590 1632 83 82 â‹
623 1632 132 82 Alia
705 1632 149 82 autem
805 1632 116 82 duo
871 1632 215 82 argumenta
1036 1632 132 82 bene
1119 1632 83 82 &
1152 1632 149 82 clare
1235 1632 198 82 procedunt.

412 1651 118 94 Irca
486 1651 162 94 quartum
604 1651 177 94 arguitur
736 1651 118 94 quod
810 1651 88 94 ge
854 1651 162 94 neratio
972 1651 103 94 non
1031 1651 103 94 sit
1089 1651 236 94 principalior
1281 1651 191 94 productio
1428 1651 118 94 quam
1502 1651 103 94 sit
1546 1651 88 94 spi-

400 1732 162 54 Iratio:
518 1732 103 54 sed
577 1732 147 54 potius
680 1732 221 54 econtrario,
857 1732 133 54 Primo
945 1732 118 54 sic.
1019 1732 118 54 illa
1092 1732 103 54 est
1151 1732 236 54 principalior
1343 1732 118 54 quae
1416 1732 177 54 procedit
1549 1732 74 54 a
1563 1732 74 54 po-

413 1775 151 61 tentia
519 1775 121 61 siue
594 1775 166 61 virtute
715 1775 272 61 principaliore,
941 1775 121 61 quia
1016 1775 136 61 sicut
1107 1775 91 61 se
1152 1775 136 61 habet
1243 1775 181 61 potentia
1379 1775 91 61 ad
1424 1775 196 61 potentiam
1575 1775 91 61 in

422 1817 268 65 principalitate
645 1817 74 65 &
675 1817 134 65 aliis
764 1817 268 65 conditionibus,
987 1817 104 65 sic
1047 1817 134 65 actus
1136 1817 89 65 ad
1181 1817 149 65 actum.
1285 1817 134 65 sicut
1374 1817 119 65 enim
1449 1817 134 65 visus
1523 1817 119 65 princi

414 1863 139 64 palior
511 1863 111 64 siue
581 1863 166 64 nobilior
705 1863 139 64 sensus
803 1863 111 64 est:
872 1863 97 64 sic
927 1863 69 64 &
955 1863 125 64 actus
1038 1863 111 64 eius
1108 1863 111 64 quid
1177 1863 97 64 est
1233 1863 153 64 videre,
1344 1863 166 64 nobilior
1469 1863 111 64 siue
1524 1863 111 64 princi

406 1905 139 63 palior
503 1905 125 63 actus
587 1905 181 63 sentiendi
726 1905 111 63 est,
795 1905 125 63 quare
879 1905 97 63 cum
934 1905 167 63 voluntas
1059 1905 97 63 est
1115 1905 97 63 vis
1170 1905 111 63 siue
1240 1905 167 63 potentia
1365 1905 222 63 principalior
1546 1905 111 63 quam

402 1967 228 48 tintellectus:
590 1967 107 48 quia
657 1967 161 48 dominium
778 1967 121 48 habet
858 1967 81 48 in
898 1967 121 48 nobis
979 1967 121 48 super
1060 1967 201 48 intellectum
1221 1967 81 48 vt
1261 1967 121 48 alibi
1342 1967 148 48 saepius
1436 1967 201 48 declarauimus:

145 1995 103 73 ergo
210 1995 77 73 in
248 1995 90 73 deo
300 1995 90 73 est
352 1995 116 73 actus
429 1995 181 73 voluntatis
571 1995 168 73 cuiusmodi
700 1995 90 73 est
752 1995 168 73 productio
881 1995 103 73 quae
946 1995 90 73 est
997 1995 168 73 spiratio,
1126 1995 207 73 principalior
1294 1995 90 73 est
1346 1995 103 73 quam
1410 1995 116 73 actus
1475 1995 142 73 intellect

139 2041 160 65 cuiusmodi
262 2041 86 65 est
311 2041 173 65 generatio.
447 2041 62 65 â‹
471 2041 136 65 Secundo
570 2041 99 65 sic.
632 2041 99 65 illa
693 2041 160 65 productio
817 2041 86 65 est
866 2041 197 65 principalior
1026 2041 86 65 per
1075 2041 99 65 quam
1137 2041 185 65 adipiscitur
1285 2041 111 65 maior
1359 2041 173 65 perfectio:
1494 2041 99 65 quia
1544 2041 86 65 actus

148 2085 213 73 determinantur
324 2085 88 73 per
374 2085 150 73 obiecta.
487 2085 88 73 sed
537 2085 113 73 maior
612 2085 88 73 est
663 2085 163 73 perfectio
788 2085 100 73 quae
851 2085 150 73 voluntas
963 2085 88 73 sua
1014 2085 188 73 productione
1164 2085 176 73 perficitur
1302 2085 75 73 in
1340 2085 113 73 amore
1415 2085 188 73 procedente,
1553 2085 75 73 quam

145 2132 86 78 qua
194 2132 184 78 intellectus
341 2132 171 78 perficitur
475 2132 73 78 in
512 2132 135 78 notitia
610 2132 184 78 procedente,
757 2132 98 78 quia
818 2132 86 78 per
867 2132 122 78 amorem
953 2132 110 78 amans
1026 2132 184 78 convertitur
1173 2132 73 78 in
1210 2132 135 78 amatum:
1308 2132 86 78 per
1357 2132 147 78 notitiam
1467 2132 98 78 vero
1516 2132 110 78 noscens

139 2185 118 65 solum
217 2185 144 65 cognito
322 2185 196 65 informatur,
479 2185 78 65 vt
518 2185 118 65 alibi
597 2185 222 65 declarauimus.
780 2185 105 65 ergo
845 2185 92 65 &c.
898 2185 65 65 â‹
924 2185 78 65 In
963 2185 183 65 contrarium
1107 2185 92 65 est
1159 2185 105 65 Ric.
1225 2185 92 65 cum
1277 2185 118 65 dicit
1355 2185 105 65 quod
1421 2185 131 65 filius
1499 2185 131 65 procedit

137 2230 175 67 secundum
269 2230 131 67 modum
356 2230 278 67 principaliorem,
590 2230 88 67 vt
634 2230 161 67 habitum
751 2230 102 67 est
809 2230 146 67 supra.
912 2230 175 67 Procedit
1043 2230 131 67 autem
1131 2230 175 67 secundum
1262 2230 248 67 generationem.
1467 2230 117 67 ergo
1525 2230 73 67 &c.

138 2255 93 92 â‹
176 2255 149 92 Dico
268 2255 111 92 in
324 2255 204 92 diuinis
473 2255 111 92 de
529 2255 334 92 principalitate
807 2255 149 92 esse
900 2255 260 92 sentiendum
1105 2255 167 92 sicut
1216 2255 93 92 &
1253 2255 111 92 de
1309 2255 279 92 auctoritate
1532 2255 93 92 &
1551 2255 74 92 de

142 2331 242 56 maioritate.
336 2331 129 56 haec
416 2331 129 56 enim
497 2331 210 56 fundantur
658 2331 145 56 super
755 2331 194 56 rationem
900 2331 210 56 principii
1062 2331 129 56 siue
1143 2331 226 56 primitatis
1320 2331 97 56 in
1369 2331 242 56 originando:
1562 2331 81 56 &
1578 2331 65 56 ob

139 2379 104 52 hoc
199 2379 208 52 auctoritas
362 2379 223 52 attribuitur
541 2379 134 52 patri
630 2379 178 52 respectu
764 2379 149 52 filii:
868 2379 74 52 &
898 2379 193 52 similiter
1046 2379 253 52 principalitas
1254 2379 134 52 atque
1344 2379 208 52 maioritas.
1492 2379 149 52 Principa

144 2424 129 54 litas
230 2424 129 54 autem
316 2424 215 54 auctoritas,
488 2424 72 54 &
516 2424 186 54 maioritas
660 2424 201 54 conveniunt
817 2424 100 54 deo
875 2424 172 54 respectu
1003 2424 186 54 creaturae
1147 2424 158 54 ratione
1261 2424 186 54 respectus
1405 2424 115 54 siue
1462 2424 172 54 relationis

138 2468 187 63 secundum
279 2468 203 63 rationem:
435 2468 187 63 respectu
575 2468 125 63 vero
653 2468 218 63 personarum
824 2468 203 63 diuinarum
980 2468 140 63 inter
1074 2468 94 63 se
1121 2468 109 63 deo
1183 2468 218 63 conveniunt
1354 2468 171 63 ratione
1464 2468 171 63 respectus

136 2515 172 57 realis.
261 2515 140 57 Licet
355 2515 125 57 enim
433 2515 94 57 in
480 2515 109 57 deo
542 2515 203 57 magnitudo
698 2515 109 57 non
761 2515 125 57 nisi
839 2515 234 57 substantiam
1026 2515 203 57 absolutam
1182 2515 78 57 &
1214 2515 187 57 absolute
1354 2515 234 57 significet:
1526 2515 109 57 tamen

143 2558 115 64 quod
214 2558 172 64 secundum
344 2558 172 64 Hilarium
473 2558 129 64 pater
559 2558 158 64 dicitur
674 2558 129 64 maior
760 2558 115 64 esse
831 2558 143 64 filio,
932 2558 100 64 hoc
989 2558 100 64 non
1047 2558 158 64 dicitur
1161 2558 115 64 nisi
1233 2558 158 64 ratione
1348 2558 215 64 relationis.
1506 2558 129 64 Dicitur

148 2602 131 53 enim
230 2602 197 53 secundum
377 2602 197 53 Hilarium
525 2602 82 53 &
558 2602 230 53 Damascenum
738 2602 148 53 maior
837 2602 148 53 filio
935 2602 148 53 etiam
1034 2602 115 53 non
1099 2602 181 53 habendo
1231 2602 213 53 respectum
1395 2602 98 53 ad
1428 2602 213 53 humanitatem

130 2651 154 56 filii:
237 2651 77 56 &
268 2651 107 56 hoc
329 2651 123 56 quia
406 2651 138 56 pater
498 2651 123 56 ipse
575 2651 138 56 habet
667 2651 92 56 in
713 2651 92 56 se
759 2651 107 56 vim
820 2651 246 56 principiandi
1020 2651 169 56 filium.
1143 2651 92 56 Et
1189 2651 107 56 per
1250 2651 107 56 hoc
1312 2651 138 56 etiam
1404 2651 138 56 habet
1480 2651 154 56 principa

136 2692 169 58 litatem
259 2692 77 58 &
290 2692 246 58 auctoritatem
490 2692 185 58 respectu
628 2692 154 58 filii.
736 2692 169 58 dicente
859 2692 200 58 Damasceno
1014 2692 92 58 de
1060 2692 216 58 maioritate
1229 2692 154 58 patris
1337 2692 123 58 lib.
1414 2692 154 58 primo.
1522 2692 108 58 ca.
1568 2692 77 58 ix.

135 2742 120 73 Cum
203 2742 188 73 audimus
340 2742 188 73 maiorem
477 2742 154 73 filio
580 2742 188 73 patrem,
717 2742 171 73 causam
837 2742 291 73 intelligimus.
1076 2742 120 73 vbi
1145 2742 188 73 accipit
1282 2742 240 73 Damascenus
1470 2742 154 73 nomen
1555 2742 86 73 cau
