2017 3191
106 263 152 72 actum
207 263 253 72 notionalem:
410 263 118 72 vel
477 263 169 72 saltem
595 263 101 72 vt
646 263 135 72 sine
730 263 118 72 qua
797 263 185 72 praeuia
932 263 118 72 non
1000 263 169 72 potest
1118 263 202 72 voluntas
1270 263 135 72 suum
1354 263 152 72 actum
1438 263 152 72 notiona

105 321 101 52 lem
162 321 173 52 elicere.
292 321 87 52 Et
336 321 101 52 sic
394 321 130 52 licet
480 321 173 52 respectu
610 321 188 52 vtriusque
755 321 159 52 generis
871 321 173 52 actionis
1001 321 130 52 actio
1088 321 217 52 intellectus
1261 321 145 52 semper
1362 321 202 52 necessario
1507 321 72 52 sit

111 370 170 60 praeuia
234 370 92 60 vt
280 370 139 60 causa
373 370 123 60 sine
450 370 108 60 qua
511 370 108 60 non
573 370 92 60 ad
619 370 185 60 actionem
758 370 231 60 voluntatis:
943 370 185 60 respectu
1081 370 139 60 tamen
1174 370 139 60 actus
1266 370 231 60 essentialis
1436 370 154 60 principa

111 413 116 53 lior
183 413 174 53 potentia
314 413 102 53 est
372 413 174 53 voluntas
502 413 116 53 quam
575 413 232 53 intellectus:
763 413 73 53 &
792 413 189 53 similiter
937 413 189 53 productus
1082 413 160 53 actione
1198 413 203 53 voluntatis
1358 413 116 53 quam
1416 413 160 53 productus

117 457 166 48 actione
238 457 226 48 intellectus
419 457 136 48 etiam
509 457 91 48 si
554 457 106 48 vna
615 457 166 48 illarum
735 457 211 48 procederet
901 457 91 48 ab
946 457 166 48 altera:
1067 457 91 48 eo
1112 457 121 48 quod
1188 457 226 48 intellectus
1369 457 121 48 plus
1429 457 151 48 passiuus

109 503 106 57 est
169 503 121 57 quam
245 503 166 57 actiuus
365 503 181 57 respectu
501 503 136 57 talis
591 503 151 57 actus:
697 503 181 57 voluntas
832 503 136 57 autem
923 503 121 57 pure
998 503 166 57 actiua,
1119 503 75 57 &
1149 503 106 57 hoc
1209 503 121 57 pura
1285 503 196 57 libertate
1435 503 106 57 non
1481 503 90 57 impe

118 546 91 57 tu
163 546 182 57 naturali
300 546 91 57 in
346 546 213 57 eliciendo.
512 546 182 57 Respectu
649 546 137 57 autem
740 546 137 57 actus
831 546 213 57 notionalis
998 546 243 57 principalior
1196 546 182 57 potentia
1332 546 106 57 est
1378 546 197 57 intellectus

121 592 107 56 quam
187 592 173 56 voluntas:
320 592 67 56 &
347 592 173 56 similiter
480 592 120 56 actio
560 592 186 56 notionalis
707 592 200 56 intellectus
867 592 107 56 quam
933 592 120 56 actio
1013 592 186 56 notionalis
1160 592 186 56 voluntatis
1306 592 80 56 in
1346 592 160 56 diuinis:
1466 592 80 56 eo
1506 592 107 56 quod

119 636 177 50 respectu
252 636 133 50 talis
341 636 133 50 actus
429 636 133 50 aeque
518 636 118 50 pure
592 636 133 50 actus
680 636 103 50 est
739 636 221 50 intellectus
917 636 207 50 informatus
1079 636 162 50 notitia
1197 636 177 50 simplici
1330 636 89 50 in
1374 636 162 50 diuinis
1492 636 89 50 vt
1522 636 59 50 vo

108 681 152 55 luntas
214 681 137 55 nuda.
306 681 91 55 Et
351 681 91 55 in
397 681 122 55 tali
473 681 168 55 actione
595 681 107 55 sua
656 681 76 55 a
686 681 137 55 nullo
778 681 107 55 ibi
839 681 183 55 dependet
976 681 244 55 intellectus:
1174 681 228 55 quemadmodum
1357 681 137 55 quasi
1433 681 152 55 dependet

115 730 190 49 voluntas
258 730 95 49 ab
305 730 238 49 intellectu:
496 730 158 49 maxime
606 730 174 49 ponendo
733 730 190 49 secundum
876 730 206 49 veritatem
1034 730 222 49 catholicam
1209 730 190 49 spiritum
1351 730 174 49 sanctum
1462 730 127 49 proce-

110 774 119 51 dere
185 774 104 51 non
244 774 119 51 nisi
319 774 75 51 a
349 774 179 51 concordi
483 774 194 51 voluntate
632 774 149 51 patris
737 774 75 51 &
766 774 149 51 filii:
871 774 134 51 sicut
960 774 134 51 patet
1050 774 90 51 ex
1095 774 104 51 iam
1154 774 164 51 dictis.
1274 774 90 51 In
1318 774 134 51 nobis
1408 774 134 51 autem
1483 774 104 51 etiam

116 819 196 59 respectu
263 819 147 59 actus
361 819 147 59 quasi
459 819 229 59 notionalis
639 819 115 59 quo
705 819 229 59 concipimus
885 819 164 59 verbum
999 819 115 59 per
1064 819 262 59 intellectum,
1277 819 82 59 &
1310 819 213 59 flagramus
1457 819 131 59 amorem

107 861 230 55 incentiuum
287 861 115 55 per
353 861 247 55 voluntatem,
551 861 164 55 omnino
666 861 197 55 voluntas
814 861 115 55 est
880 861 148 55 etiam
978 861 280 55 principalior:
1209 861 132 55 quia
1291 861 115 55 quo
1357 861 99 55 ad
1406 861 132 55 hunc
1472 861 115 55 actum

115 910 130 49 etiam
201 910 86 49 in
244 910 130 49 nobis
331 910 130 49 nihil
417 910 173 49 positiue
547 910 130 49 habet
634 910 173 49 voluntas
763 910 86 49 ab
807 910 202 49 intellectu
965 910 130 49 sicut
1052 910 130 49 habet
1138 910 216 49 intellectus
1311 910 72 49 a
1340 910 202 49 voluntate:
1499 910 115 49 quia

108 954 117 50 hunc
181 954 131 50 actum
269 954 219 50 intellectus
444 954 131 50 habet
531 954 175 50 voluntas
662 954 190 50 imperare,
808 954 73 50 &
837 954 87 50 ab
881 954 117 50 ipso
954 954 87 50 si
998 954 117 50 vult
1071 954 204 50 retrahere.
1260 954 87 50 Ad
1304 954 190 50 secundum:
1450 954 117 50 quod
1508 954 73 50 per

108 999 235 53 productionem
299 999 117 53 quae
373 999 103 53 est
431 999 191 53 spiratio,
578 999 132 53 maior
666 999 220 53 adipiscitur
843 999 206 53 perfectio:
1004 999 117 53 ergo
1078 999 103 53 &c.
1136 999 117 53 Dico
1210 999 117 53 quod
1283 999 88 53 in
1327 999 162 53 diuinis
1430 999 147 53 secundum

104 1050 109 55 rem
167 1050 78 55 &
198 1050 234 55 substantiam
385 1050 109 55 non
448 1050 125 55 sunt
526 1050 140 55 magis
619 1050 78 55 &
651 1050 156 55 minus:
760 1050 140 55 licet
853 1050 172 55 possunt
978 1050 125 55 esse
1056 1050 172 55 ratione
1181 1050 125 55 modi
1259 1050 250 55 perficiendi:
1462 1050 109 55 qui
1525 1050 94 55 in

114 1091 201 50 creaturis
268 1091 124 50 bene
346 1091 139 50 ponit
438 1091 170 50 maiorem
562 1091 77 50 &
593 1091 170 50 minorem
717 1091 247 50 perfectionem
918 1091 186 50 secundum
1057 1091 124 50 rem.
1134 1091 124 50 Vnde
1212 1091 93 50 in
1258 1091 170 50 diuinis
1382 1091 186 50 secundum
1506 1091 77 50 rem

109 1137 106 53 non
170 1137 106 53 est
230 1137 137 53 maior
321 1137 197 53 perfectio
473 1137 106 53 qua
534 1137 182 53 voluntas
671 1137 213 53 perficitur
838 1137 91 53 in
883 1137 152 53 amore,
990 1137 122 53 quam
1066 1137 106 53 qua
1126 1137 228 53 intellectus
1309 1137 213 53 perficitur
1476 1137 91 53 in
1506 1137 76 53 co-

115 1178 203 61 gnitione,
272 1178 94 61 vt
319 1178 188 61 procedit
459 1178 203 61 obiectio.
616 1178 125 61 Quia
694 1178 141 61 tamen
788 1178 94 61 in
835 1178 203 61 creaturis
991 1178 109 61 est
1053 1178 141 61 maior
1147 1178 203 61 persectio
1304 1178 188 61 secundum
1444 1178 109 61 rem
1507 1178 109 61 qua

110 1226 180 55 voluntas
245 1226 210 55 perficitur
410 1226 90 55 in
455 1226 150 55 amore,
561 1226 120 55 quam
636 1226 105 55 qua
696 1226 225 55 intellectus
876 1226 210 55 perficitur
1041 1226 90 55 in
1086 1226 225 55 cognitione:
1267 1226 120 55 bene
1342 1226 150 55 potest
1447 1226 90 55 in
1477 1226 105 55 diui-

102 1268 119 62 nis
170 1268 154 62 modum
273 1268 188 62 maioris
409 1268 273 62 perfectionis
631 1268 205 62 secundum
784 1268 205 62 rationem
938 1268 273 62 intelligendi
1160 1268 171 62 habere
1279 1268 205 62 voluntas
1432 1268 102 62 in
1484 1268 136 62 amo-

113 1316 96 57 re
161 1316 128 57 quam
241 1316 240 57 intellectus
433 1316 96 57 in
481 1316 240 57 cognitione.
673 1316 96 57 Et
721 1316 112 57 est
785 1316 272 57 distinguendum
1008 1316 96 57 de
1056 1316 144 57 amore
1152 1316 80 57 &
1184 1316 240 57 cognitione:
1376 1316 128 57 quia
1440 1316 144 57 possunt

109 1360 247 44 considerari
306 1360 99 44 in
356 1360 165 44 ordine
471 1360 99 44 ad
521 1360 198 44 terminum
669 1360 132 44 siue
751 1360 198 44 obiectum
900 1360 165 44 amatum
1015 1360 115 44 aut
1081 1360 214 44 cognitum:
1246 1360 82 44 &
1279 1360 99 44 in
1328 1360 165 44 ordine
1444 1360 99 44 ad
1477 1360 115 44 prin-

104 1402 154 66 cipium
211 1402 215 66 elicitiuum
380 1402 123 66 quod
457 1402 108 66 est
519 1402 138 66 amans
611 1402 77 66 &
642 1402 246 66 intelligens.
841 1402 108 66 Est
903 1402 138 66 etiam
995 1402 231 66 aduertendum
1179 1402 123 66 quod
1256 1402 138 66 circa
1348 1402 215 66 adeptionem
1502 1402 77 66 per

111 1447 191 59 fectionis
258 1447 103 59 duo
317 1447 265 59 considerantur,
538 1447 176 59 scilicet
670 1447 118 59 ipsa
744 1447 191 59 perfectio
891 1447 191 59 adeptiua,
1038 1447 118 59 quae
1111 1447 103 59 per
1170 1447 88 59 se
1214 1447 176 59 respicit
1347 1447 162 59 ordinem
1464 1447 88 59 ad
1494 1447 88 59 ter-

107 1498 156 46 minum:
217 1498 78 46 &
248 1498 141 46 modus
342 1498 235 46 adipiscendi
529 1498 156 46 illam:
639 1498 109 46 qui
701 1498 109 46 per
764 1498 94 46 se
811 1498 188 46 respicit
952 1498 219 46 elicitiuum
1124 1498 235 46 principium.
1311 1498 141 46 Licet
1405 1498 125 46 ergo
1468 1498 109 46 quana

101 1540 106 64 tum
162 1540 106 64 est
222 1540 91 64 de
268 1540 167 64 ratione
390 1540 243 64 perfectionis
587 1540 167 64 adeptae
709 1540 137 64 maior
800 1540 198 64 perfectio
952 1540 228 64 adipiscatur
1135 1540 106 64 per
1196 1540 243 64 productionem
1393 1540 152 64 amoris
1500 1540 122 64 quam

103 1587 234 59 cognitionis:
294 1587 88 59 eo
337 1587 117 59 quod
411 1587 132 59 magis
498 1587 205 59 perficitur
659 1587 176 59 voluntas
791 1587 102 59 per
850 1587 146 59 amorem
952 1587 190 59 productum
1098 1587 88 59 in
1142 1587 117 59 ipsa
1215 1587 117 59 quam
1288 1587 219 59 intellectus
1464 1587 102 59 per
1508 1587 73 59 co-

110 1631 208 62 gnitionem
270 1631 208 62 productam
429 1631 96 62 in
477 1631 144 62 illo,
573 1631 96 62 vt
621 1631 192 62 procedit
765 1631 208 62 obiectio:
924 1631 176 62 quantum
1052 1631 144 62 tamen
1148 1631 112 62 est
1212 1631 96 62 de
1260 1631 176 62 ratione
1387 1631 128 62 modi
1451 1631 128 62 adipi-

111 1679 145 58 icendi
213 1679 131 58 illam
300 1679 247 58 perfectionem,
504 1679 218 58 perfectiori
678 1679 116 58 modo
750 1679 174 58 adipisci
881 1679 145 58 potest
983 1679 189 58 perfectio
1128 1679 218 58 cognitionis
1302 1679 87 58 in
1346 1679 203 58 intellectu
1491 1679 87 58 quam

112 1722 158 46 amoris
223 1722 95 46 in
270 1722 221 46 voluntate.
443 1722 95 46 Et
490 1722 110 46 hoc
553 1722 110 46 vbi
616 1722 95 46 in
664 1722 205 46 eliciendo
821 1722 126 46 suam
900 1722 189 46 actionem
1042 1722 110 46 qua
1105 1722 236 46 adipiscitur
1294 1722 110 46 sua
1357 1722 221 46 perfectio,
1514 1722 79 46 mi-

111 1766 106 60 nus
171 1766 181 60 dependet
307 1766 90 60 ab
352 1766 121 60 alio
427 1766 226 60 intellectus
608 1766 121 60 quam
684 1766 196 60 voluntas.
834 1766 121 60 Nunc
910 1766 136 60 autem
1000 1766 106 60 ita
1060 1766 106 60 est
1121 1766 90 60 in
1166 1766 196 60 proposito
1317 1766 121 60 quod
1392 1766 136 60 licet
1467 1766 121 60 volun-

113 1814 106 54 tas
173 1814 91 54 in
219 1814 106 54 sua
279 1814 166 54 actione
400 1814 211 54 essentiali
566 1814 106 54 qua
626 1814 227 54 adipiscitur
808 1814 242 54 perfectionem
1004 1814 181 54 secundum
1140 1814 151 54 amorem
1246 1814 242 54 essentialem,
1442 1814 136 54 minus
1517 1814 76 54 de-

106 1855 144 63 pendet
206 1855 86 63 ab
250 1855 115 63 alio
322 1855 115 63 quam
394 1855 216 63 intellectus
567 1855 86 63 in
610 1855 101 63 sua
668 1855 159 63 actione
783 1855 202 63 essentiali
941 1855 101 63 qua
999 1855 216 63 adipiscitur
1172 1855 231 63 perfectionem
1359 1855 173 63 secundum
1475 1855 115 63 cogni-

113 1906 152 55 tionem
219 1906 243 55 essentialem:
416 1906 91 55 eo
462 1906 121 55 quod
538 1906 228 55 intellectus
720 1906 106 55 non
780 1906 152 55 elicit
886 1906 137 55 illam
977 1906 182 55 actionem
1114 1906 121 55 nisi
1190 1906 152 55 passus
1296 1906 91 55 ab
1341 1906 182 55 obiecto:
1463 1906 121 55 volun-

108 1945 121 48 tas
177 1945 155 48 autem
280 1945 121 48 eam
349 1945 173 48 elicit
470 1945 121 48 non
539 1945 155 48 passa
643 1945 190 48 omnino:
781 1945 86 48 &
815 1945 121 48 sic
884 1945 242 48 comparando
1074 1945 259 48 intellectum
1281 1945 86 48 &
1316 1945 242 48 voluntatem
1506 1945 121 48 in-

114 1988 102 66 ter
173 1988 88 66 se
217 1988 176 66 secundum
349 1988 234 66 perfectionem
539 1988 176 66 respectu
671 1988 220 66 essentialis
846 1988 146 66 amoris
949 1988 73 66 &
978 1988 220 66 cognitionis
1154 1988 176 66 secundum
1286 1988 176 66 vtrunque
1417 1988 176 66 dictorum
1534 1988 59 66 or

115 2039 153 60 dinum,
222 2039 76 60 &
252 2039 168 60 ratione
375 2039 153 60 ipsius
482 2039 245 60 perfectionis
680 2039 183 60 adeptae,
818 2039 76 60 &
848 2039 138 60 etiam
940 2039 168 60 ratione
1062 2039 122 60 modi
1139 2039 229 60 adipiscendi
1322 2039 153 60 illam,
1414 2039 168 60 principa-

114 2080 119 67 lior
189 2080 104 67 est
248 2080 134 67 actio
337 2080 208 67 voluntatis
501 2080 104 67 qua
560 2080 223 67 adipiscitur
739 2080 193 67 perfectio
888 2080 119 67 eius
962 2080 179 67 secundum
1096 2080 164 67 amorem:
1215 2080 119 67 quam
1289 2080 223 67 intellectus
1468 2080 104 67 qua
1527 2080 89 67 ac

107 2128 207 60 quiritur
262 2128 224 60 persectio
434 2128 138 60 eius
520 2128 207 60 secundum
675 2128 275 60 cognitionem:
899 2128 207 60 Voluntas
1053 2128 155 60 tamen
1157 2128 103 60 in
1208 2128 120 60 sua
1277 2128 189 60 actione
1398 2128 189 60 notionali

118 2170 115 67 qua
183 2170 246 67 adipiscitur
380 2170 262 67 persectionem
593 2170 197 67 secundum
741 2170 164 67 amorem
856 2170 246 67 notionalem,
1053 2170 148 67 magis
1151 2170 197 67 dependet
1299 2170 98 67 ab
1348 2170 131 67 alio
1430 2170 131 67 quam
1512 2170 115 67 in-

116 2228 212 49 tellectus
278 2228 98 49 in
327 2228 114 49 sua
392 2228 179 49 actione
522 2228 212 49 notionali
685 2228 114 49 qua
750 2228 244 49 adipiscitur
945 2228 260 49 persectionem
1157 2228 195 49 secundum
1303 2228 244 49 cognitionem
1499 2228 114 49 no-

114 2260 189 62 tionalem:
260 2260 87 62 eo
303 2260 116 62 quod
376 2260 218 62 intellectus
550 2260 145 62 elicit
652 2260 131 62 illam
739 2260 174 62 actionem
870 2260 116 62 pure
942 2260 145 62 actiue
1044 2260 145 62 absque
1145 2260 116 62 omni
1218 2260 116 62 alia
1291 2260 160 62 actione
1407 2260 174 62 praeuia.
1523 2260 58 62 Vo

108 2308 152 54 luntas
214 2308 137 54 autem
305 2308 122 54 etsi
381 2308 137 54 illam
472 2308 152 54 elicit
579 2308 122 54 pure
655 2308 167 54 actiue,
776 2308 106 54 non
837 2308 137 54 tamen
928 2308 122 54 sine
1004 2308 167 54 actione
1125 2308 197 54 notionali
1277 2308 228 54 intellectus
1444 2308 137 54 praeuia

110 2356 94 56 vt
157 2356 157 56 dictum
267 2356 110 56 est
330 2356 126 56 iam.
409 2356 94 56 Et
456 2356 126 56 ideo
535 2356 220 56 comparando
708 2356 236 56 intellectum
896 2356 79 56 &
928 2356 220 56 voluntatem
1101 2356 141 56 inter
1195 2356 94 56 se
1242 2356 189 56 secundum
1368 2356 220 56 perfectionem

108 2405 197 54 notionalis
263 2405 141 54 amoris
362 2405 71 54 &
390 2405 226 54 cognitionis,
573 2405 127 54 licet
658 2405 155 54 ratione
771 2405 113 54 modi
841 2405 141 54 ipsius
940 2405 226 54 perfectionis
1124 2405 155 54 adeptae
1236 2405 226 54 principalior
1420 2405 127 54 esset
1490 2405 99 54 actio

104 2443 205 58 notionalis
265 2443 205 58 voluntatis
426 2443 117 58 quam
499 2443 234 58 intellectus:
689 2443 132 58 Modus
777 2443 117 58 enim
850 2443 102 58 est
908 2443 161 58 maioris
1025 2443 234 58 perfectionis
1216 2443 88 58 in
1259 2443 102 58 deo
1318 2443 175 58 diligere
1449 2443 88 58 se
1493 2443 117 58 quam

119 2493 205 56 cognoscere
281 2493 88 56 se
325 2493 103 56 cum
384 2493 191 56 notionali
530 2493 205 56 dilectione
692 2493 73 56 &
721 2493 205 56 cognitione
883 2493 117 56 quam
956 2493 220 56 essentiali:
1132 2493 161 56 ratione
1249 2493 132 56 tamen
1337 2493 117 56 modi
1396 2493 191 56 adipiscendi

107 2534 254 60 perfectionem,
316 2534 239 60 principalior
510 2534 105 60 est
570 2534 134 60 actio
660 2534 209 60 notionalis
824 2534 224 60 intellectus
1003 2534 120 60 quam
1078 2534 224 60 voluntatis.
1257 2534 134 60 Modus
1347 2534 120 60 enim
1407 2534 179 60 perfectior

110 2586 106 52 est
170 2586 196 52 eliciendi
321 2586 136 52 actum
412 2586 211 52 notionalem
578 2586 227 52 intellectus
759 2586 151 52 absque
865 2586 121 52 omni
941 2586 227 52 dependentia
1122 2586 91 52 ad
1167 2586 181 52 actionem
1303 2586 196 52 alterius,
1454 2586 121 52 quam
1514 2586 76 52 sit

113 2632 128 51 modus
198 2632 185 51 eliciendi
340 2632 128 51 actum
426 2632 199 51 notionalem
582 2632 199 51 voluntatis
739 2632 100 51 cum
796 2632 213 51 dependentia
966 2632 100 51 vel
1023 2632 128 51 quasi
1109 2632 85 51 ad
1151 2632 171 51 actionem
1279 2632 228 51 intellectus.
1464 2632 85 51 Et
1493 2632 85 51 haec

122 2668 86 53 est
171 2668 160 53 perfectio
294 2668 99 53 quae
356 2668 86 53 per
405 2668 74 53 se
442 2668 148 53 respicit
554 2668 111 53 ipsum
628 2668 123 53 actum:
714 2668 99 53 quia
776 2668 86 53 per
825 2668 74 53 se
862 2668 86 53 est
911 2668 111 53 circa
985 2668 123 53 ipsum.
1072 2668 173 53 Praecedens
1207 2668 111 53 autem
1282 2668 160 53 perfectio
1405 2668 148 53 respicit
1504 2668 86 53 ipsum

112 2722 97 65 per
168 2722 181 65 accidens:
307 2722 111 65 quia
376 2722 97 65 non
432 2722 97 65 est
488 2722 97 65 per
543 2722 83 65 se
585 2722 111 65 nisi
654 2722 125 65 circa
738 2722 181 65 subiectum
877 2722 181 65 actionis.
1016 2722 153 65 Propter
1127 2722 111 65 quod
1197 2722 181 65 loquaendo
1336 2722 83 65 de
1364 2722 222 65 principalitate
