2017 3260
430 265 133 69 tione
519 265 178 69 alicuius
652 265 193 69 absoluti,
800 265 133 69 sicut
889 265 133 69 neque
978 265 207 69 auctoritas
1141 265 104 69 aut
1200 265 207 69 maioritas:
1363 265 104 69 sed
1422 265 193 69 solummodo
1570 265 163 69 ratione
1689 265 193 69 respectus
1837 265 74 69 &
1852 265 59 69 or

432 318 138 60 dinis
524 318 92 60 in
570 318 246 60 principiando
770 318 138 60 vnius
862 318 138 60 eorum
954 318 92 60 ad
1000 318 169 60 alterum
1123 318 138 60 inter
1215 318 123 60 quae
1292 318 108 60 vel
1353 318 123 60 quos
1430 318 108 60 sit
1491 318 230 60 comparatio.
1676 318 138 60 Sicut
1768 318 123 60 enim
1829 318 77 60 ge-

447 367 167 55 neratio
568 367 243 55 principalior
766 367 167 55 dicitur
887 367 213 55 productio:
1054 367 121 55 quia
1130 367 182 55 secundum
1266 367 197 55 praedicta
1418 367 182 55 spiratio
1555 367 152 55 quoquo
1661 367 121 55 modo
1737 367 137 55 habet
1813 367 91 55 esse

443 409 68 54 &
471 409 177 54 originari
607 409 68 54 a
634 409 218 54 generatione:
811 409 95 54 sic
866 409 123 54 pater
947 409 163 54 dicendus
1070 409 95 54 est
1125 409 218 54 principalius
1302 409 163 54 spirare:
1424 409 109 54 quia
1492 409 109 54 quod
1560 409 136 54 filius
1656 409 150 54 spirat,
1765 409 123 54 habet
1833 409 68 54 fi-

448 462 118 47 lius
522 462 74 47 a
551 462 132 47 patre
639 462 103 47 per
698 462 250 47 generationem:
904 462 88 47 vt
948 462 132 47 patet
1036 462 88 47 ex
1081 462 221 47 praedictis.
1257 462 118 47 Vnde
1331 462 103 47 nec
1389 462 162 47 ratione
1507 462 132 47 actus
1595 462 176 47 eliciti,
1728 462 103 47 nec
1772 462 132 47 ratione

451 503 118 55 modi
525 503 207 55 eliciendi,
687 503 103 55 nec
747 503 162 55 ratione
865 503 177 55 virtutis
998 503 207 55 elicitiuae
1160 503 133 55 pater
1249 503 148 55 spirat
1352 503 266 55 principaliter:
1573 503 103 55 sed
1632 503 192 55 solummodo
1780 503 118 55 quia
1839 503 74 55 vim

441 549 178 67 spirandi
575 549 133 67 habet
664 549 148 67 filius
767 549 74 67 a
797 549 148 67 patre:
901 549 119 67 quam
975 549 133 67 pater
1064 549 133 67 habet
1153 549 89 67 ex
1197 549 104 67 se,
1257 549 178 67 secundum
1390 549 119 67 quod
1464 549 178 67 procedit
1597 549 148 67 vltima
1686 549 119 67 ratio.

446 631 92 68 â‹
482 631 111 68 Ad
538 631 185 68 primum
667 631 111 68 in
723 631 240 68 oppositum
907 631 148 68 quod
1000 631 111 68 in
1055 631 203 68 diuinis
1203 631 129 68 non
1277 631 148 68 sunt
1369 631 203 68 gradus:
1517 631 166 68 quare
1628 631 129 68 nec
1683 631 222 68 comparatio

445 691 120 57 quae
520 691 210 57 importatur
685 691 105 57 per
745 691 90 57 le
790 691 255 57 principalius:
1001 691 120 57 quia
1076 691 105 57 non
1136 691 105 57 est
1196 691 210 57 comparatio
1361 691 120 57 sine
1436 691 150 57 gradu:
1541 691 120 57 Dico
1617 691 120 57 quod
1692 691 180 57 secundum
1812 691 105 57 gran-

444 741 167 51 maticos
565 741 167 51 triplex
687 741 106 51 est
747 741 228 51 comparatio.
930 741 167 51 Quaedam
1051 741 121 51 voce
1127 741 167 51 tantum,
1248 741 76 51 &
1279 741 106 51 non
1339 741 288 51 significatione,
1582 741 91 51 vt
1628 741 152 51 nouusi
1734 741 167 51 nouiori
1840 741 61 51 no

441 783 209 54 uissimus.
602 783 161 54 Quadam
714 783 289 54 significatione
955 783 177 54 tantum,
1084 783 80 54 &
1116 783 112 54 non
1180 783 145 54 voce:
1276 783 96 54 vt
1325 783 161 54 bonus:
1437 783 161 54 melior
1550 783 193 54 optimus.
1694 783 177 54 Quaedam
1807 783 96 54 vtro

438 826 129 61 quod,
524 826 86 61 vt
567 826 129 61 albus
653 826 144 61 albior
753 826 215 61 albissimus.
926 826 86 61 De
969 826 115 61 illa
1040 826 129 61 autem
1127 826 258 61 significatione
1342 826 86 61 in
1385 826 100 61 qua
1442 826 115 61 idem
1514 826 215 61 significant
1686 826 187 61 positiuum
1830 826 72 61 &
1844 826 72 61 con

455 871 200 69 paratiuum
608 871 123 69 siue
685 871 108 69 hoc
747 871 108 69 sit
808 871 123 69 voce
885 871 123 69 siue
962 871 123 69 non,
1039 871 277 69 distinguendum:
1270 871 123 69 quia
1347 871 108 69 aut
1408 871 169 69 diuersi
1531 871 154 69 gradus
1639 871 262 69 comparationis
1839 871 77 69 si-

438 920 206 61 gnificant
597 920 158 61 eandem
707 920 111 61 rem
771 920 285 61 diuersificatam
1008 920 190 61 secundum
1151 920 174 61 numerum
1278 920 143 61 circa
1373 920 206 61 diuersos:
1531 920 111 61 aut
1594 920 158 61 eandem
1705 920 190 61 penitus:
1832 920 79 61 cir

435 970 100 58 ca
485 970 184 58 eundem.
619 970 234 58 Comparatio
803 970 150 58 primo
903 970 134 58 modo
986 970 200 58 importat
1137 970 184 58 eiusdem
1270 970 117 58 rei
1337 970 251 58 communionem
1538 970 200 58 secundum
1688 970 167 58 gradus
1805 970 84 58 &
1821 970 84 58 se-

439 1015 164 57 cundum
554 1015 148 57 magis
652 1015 82 57 &
685 1015 164 57 minus.
800 1015 148 57 Dicit
899 1015 131 57 enim
981 1015 99 57 de
1030 1015 131 57 tali
1112 1015 263 57 comparatione
1326 1015 197 57 Remigius
1473 1015 148 57 super
1572 1015 197 57 Donatum.
1720 1015 115 57 Sic
1769 1015 148 57 dicitur

441 1056 131 69 autem
529 1056 204 69 comparatio
690 1056 131 69 quasi
777 1056 234 69 assimilatio:
967 1056 88 69 eo
1011 1056 117 69 quod
1084 1056 219 69 assimilando
1259 1056 117 69 vnum
1332 1056 146 69 alteri
1434 1056 175 69 praefert
1565 1056 146 69 instar
1667 1056 175 69 pulpiti.
1799 1056 73 69 &
1813 1056 88 69 dici

445 1107 107 56 tur
506 1107 198 56 positiuus
658 1107 167 56 gradus.
780 1107 244 56 Comparatiuus
978 1107 137 56 autem
1069 1107 91 56 eo
1115 1107 122 56 quod
1191 1107 122 56 plus
1267 1107 213 56 significat
1434 1107 198 56 positiuo,
1586 1107 244 56 superlatiuum
1769 1107 137 56 dicitur

440 1151 287 59 superexcellens.
682 1151 121 59 suum
757 1151 121 59 enim
833 1151 181 59 excellit
969 1151 257 59 comparatiuum.
1180 1151 91 59 Et
1225 1151 121 59 quia
1301 1151 91 59 in
1346 1151 106 59 deo
1407 1151 106 59 non
1467 1151 106 59 est
1527 1151 166 59 aliquid
1648 1151 121 59 vnum
1724 1151 121 59 quod
1784 1151 121 59 conue-

434 1192 118 67 niat
508 1192 177 67 pluribus
641 1192 177 67 secundum
773 1192 133 67 plus,
862 1192 74 67 &
891 1192 177 67 secundum
1024 1192 265 67 superexcellens
1245 1192 88 67 in
1289 1192 118 67 vno:
1363 1192 118 67 ideo
1436 1192 133 67 talis
1525 1192 206 67 comperatio
1687 1192 103 67 non
1746 1192 103 67 est
1805 1192 88 67 in
1834 1192 74 67 deo

444 1240 145 64 aliquo
545 1240 130 64 modo:
632 1240 116 64 quia
704 1240 130 64 talis
791 1240 203 64 comparatio
950 1240 174 64 requirit
1080 1240 116 64 quod
1153 1240 87 64 id
1196 1240 87 64 in
1240 1240 101 64 quo
1298 1240 101 64 sit
1355 1240 217 64 comparatio,
1529 1240 101 64 sit
1587 1240 87 64 in
1630 1240 145 64 aliquo
1732 1240 101 64 vno
1775 1240 145 64 simplici

438 1300 119 51 ter:
512 1300 74 51 &
542 1300 178 51 secundum
676 1300 119 51 plus
750 1300 89 51 in
795 1300 134 51 alio,
884 1300 74 51 &
914 1300 297 51 superexcellenter
1166 1300 89 51 in
1211 1300 163 51 tertio,
1330 1300 134 51 prout
1419 1300 89 51 de
1463 1300 149 51 tribus
1567 1300 193 51 hominibus
1716 1300 163 51 dicitur
1820 1300 89 51 iste

450 1334 139 60 primus
547 1334 97 60 est
603 1334 153 60 doctus,
714 1334 111 60 iste
783 1334 167 60 secundus
908 1334 97 60 est
964 1334 167 60 doctior,
1089 1334 125 60 idest
1172 1334 125 60 magis
1255 1334 139 60 doctus
1353 1334 111 60 quam
1422 1334 153 60 primus,
1533 1334 111 60 ille
1603 1334 153 60 tertius
1714 1334 97 60 est
1755 1334 153 60 doctissi-

435 1382 109 56 mus
498 1382 140 56 idest
591 1382 233 56 excellenter
778 1382 156 56 doctus
886 1382 140 56 super
980 1382 187 56 secundum
1120 1382 78 56 &
1151 1382 140 56 super
1244 1382 171 56 primum.
1369 1382 93 56 Et
1415 1382 156 56 semper
1524 1382 93 56 in
1571 1382 124 56 tali
1649 1382 249 56 comparatione
1835 1382 78 56 si-

441 1427 105 61 cut
501 1427 240 61 comparatiuum
696 1427 135 61 dicit
786 1427 90 61 in
831 1427 105 61 vno
891 1427 165 61 aliquid
1011 1427 135 61 magis
1101 1427 150 61 illius
1206 1427 105 61 rei
1266 1427 90 61 in
1311 1427 105 61 qua
1371 1427 105 61 sit
1431 1427 225 61 comparatio:
1611 1427 105 61 sic
1671 1427 195 61 positiuum
1806 1427 105 61 dicit

442 1474 131 57 minus
530 1474 161 57 eiusdem
647 1474 102 57 rei
705 1474 88 57 in
749 1474 131 57 alio:
837 1474 88 57 vt
881 1474 88 57 si
925 1474 161 57 doctior
1041 1474 102 57 est
1100 1474 131 57 magis
1188 1474 161 57 doctus,
1304 1474 219 57 simpliciter
1480 1474 146 57 doctus
1582 1474 175 57 respectu
1713 1474 131 57 cuius
1801 1474 117 57 ille
1860 1474 58 57 di

438 1522 122 64 citur
520 1522 163 64 doctior,
642 1522 95 64 est
696 1522 122 64 minus
777 1522 149 64 doctus:
886 1522 68 64 &
913 1522 81 64 si
954 1522 203 64 doctissimus
1116 1522 95 64 est
1171 1522 122 64 magis
1252 1522 81 64 in
1293 1522 203 64 excellentia
1455 1522 149 64 doctus,
1564 1522 136 64 doctus
1659 1522 203 64 simpliciter
1822 1522 68 64 &
1835 1522 68 64 si-

437 1565 164 59 militer
556 1565 134 59 magis
646 1565 149 59 doctus
750 1565 179 59 respectu
885 1565 149 59 quorum
989 1565 119 59 ille
1064 1565 164 59 dicitur
1183 1565 239 59 doctissimus,
1377 1565 164 59 vterque
1496 1565 164 59 illorum
1616 1565 179 59 respectu
1750 1565 149 59 illius
1839 1565 75 59 est

432 1615 129 62 minus
518 1615 158 62 doctus.
633 1615 86 62 De
676 1615 115 62 tali
748 1615 129 62 autem
834 1615 230 62 comparatione
1021 1615 129 62 verum
1108 1615 101 62 est
1165 1615 115 62 quod
1237 1615 101 62 non
1295 1615 101 62 est
1352 1615 115 62 sine
1424 1615 144 62 gradu,
1525 1615 101 62 nec
1582 1615 101 62 est
1640 1615 129 62 inter
1726 1615 144 62 aliqua
1827 1615 115 62 quae

432 1666 117 59 sunt
505 1666 88 59 in
549 1666 175 59 diuinis:
681 1666 73 59 &
710 1666 117 59 ideo
783 1666 102 59 nec
842 1666 132 59 talis
929 1666 219 59 comparatio,
1105 1666 88 59 vt
1149 1666 146 59 dictum
1251 1666 117 59 est,
1324 1666 102 59 est
1383 1666 132 59 inter
1470 1666 175 59 personas
1602 1666 175 59 diuinas.
1734 1666 102 59 Nec
1777 1666 132 59 idcirco

431 1710 188 60 secundum
572 1710 141 60 talem
666 1710 266 60 comparationem
885 1710 172 60 dicitur
1010 1710 172 60 aliquid
1135 1710 250 60 principalius
1339 1710 125 60 alio
1417 1710 94 60 in
1464 1710 188 60 diuinis,
1605 1710 125 60 puta
1683 1710 110 60 nec
1730 1710 172 60 generatio

444 1752 231 63 principalior
631 1752 173 63 emanatio
762 1752 116 63 quam
834 1752 101 63 sit
892 1752 188 63 spiratio:
1036 1752 116 63 quia
1108 1752 145 63 aliter
1210 1752 173 63 spiratio
1340 1752 159 63 dicenda
1455 1752 130 63 esset
1542 1752 101 63 non
1600 1752 130 63 solum
1687 1752 101 63 non
1730 1752 188 63 principalis

444 1800 173 62 spiratio:
577 1800 93 62 sed
630 1800 120 62 minus
710 1800 200 62 principalis
871 1800 107 62 quam
937 1800 187 62 generatio:
1084 1800 67 62 &
1111 1800 93 62 sic
1164 1800 147 62 eiusdem
1271 1800 160 62 rationis
1391 1800 120 62 esset
1471 1800 147 62 vtraque
1578 1800 160 62 emanatio
1698 1800 173 62 differens
1818 1800 93 62 solum

435 1845 170 56 secundum
562 1845 127 56 magis
647 1845 71 56 &
675 1845 141 56 minus,
774 1845 113 56 quod
845 1845 141 56 falsum
943 1845 113 56 est.
1014 1845 99 56 Nec
1071 1845 184 56 similiter
1212 1845 155 56 dicitur
1325 1845 127 56 pater
1410 1845 226 56 principalius
1593 1845 155 56 spirare
1706 1845 113 56 quam
1777 1845 155 56 filius:

437 1897 116 58 quia
509 1897 145 58 aliter
610 1897 145 58 filius
711 1897 174 58 dicendus
842 1897 101 58 est
899 1897 101 58 non
957 1897 130 58 solum
1044 1897 101 58 non
1102 1897 246 58 principaliter
1304 1897 174 58 spirare:
1435 1897 101 58 sed
1493 1897 130 58 minus
1579 1897 246 58 principaliter
1782 1897 116 58 quam
1840 1897 72 58 pa-

447 1939 117 62 ter:
520 1939 73 62 &
550 1939 131 62 esset
637 1939 117 62 illa
710 1939 131 62 ratio
798 1939 102 62 qua
856 1939 117 62 ambo
929 1939 175 62 spirant,
1061 1939 190 62 differens
1207 1939 175 62 secundum
1338 1939 131 62 magis
1426 1939 73 62 &
1455 1939 146 62 minus,
1557 1939 88 62 vt
1601 1939 117 62 vnus
1674 1939 73 62 &
1704 1939 131 62 alter
1777 1939 131 62 spirant

436 1982 172 64 secundum
565 1982 115 64 eam:
636 1982 115 64 quod
708 1982 129 64 totum
794 1982 143 64 falsum
895 1982 115 64 est.
966 1982 186 64 Similiter
1110 1982 115 64 quia
1182 1982 86 64 in
1225 1982 158 64 diuinis
1339 1982 172 64 spiratio
1468 1982 129 64 nullo
1554 1982 115 64 modo
1626 1982 158 64 dicitur
1727 1982 186 64 principalis

431 2037 176 55 emanatio
564 2037 118 55 siue
637 2037 206 55 productio:
799 2037 103 55 nec
858 2037 132 55 etiam
946 2037 132 55 minus
1034 2037 220 55 principalis
1210 2037 118 55 quam
1284 2037 103 55 sit
1343 2037 206 55 generatio:
1504 2037 103 55 sed
1563 2037 191 55 solummodo
1710 2037 162 55 dicitur
1828 2037 103 55 non

437 2077 222 57 principalis
615 2077 208 57 productio:
778 2077 237 57 consimiliter
971 2077 148 57 filius
1075 2077 133 57 nullo
1164 2077 119 57 modo
1238 2077 163 57 dicitur
1356 2077 252 57 principaliter
1564 2077 178 57 spirare:
1697 2077 104 57 nec
1757 2077 133 57 etiam
1831 2077 74 57 mi-

444 2122 96 60 nus
499 2122 234 60 principaliter
692 2122 151 60 spirare
802 2122 110 60 quam
871 2122 165 60 spiraret
995 2122 138 60 pater:
1091 2122 96 60 sed
1146 2122 179 60 solummodo
1284 2122 151 60 dicitur
1394 2122 96 60 non
1449 2122 234 60 principaliter
1642 2122 165 60 spirare.
1765 2122 83 60 Et
1807 2122 96 60 sic
1848 2122 55 60 in

450 2173 195 43 proposito
600 2173 150 43 gradus
705 2173 255 43 comparationis
916 2173 135 43 inter
1006 2173 255 43 principaliter
1216 2173 75 43 &
1246 2173 240 43 principalius
1441 2173 90 43 in
1486 2173 165 43 diuinis
1607 2173 105 43 non
1667 2173 225 43 significant
1832 2173 75 43 ean

445 2212 112 52 dem
509 2212 112 52 rem
573 2212 287 52 diuersificatam
812 2212 143 52 circa
907 2212 191 52 diuersos
1051 2212 191 52 secundum
1194 2212 159 52 dictum
1306 2212 159 52 modum,
1417 2212 112 52 sed
1481 2212 159 52 eandem
1592 2212 191 52 penitus,
1736 2212 80 52 &
1768 2212 96 52 vt
1799 2212 112 52 circa

448 2262 255 63 generationem
655 2262 80 63 &
687 2262 239 63 spirationem
878 2262 159 63 quando
989 2262 207 63 generatio
1149 2262 175 63 dicitur
1276 2262 127 63 esse
1356 2262 255 63 principalior
1563 2262 191 63 emanatio
1706 2262 191 63 respectu
1833 2262 80 63 spi

450 2305 185 49 rationis:
592 2305 100 49 vel
649 2305 128 49 circa
735 2305 214 49 spirationem
906 2305 143 49 quando
1006 2305 128 49 pater
1092 2305 157 49 dicitur
1206 2305 228 49 principalius
1391 2305 157 49 spirare
1506 2305 114 49 quam
1577 2305 157 49 filius.
1691 2305 114 49 Vnde
1748 2305 157 49 principa-

439 2354 98 62 lis
495 2354 70 62 &
523 2354 223 62 principalior
704 2354 182 62 productio
844 2354 84 62 in
886 2354 154 62 diuinis
997 2354 98 62 non
1053 2354 154 62 dicitur
1165 2354 112 62 nisi
1235 2354 195 62 generatio:
1388 2354 182 62 similiter
1528 2354 209 62 principalis
1696 2354 70 62 &
1710 2354 195 62 principalior

443 2399 178 62 spirator
576 2399 118 62 siue
650 2399 252 62 principaliter
857 2399 74 62 &
887 2399 237 62 principalius
1079 2399 163 62 spirare
1198 2399 104 62 non
1257 2399 163 62 dicitur
1375 2399 118 62 nisi
1449 2399 148 62 pater.
1553 2399 133 62 Quare
1642 2399 148 62 gradus
1745 2399 148 62 istius
1834 2399 74 62 com

443 2445 220 59 parationis,
619 2445 176 59 scilicet
751 2445 190 59 positiuus
897 2445 73 59 &
926 2445 249 59 comparatiuus,
1131 2445 117 59 idem
1204 2445 176 59 secundum
1336 2445 102 59 rem
1395 2445 234 59 significant,
1585 2445 102 59 non
1644 2445 263 59 diuersificatum
1848 2445 59 59 ta

443 2493 106 60 men
503 2493 182 60 secundum
640 2493 136 60 magis
731 2493 76 60 &
761 2493 152 60 minus,
867 2493 106 60 sed
928 2493 167 60 penitus
1049 2493 136 60 idem:
1140 2493 91 60 vt
1186 2493 106 60 sit
1246 2493 273 60 diuersificatio
1473 2493 182 60 secundum
1610 2493 136 60 vocem
1701 2493 167 60 tantum.
1822 2493 91 60 Et
1852 2493 61 60 se

451 2537 146 47 cundum
554 2537 102 47 hoc
612 2537 102 47 est
670 2537 204 47 comparatio
831 2537 175 47 secundum
962 2537 131 47 vocem
1049 2537 160 47 tantum:
1166 2537 102 47 sed
1224 2537 146 47 aliter
1327 2537 117 47 quam
1399 2537 204 47 grammatici
1560 2537 190 47 appellant
1691 2537 219 47 comparationem

443 2582 179 54 secundum
577 2582 134 54 vocem
666 2582 164 54 tantum,
786 2582 89 54 in
830 2582 104 54 qua
890 2582 104 54 non
949 2582 104 54 est
1009 2582 149 54 aliqua
1113 2582 134 54 eadem
1202 2582 238 54 significatio
1396 2582 179 54 secundum
1530 2582 104 54 rem
1589 2582 89 54 in
1634 2582 179 54 diuersis
1753 2582 149 54 gradibus

449 2628 279 65 comparationis:
681 2628 108 65 sed
743 2628 155 65 tantum
851 2628 139 65 eadem
944 2628 108 65 vox
1006 2628 186 65 secundum
1145 2628 139 65 finem
1238 2628 186 65 variata.
1378 2628 108 65 Hic
1439 2628 124 65 vero
1517 2628 217 65 appellatur
1687 2628 217 65 comparatio
1842 2628 62 65 se

443 2674 161 51 cundum
555 2674 145 51 vocem
652 2674 177 51 tantum,
780 2674 96 51 in
829 2674 112 51 qua
893 2674 112 51 est
957 2674 177 51 penitus
1086 2674 145 51 eadem
1182 2674 257 51 significatio
1391 2674 193 51 secundum
1535 2674 129 51 rem,
1616 2674 112 51 non
1680 2674 177 51 variata
1793 2674 112 51 secun

441 2719 110 49 dum
504 2719 141 49 magis
598 2719 78 49 &
629 2719 141 49 minus
723 2719 94 49 in
770 2719 188 49 diuersis
911 2719 203 49 gradibus:
1067 2719 110 49 sed
1130 2719 203 49 solummodo
1286 2719 110 49 vox
1349 2719 282 49 diuersificatur
1583 2719 94 49 ex
1630 2719 141 49 parte
1724 2719 156 49 finis.
1818 2719 94 49 pro-

449 2765 126 70 pter
528 2765 126 70 quod
607 2765 142 70 licet
701 2765 110 70 sit
764 2765 110 70 res
827 2765 157 70 eadem,
937 2765 110 70 non
1000 2765 142 70 tamen
1095 2765 110 70 est
1158 2765 220 70 comparatio
1331 2765 189 70 secundum
1472 2765 126 70 rem,
1551 2765 110 70 sed
1614 2765 189 70 secundum
1756 2765 142 70 vocem
1834 2765 79 70 tam
