2017 3179
140 230 193 87 productum
289 230 89 87 ab
333 230 119 87 eis.
407 230 89 87 Et
452 230 119 87 quia
526 230 119 87 iste
600 230 134 87 modus
689 230 223 87 innominatus
867 230 119 87 est,
941 230 119 87 ideo
1015 230 208 87 Augustinus
1179 230 89 87 in
1223 230 163 87 sermone
1342 230 193 87 praedicto
1490 230 89 87 de
1520 230 74 87 tri

143 300 98 52 nii.
204 300 85 52 cum
253 300 122 52 dixit:
338 300 110 52 Pater
411 300 73 52 eo
448 300 85 52 est
496 300 98 52 quod
557 300 110 52 habet
631 300 134 52 filium:
728 300 122 52 filius
813 300 73 52 eo
850 300 98 52 quod
911 300 110 52 habet
984 300 134 52 patrem,
1082 300 85 52 non
1130 300 146 52 subiuxit
1240 300 122 52 simile
1326 300 98 52 quid
1387 300 73 52 de
1423 300 134 52 spiritu
1508 300 98 52 sancto

131 339 170 59 dicendo,
258 339 170 59 Spiritus
385 339 156 59 sanctus
499 339 85 59 eo
541 339 99 59 est
598 339 113 59 quod
668 339 127 59 habet
753 339 127 59 talem
838 339 99 59 vel
895 339 127 59 talem
980 339 71 59 a
1008 339 99 59 quo
1064 339 127 59 habet
1149 339 127 59 esse:
1234 339 99 59 sed
1291 339 141 59 dixit,
1390 339 141 59 &ptins
1475 339 127 59 sanctus

130 386 77 62 eo
169 386 90 62 est
220 386 103 62 quod
284 386 90 62 sic
336 386 77 62 ex
374 386 116 62 patre
452 386 64 62 &
477 386 116 62 filio
555 386 167 62 procedit.
683 386 154 62 Spiritus
799 386 141 62 sanctus
902 386 129 62 tantum
992 386 90 62 non
1043 386 231 62 circumloquitur
1236 386 180 62 relationem
1378 386 116 62 talem
1455 386 129 62 qualis
1532 386 77 62 imen

134 435 168 62 portatur
260 435 140 62 nomine
358 435 224 62 paternitatis
541 435 98 62 aut
597 435 224 62 filiationis:
779 435 98 62 sed
835 435 140 62 potius
934 435 140 62 qualis
1032 435 196 62 importatur
1186 435 140 62 nomine
1284 435 154 62 geniti,
1397 435 84 62 vt
1439 435 126 62 infra
1509 435 84 62 pate

133 477 107 62 bit.
199 477 120 62 Penes
279 477 160 62 secundum
400 477 160 62 dictorum
520 477 147 62 modorum
626 477 93 62 quo
680 477 107 62 ista
746 477 173 62 productio
880 477 107 62 quae
947 477 93 62 est
1000 477 160 62 spiratio
1120 477 133 62 actiua
1213 477 80 62 in
1253 477 120 62 patre
1333 477 67 62 &
1360 477 133 62 filio,
1454 477 93 62 non
1507 477 93 62 est
1547 477 40 62 a

134 522 180 65 quacumque
272 522 193 65 voluntate:
424 522 97 65 sed
479 522 69 65 a
507 522 180 65 voluntate
645 522 124 65 summe
728 522 180 65 liberali:
866 522 180 65 productio
1004 522 110 65 ista
1073 522 97 65 qua
1128 522 124 65 pater
1211 522 69 65 &
1239 522 138 65 filius
1335 522 180 65 producunt
1460 522 124 65 spintum

121 562 151 68 sanctum,
235 562 88 68 non
285 562 113 68 solum
360 562 138 68 dicenda
461 562 88 68 est
511 562 138 68 spirare
612 562 138 68 ratione
713 562 176 68 voluntatis
851 562 201 68 simpliciter:
1014 562 88 68 sed
1065 562 113 68 etiam
1140 562 101 68 alio
1203 562 126 68 quodam
1291 562 113 68 modo,
1367 562 101 68 quid
1429 562 75 68 se
1467 562 113 68 habet
1543 562 75 68 ad

124 606 155 60 spirare
236 606 127 60 sicut
321 606 84 60 se
363 606 127 60 habet
447 606 141 60 dicere
546 606 84 60 ad
588 606 183 60 generare:
728 606 112 60 quae
799 606 169 60 possumus
925 606 141 60 vocare
1024 606 183 60 flagrare.
1164 606 70 60 â‹
1192 606 84 60 Ad
1235 606 127 60 cuius
1319 606 183 60 ampliorem
1445 606 141 60 intelle-

121 662 107 57 ctum
188 662 201 57 aduertendum
348 662 80 57 ex
388 662 120 57 supra
469 662 214 57 determinatis
643 662 174 57 praecipue
776 662 80 57 in
817 662 187 57 quaestione
964 662 80 57 de
1004 662 201 57 intelligere
1165 662 107 57 dei:
1232 662 107 57 quod
1299 662 120 57 sicut
1379 662 174 57 supposita
1499 662 94 57 infor

130 707 149 60 matione
239 707 203 60 intellectus
401 707 81 60 vt
442 707 203 60 simpliciter
604 707 95 60 est
658 707 149 60 notitia
767 707 162 60 simplici
888 707 203 60 essentiali:
1051 707 108 60 ipse
1118 707 203 60 intellectus
1281 707 95 60 sic
1335 707 189 60 informatus
1470 707 122 60 conside

123 750 125 48 ratur
207 750 97 48 vno
262 750 111 48 modo
332 750 83 48 vt
373 750 97 48 est
429 750 139 48 natura
526 750 222 48 simpliciter:
707 750 70 48 &
735 750 195 48 principium
888 750 153 48 actiuum
999 750 167 48 naturale
1124 750 83 48 in
1166 750 153 48 seipsum
1277 750 83 48 vt
1319 750 97 48 est
1375 750 181 48 conuersus
1514 750 70 48 &
1527 750 70 48 nu-

123 791 97 53 dus
179 791 167 53 secundum
304 791 125 53 modum
387 791 167 53 superius
513 791 195 53 expositum:
666 791 223 53 Consideratur
847 791 125 53 etiam
930 791 111 53 alio
1000 791 111 53 modo
1069 791 83 53 vt
1111 791 97 53 est
1167 791 209 53 intellectus
1334 791 70 53 &
1361 791 195 53 principium
1501 791 97 53 acti-

126 842 95 53 uum
181 842 244 53 intellectuale:
384 842 81 53 Et
425 842 81 53 vt
466 842 122 53 primo
547 842 109 53 modo
615 842 231 53 consideratur,
805 842 95 53 est
859 842 190 53 principium
1009 842 122 53 actus
1090 842 190 53 generandi:
1240 842 81 53 vt
1280 842 109 53 vero
1348 842 217 53 consideratur
1511 842 95 53 secun

124 888 79 55 do
163 888 119 55 modo,
243 888 92 55 est
295 888 185 55 principium
440 888 119 55 actus
520 888 158 55 dicendi:
638 888 171 55 Differunt
770 888 106 55 enim
836 888 106 55 sola
902 888 145 55 ratione
1008 888 119 55 actus
1087 888 171 55 generandi
1219 888 66 55 &
1245 888 158 55 dicendi,
1364 888 198 55 quemadmodum
1509 888 79 55 sola

126 932 131 56 ratione
221 932 131 56 differt
317 932 179 56 intellectus
460 932 72 56 vt
496 932 191 56 consideratur
651 932 107 56 primo
722 932 95 56 modo
782 932 60 56 &
806 932 143 56 secundo:
913 932 83 56 Sic
961 932 155 56 supposita
1080 932 191 56 informatione
1235 932 167 56 voluntatis
1366 932 72 56 vt
1402 932 179 56 simpliciter
1533 932 60 56 est

118 975 116 52 amore
196 975 155 52 simplici
312 975 194 52 essentiali,
467 975 103 52 ipsa
532 975 155 52 voluntas
648 975 155 52 conversa
765 975 207 52 consideratur
933 975 91 52 vno
984 975 103 52 modo
1049 975 78 52 vt
1088 975 91 52 est
1139 975 155 52 voluntas
1256 975 194 52 simpliciter
1411 975 103 52 nuda
1476 975 65 52 &
1489 975 103 52 princi

128 1020 112 62 pium
198 1020 155 62 actiuum
311 1020 211 62 voluntarium
479 1020 84 62 in
522 1020 155 62 seipsam
634 1020 84 62 vt
676 1020 98 62 est
732 1020 183 62 informata
873 1020 127 62 amore
957 1020 169 62 simplici
1084 1020 211 62 essentiali.
1253 1020 225 62 Consideratur
1435 1020 127 62 etiam
1506 1020 84 62 alio

127 1063 112 52 modo
197 1063 84 52 vt
239 1063 98 52 est
295 1063 182 52 liberalis
435 1063 70 52 &
463 1063 196 52 principium
617 1063 154 52 actiuum
729 1063 182 52 liberale.
869 1063 84 52 Et
911 1063 84 52 vt
953 1063 126 52 primo
1037 1063 112 52 modo
1107 1063 238 52 consideratur,
1303 1063 98 52 est
1359 1063 196 52 principium
1499 1063 98 52 actus

124 1105 185 67 spirandi:
266 1105 85 67 vt
309 1105 114 67 vero
380 1105 156 67 secundo
493 1105 128 67 modo,
579 1105 100 67 est
636 1105 199 67 principium
792 1105 128 67 actus
877 1105 213 67 innominati,
1048 1105 114 67 quem
1119 1105 156 67 vocamus
1233 1105 128 67 actum
1318 1105 199 67 flagrandi:
1474 1105 142 67 quemad

132 1156 119 47 modum
211 1156 106 47 sola
277 1156 145 47 ratione
382 1156 145 47 differt
488 1156 158 47 voluntas
607 1156 79 47 vt
646 1156 211 47 consideratur
818 1156 119 47 primo
897 1156 66 47 &
923 1156 145 47 secundo
1029 1156 119 47 modo.
1108 1156 79 47 Et
1148 1156 119 47 actus
1227 1156 158 47 spirandi
1346 1156 79 47 ex
1385 1156 119 47 parte
1451 1156 132 47 volunta-

123 1201 98 48 tis
179 1201 182 48 respondet
319 1201 126 48 actui
403 1201 182 48 generandi
543 1201 84 48 ex
585 1201 126 48 parte
669 1201 224 48 intellectus.
851 1201 126 48 Actus
935 1201 112 48 vero
1005 1201 182 48 flagrandi
1145 1201 182 48 respondet
1285 1201 84 48 ex
1327 1201 126 48 parte
1397 1201 182 48 intellectus

127 1241 128 57 actui
212 1241 170 57 dicendi:
340 1241 71 57 &
368 1241 128 57 addit
453 1241 128 57 ipsum
538 1241 170 57 flagrare
666 1241 128 57 super
751 1241 170 57 spirare,
879 1241 71 57 &
908 1241 128 57 super
993 1241 128 57 actum
1078 1241 142 57 amandi
1177 1241 227 57 essentialem:
1362 1241 114 57 quem
1433 1241 128 57 ipsum
1504 1241 85 57 dice

127 1295 81 58 re
167 1295 121 58 addit
247 1295 121 58 super
328 1295 175 58 generare,
462 1295 67 58 &
489 1295 121 58 super
570 1295 121 58 actum
650 1295 215 58 intelligendi
825 1295 215 58 essentialem:
999 1295 121 58 prout
1080 1295 121 58 supra
1160 1295 94 58 est
1214 1295 175 58 expositum
1348 1295 81 58 de
1389 1295 175 58 generare,
1523 1295 67 58 &
1536 1295 54 58 di

124 1339 126 52 cere,
208 1339 70 52 &
236 1339 224 52 intelligere.
417 1339 84 52 Et
459 1339 98 52 per
515 1339 279 52 correspondentiam
753 1339 98 52 hic
809 1339 196 52 consimilia
962 1339 140 52 debent
1060 1339 182 52 intelligi
1200 1339 84 52 de
1242 1339 154 52 spirare
1353 1339 70 52 &
1381 1339 168 52 fiagrare
1507 1339 70 52 &
1521 1339 70 52 ama

115 1383 102 50 re.
174 1383 175 50 Secundum
305 1383 146 50 eundem
408 1383 131 50 tamen
495 1383 131 50 modum
583 1383 102 50 quo
641 1383 117 50 sunt
714 1383 117 50 idem
787 1383 175 50 secundum
919 1383 102 50 rem
977 1383 175 50 generare
1109 1383 73 50 &
1138 1383 146 50 dicere
1240 1383 88 50 ex
1284 1383 131 50 parte
1372 1383 234 50 intellectus:
1547 1383 44 50 &

126 1432 177 55 differunt
262 1432 109 55 sola
330 1432 163 55 ratione:
453 1432 82 55 vt
494 1432 177 55 expositum
630 1432 95 55 est
684 1432 122 55 supra
766 1432 82 55 in
806 1432 190 55 quaestione
956 1432 150 55 secunda
1065 1432 177 55 praedicta
1201 1432 82 55 de
1241 1432 163 55 generare
1364 1432 68 55 &
1391 1432 150 55 dicere:
1486 1432 109 55 consi-

131 1480 154 51 militer
243 1480 112 51 sunt
313 1480 112 51 idem
383 1480 168 51 secundum
509 1480 98 51 rem
565 1480 154 51 spirare
677 1480 70 51 &
705 1480 168 51 flagrare
831 1480 84 51 ex
872 1480 126 51 parte
956 1480 210 51 voluntatis:
1124 1480 70 51 &
1152 1480 182 51 differunt
1292 1480 112 51 sola
1362 1480 168 51 ratione.
1488 1480 112 51 Vnde
1544 1480 42 51 &

121 1517 114 56 fere
192 1517 143 56 eisdem
292 1517 129 56 modis
378 1517 143 56 quibus
478 1517 129 56 sacra
564 1517 186 56 scriptura
707 1517 71 56 &
735 1517 143 56 sancti
835 1517 157 56 vtuntur
950 1517 100 56 hoc
1007 1517 129 56 verbo
1093 1517 157 56 dicere,
1207 1517 172 56 secundum
1336 1517 114 56 quod
1393 1517 200 56 determinatum

121 1565 91 52 est
173 1565 117 52 supra
251 1565 78 52 de
289 1565 129 52 dicere
380 1565 78 52 in
419 1565 168 52 praedicta
548 1565 181 52 quaestione
691 1565 155 52 secunda:
807 1565 181 52 consiliter
950 1565 142 52 possent
1053 1565 91 52 vti
1105 1565 91 52 hoc
1157 1565 117 52 verbo
1234 1565 168 52 flagrare.
1364 1565 117 52 Sicut
1442 1565 104 52 enim
1493 1565 91 52 secun

131 1605 100 54 dum
188 1605 100 54 ibi
245 1605 228 54 determinata,
430 1605 142 54 dicere
530 1605 185 54 aliquando
672 1605 157 54 tenetur
786 1605 242 54 notionaliter:
985 1605 185 54 aliquando
1128 1605 114 54 vero
1199 1605 256 54 essentialiter:
1413 1605 71 54 &
1441 1605 114 54 tunc
1498 1605 100 54 super

123 1657 123 51 ponit
205 1657 218 51 intelligere:
382 1657 68 51 &
409 1657 163 51 includit
532 1657 82 51 in
573 1657 95 51 suo
627 1657 204 51 significato
791 1657 123 51 actum
872 1657 231 51 manifestandi,
1063 1657 109 51 siue
1131 1657 191 51 manifestum
1281 1657 163 51 faciendi
1403 1657 95 51 cum
1444 1657 150 51 relatione

122 1702 79 50 ad
161 1702 105 50 illa
227 1702 105 50 quae
293 1702 105 50 nata
358 1702 105 50 sunt
424 1702 197 50 manifestari
582 1702 171 50 cuicumque
713 1702 197 50 intellectui
871 1702 79 50 eo
911 1702 105 50 quod
976 1702 210 50 notionaliter
1147 1702 158 50 dicitur:
1265 1702 171 50 cuiusmodi
1397 1702 92 50 est
1449 1702 131 50 verbum
1528 1702 66 50 si-

126 1743 77 51 ue
165 1743 194 51 declaratiua
320 1743 155 51 notitia,
436 1743 103 51 quod
501 1743 90 51 est
552 1743 103 51 idem
617 1743 77 51 re
655 1743 103 51 quod
720 1743 142 51 filius,
823 1743 155 51 secundum
939 1743 155 51 superius
1056 1743 207 51 determinata:
1224 1743 207 51 Consimiliter
1391 1743 65 51 &
1417 1743 155 51 flagrare
1520 1743 65 51 ali

130 1790 133 51 quando
223 1790 133 51 teneri
316 1790 133 51 potest
409 1790 226 51 notionaliter:
595 1790 173 51 aliquando
728 1790 106 51 vero
794 1790 239 51 essentialiter:
994 1790 66 51 &
1020 1790 106 51 tunc
1087 1790 160 51 supponit
1206 1790 133 51 amare:
1300 1790 66 51 &
1326 1790 160 51 includit
1446 1790 80 51 in
1486 1790 93 51 suo
1526 1790 66 51 si-

127 1836 166 53 gnificato
255 1836 115 53 actum
331 1836 153 53 placendi
446 1836 102 53 siue
510 1836 153 53 placitum
624 1836 153 53 faciendi
739 1836 89 53 cum
790 1836 166 53 relatione
917 1836 76 53 ad
956 1836 102 53 illa
1019 1836 102 53 quae
1083 1836 102 53 nata
1147 1836 102 53 sunt
1211 1836 140 53 placita
1313 1836 115 53 fieri
1389 1836 166 53 cuicumque
1504 1836 89 53 volun

126 1878 113 48 tati
197 1878 85 48 eo
239 1878 113 48 quod
310 1878 226 48 notionaliter
494 1878 198 48 flagratur:
649 1878 170 48 cuismodi
777 1878 99 48 est
833 1878 156 48 quoddam
946 1878 240 48 correspondens
1144 1878 127 48 verbo
1229 1878 113 48 apud
1300 1878 212 48 emanationem
1456 1878 141 48 volunta-

125 1922 99 54 tis,
186 1922 99 54 quod
248 1922 148 54 possumus
359 1922 123 54 vocare
445 1922 111 54 zelum
519 1922 99 54 siue
580 1922 185 54 inflammatum
728 1922 135 54 amorem,
827 1922 99 54 quid
888 1922 86 54 est
937 1922 99 54 idem
999 1922 74 54 re
1036 1922 99 54 quod
1097 1922 148 54 spiritus
1208 1922 135 54 sctuns:
1307 1922 185 54 quemadmodum
1455 1922 123 54 verbum
1528 1922 62 54 est

115 1971 102 53 idem
179 1971 76 53 re
217 1971 102 53 quod
280 1971 140 53 filius.
382 1971 63 53 &
407 1971 152 53 flagrare
522 1971 89 53 est
572 1971 102 53 idem
636 1971 76 53 re
674 1971 102 53 quid
737 1971 152 53 spirare:
852 1971 190 53 quemadmodum
1004 1971 127 53 dicere
1093 1971 89 53 est
1144 1971 102 53 idem
1207 1971 76 53 re
1245 1971 102 53 quod
1309 1971 165 53 generare:
1436 1971 114 53 prout
1499 1971 89 53 infe-

126 2013 104 52 rius
191 2013 221 52 declarabitur.
373 2013 104 52 Vnde
438 2013 130 52 qualia
529 2013 130 52 supius
620 2013 195 52 determinata
776 2013 104 52 sunt
841 2013 78 52 de
881 2013 130 52 dicere
972 2013 78 52 ex
1011 2013 117 52 parte
1089 2013 234 52 intellectualis
1284 2013 208 52 operationis:
1440 2013 156 52 consimilia

122 2056 87 58 per
171 2056 136 58 quandam
270 2056 247 58 correspondentiam
480 2056 161 58 intelligi
604 2056 124 58 debent
690 2056 87 58 hic
740 2056 74 58 de
777 2056 148 58 flagrare
888 2056 74 58 ex
925 2056 111 58 parte
1000 2056 185 58 voluntariae
1148 2056 198 58 operationis.
1309 2056 111 58 Penes
1383 2056 136 58 tertium
1482 2056 111 58 autem
1544 2056 49 58 di

124 2106 130 50 ctorum
215 2106 143 50 modorum
319 2106 169 50 differunt
449 2106 156 50 secundum
566 2106 156 50 rationem
683 2106 78 50 in
722 2106 104 50 prse
787 2106 65 50 &
813 2106 117 50 filio
890 2106 195 50 spiratiuum,
1046 2106 156 50 potentia
1163 2106 169 50 spirandi,
1293 2106 65 50 &
1319 2106 156 50 spirare:
1436 2106 117 50 sicut
1514 2106 78 50 in
1540 2106 65 50 pre

124 2152 200 51 generatiuum,
286 2152 150 51 potentia
398 2152 175 51 generandi,
535 2152 62 51 &
560 2152 162 51 generare,
685 2152 75 51 vt
723 2152 137 51 habitum
823 2152 87 51 est
872 2152 125 51 supra.
960 2152 87 51 Sic
1010 2152 100 51 ergo
1072 2152 87 51 non
1122 2152 87 51 est
1172 2152 150 51 secundum
1284 2152 87 51 rem
1334 2152 100 51 alia
1397 2152 175 51 proprietas
1522 2152 62 51 con

133 2194 119 66 munis
212 2194 93 66 pri
265 2194 66 66 &
292 2194 119 66 filio
371 2194 106 66 quam
437 2194 159 66 spirare:
557 2194 119 66 licet
636 2194 119 66 aliae
716 2194 106 66 sint
782 2194 106 66 quae
848 2194 172 66 differunt
981 2194 79 66 ab
1020 2194 93 66 hac
1073 2194 159 66 secundum
1193 2194 172 66 rationem:
1325 2194 93 66 sed
1378 2194 106 66 sunt
1444 2194 132 66 eaedem
1524 2194 66 66 se-

121 2238 158 66 cundum
232 2238 127 66 rem,
311 2238 190 66 secundum
453 2238 127 66 quod
532 2238 190 66 procedit
675 2238 158 66 vltima
770 2238 127 66 ratio.

107 2288 84 101 â‹
141 2288 101 101 Ad
192 2288 169 101 primam
310 2288 101 101 in
360 2288 236 101 oppositum:
546 2288 135 101 quod
631 2288 169 101 patris
749 2288 118 101 non
816 2288 152 101 solum
918 2288 118 101 est
985 2288 236 101 proprietas
1171 2288 203 101 generare
1323 2288 118 101 sed
1390 2288 152 101 etiam
1475 2288 118 101 inge-

116 2375 112 47 nitum
190 2375 112 47 esse:
265 2375 100 47 ergo
328 2375 62 47 &
353 2375 100 47 pris
415 2375 62 47 &
440 2375 112 47 filii
515 2375 137 47 coniter
615 2375 175 47 proprietas
753 2375 87 47 est
803 2375 87 47 non
853 2375 112 47 solum
928 2375 150 47 spirare:
1040 2375 87 47 sed
1090 2375 112 47 etiam
1165 2375 175 47 inspiratum
1303 2375 112 47 esse:
1378 2375 100 47 Dico
1440 2375 100 47 quod
1490 2375 100 47 secun-

116 2418 96 60 dum
171 2418 164 60 superius
294 2418 205 60 determinata
458 2418 178 60 ingenitum
595 2418 96 60 non
650 2418 109 60 est,
718 2418 192 60 proprietas
869 2418 109 60 siue
937 2418 123 60 notio
1019 2418 109 60 pris
1088 2418 151 60 ratione
1197 2418 109 60 eius
1266 2418 109 60 quod
1334 2418 96 60 per
1389 2418 82 60 se
1430 2418 68 60 &
1443 2418 151 60 principa-

127 2460 114 59 liter
203 2460 189 59 significat.
354 2460 88 59 Cum
405 2460 101 59 enim
468 2460 177 59 dignitatis
607 2460 88 59 sit
657 2460 139 59 genitum
758 2460 139 59 ratione
859 2460 189 59 principalis
1010 2460 202 59 significati:
1174 2460 114 59 nullo
1250 2460 101 59 modo
1313 2460 139 59 ratione
1414 2460 139 59 eiusdem
1502 2460 101 59 inquam

134 2513 85 51 tum
182 2513 157 51 praecise.
303 2513 145 51 priuatur
412 2513 73 51 in
449 2513 121 51 nomine
533 2513 157 51 ingeniti,
655 2513 157 51 ingenitum
776 2513 97 51 esse
836 2513 121 51 potest
921 2513 97 51 esse
981 2513 182 51 dignitatis,
1127 2513 85 51 non
1175 2513 109 51 tamen
1248 2513 85 51 est
1296 2513 206 51 indignitatis:
1466 2513 85 51 sed
1502 2513 97 51 potius

128 2557 176 44 conditionis
269 2557 141 44 alterius
374 2557 176 44 dignitatis.
515 2557 94 44 Quia
574 2557 105 44 autem
644 2557 152 44 ingenitum
761 2557 82 44 est
808 2557 117 44 notio,
890 2557 82 44 hoc
937 2557 82 44 est
984 2557 129 44 ratione
1077 2557 94 44 eius
1136 2557 94 44 quod
1195 2557 176 44 consequitur
1335 2557 94 44 siue
1394 2557 187 44 intelligitur
1546 2557 70 44 in

125 2598 148 55 ingenito
236 2598 136 55 ratione
335 2598 99 55 eius
397 2598 99 55 quod
458 2598 210 55 principaliter
632 2598 198 55 significatur
792 2598 124 55 nomine
879 2598 136 55 geniti.
978 2598 99 55 Quia
1040 2598 99 55 enim
1101 2598 148 55 generare
1213 2598 87 55 est
1262 2598 111 55 prima
1336 2598 173 55 productio,
1472 2598 62 55 &
1485 2598 111 55 genitum

115 2645 105 60 est
175 2645 150 60 primum
280 2645 226 60 productum,:
461 2645 135 60 ipsum
551 2645 180 60 generare
687 2645 105 60 est
747 2645 135 60 ratio
837 2645 135 60 omnis
927 2645 211 60 vlterioris
1093 2645 256 60 productionis,
1303 2645 75 60 &
1333 2645 120 60 ipse
1409 2645 165 60 genitus
1514 2645 75 60 est

119 2690 140 61 ratio
213 2690 218 61 producendi
385 2690 140 61 omnem
478 2690 187 61 vlterius
618 2690 218 61 productum:
790 2690 94 61 vt
837 2690 140 61 licet
930 2690 172 61 aliquis
1055 2690 109 61 sit
1118 2690 203 61 immediate
1273 2690 203 61 productus
1429 2690 125 61 alia
1492 2690 109 61 produ
