2017 3201
420 250 211 73 proprietas
586 250 106 73 est
646 250 196 73 generare:
797 250 166 73 propter
918 250 166 73 alterum
1038 250 121 73 vero
1114 250 121 73 eius
1189 250 211 73 proprietas
1355 250 196 73 ingenitum
1506 250 136 73 esse:
1596 250 121 73 ergo
1672 250 75 73 &
1702 250 166 73 propter
1808 250 90 73 ista

412 320 149 50 duplex
516 320 208 50 proprietas
680 320 178 50 conuenit
813 320 178 50 spiritui
947 320 163 50 sancto:
1066 320 89 50 vt
1110 320 163 50 propter
1229 320 119 50 vnum
1304 320 163 50 illorum
1422 320 119 50 eius
1497 320 208 50 proprietas
1660 320 104 50 sit
1720 320 178 50 spirari:
1838 320 45 50 &

426 359 155 56 propter
539 359 155 56 alterum
652 359 113 56 eius
722 359 198 56 proprietas
878 359 99 56 sit
934 359 99 56 non
991 359 184 56 spirantem
1132 359 127 56 esse.
1216 359 71 56 ⁋
1245 359 155 56 Septimo
1358 359 113 56 sic.
1428 359 127 56 sicut
1513 359 155 56 commune
1626 359 99 56 est
1682 359 127 56 patri
1767 359 71 56 &
1781 359 99 56 filio

427 405 104 56 quod
492 405 78 56 ab
531 405 116 56 ipsis
608 405 91 56 est
660 405 116 56 alius
738 405 91 56 per
789 405 207 56 spirationem:
958 405 91 56 sic
1009 405 142 56 commune
1113 405 91 56 est
1165 405 116 56 filio
1242 405 65 56 &
1268 405 155 56 spiritui
1384 405 129 56 sancto
1475 405 104 56 quod
1540 405 91 56 non
1591 405 91 56 est
1643 405 78 56 ab
1682 405 116 56 ipsis
1760 405 116 56 alius
1824 405 65 56 per

428 451 237 53 generationem.
623 451 84 53 si
665 451 111 53 ergo
735 451 125 53 illud
818 451 98 53 est
874 451 195 53 proprietas
1027 451 167 53 communis
1153 451 139 53 patris
1250 451 70 53 &
1278 451 139 53 filii:
1375 451 70 53 &
1403 451 125 53 istud
1487 451 111 53 erit
1557 451 195 53 proprietas
1710 451 167 53 communis
1821 451 56 53 si

423 495 89 57 lii
474 495 64 57 &
500 495 153 57 spiritus
614 495 140 57 sancti.
716 495 64 57 ⁋
742 495 127 57 Octauo
831 495 102 57 sic.
895 495 153 57 secundum
1009 495 191 57 Augustinus,
1162 495 89 57 xv.
1213 495 76 57 de
1251 495 178 57 trinitate.
1391 495 102 57 cap.
1455 495 115 57 xvii.
1531 495 102 57 esse
1595 495 115 57 donum
1671 495 153 57 proprium
1786 495 89 57 est
1824 495 64 57 spi

422 537 130 54 ritui
508 537 144 54 sancto
609 537 87 54 in
653 537 173 54 diuinis:
782 537 115 54 quia
855 537 101 54 nec
912 537 130 54 donum
999 537 159 54 dicitur
1114 537 115 54 nisi
1187 537 173 54 spiritus
1317 537 173 54 sanctus.
1446 537 101 54 sed
1504 537 130 54 donum
1591 537 101 54 est
1649 537 130 54 aliud
1735 537 72 54 a
1750 537 144 54 spirari:

426 584 109 55 ergo
494 584 95 55 &c.
549 584 68 55 ⁋
576 584 150 55 Contra.
685 584 109 55 tunc
753 584 136 55 essent
848 584 136 55 plures
944 584 163 55 notiones
1066 584 109 55 quam
1134 584 163 55 quinque,
1257 584 163 55 secundum
1379 584 109 55 quod
1447 584 163 55 superius
1570 584 150 55 argutum
1679 584 109 55 est,
1747 584 109 55 quod
1801 584 82 55 fal-

419 627 104 56 sum
478 627 118 56 est.
552 627 74 56 ⁋
582 627 222 56 Specialiter
759 627 133 56 autem
848 627 177 56 arguitur
981 627 148 56 contra
1085 627 163 56 vltimum
1203 627 118 56 quod
1277 627 118 56 esse
1351 627 133 56 donum
1440 627 104 56 non
1499 627 104 56 sit
1558 627 177 56 proprium
1691 627 177 56 spiritus
1809 627 89 56 san-

416 676 105 59 cti:
481 676 105 59 quia
547 676 105 59 quod
613 676 157 59 convenit
731 676 131 59 alteri
823 676 171 59 personae,
954 676 92 59 non
1006 676 92 59 est
1059 676 157 59 proprium
1177 676 131 59 vnius.
1268 676 118 59 licet
1347 676 105 59 enim
1413 676 184 59 proprietas
1557 676 92 59 vna
1610 676 131 59 possit
1701 676 105 59 esse
1754 676 131 59 pluribus

425 721 182 53 personis
562 721 197 53 communis:
713 721 106 53 non
774 721 137 53 tamen
865 721 122 53 idem
941 721 152 53 potest
1048 721 122 53 esse
1124 721 182 53 proprium
1260 721 106 53 vni
1321 721 76 53 &
1351 721 197 53 conuenire
1503 721 167 53 alteri.
1625 721 122 53 Esse
1701 721 137 53 donum
1777 721 106 53 conue

419 765 91 62 nit
471 765 130 62 alteri
562 765 104 62 quam
626 765 155 62 personae
743 765 155 62 spiritus
860 765 143 62 sancti:
963 765 104 62 quia
1028 765 130 62 filius
1119 765 117 62 donum
1196 765 104 62 est:
1261 765 78 62 eo
1300 765 104 62 quod
1365 765 117 62 datus
1443 765 104 62 est.
1507 765 143 62 Esaiae.
1611 765 91 62 ix.
1663 765 104 62 Puer
1728 765 117 62 natus
1805 765 91 62 est
1844 765 52 62 no

418 810 104 64 bis,
483 810 65 64 &
509 810 130 64 filius
600 810 117 64 datus
678 810 91 64 est
730 810 130 64 nobis.
821 810 156 64 quicquid
938 810 117 64 autem
1016 810 143 64 proprie
1119 810 117 64 datur
1197 810 156 64 scilicet
1314 810 169 64 gratuito,
1444 810 117 64 donum
1522 810 104 64 est.
1587 810 104 64 ergo
1639 810 65 64 &c.

409 859 90 70 ⁋
445 859 144 70 Dico
535 859 216 70 secundum
696 859 144 70 quod
786 859 180 70 dictum
912 859 126 70 est
984 859 108 70 in
1038 859 234 70 principio
1217 859 251 70 solutionis
1415 859 269 70 quaestionis
1631 859 198 70 decimae
1756 859 144 70 articu

411 924 79 52 li
450 924 223 52 praecedentis,
634 924 105 52 quod
700 924 184 52 proprietas
845 924 92 52 vna
897 924 131 52 potest
989 924 105 52 esse
1055 924 105 52 alia
1121 924 79 52 ab
1160 924 145 52 altera,
1265 924 92 52 vel
1318 924 158 52 secundum
1436 924 105 52 rem,
1502 924 92 52 vel
1554 924 158 52 secundum
1673 924 158 52 rationem
1778 924 118 52 tantum.

411 967 172 52 Loquendo
540 967 115 52 ergo
611 967 86 52 de
654 967 215 52 diuersitate
826 967 172 52 secundum
955 967 115 52 rem:
1027 967 115 52 Dico
1099 967 115 52 quod
1170 967 86 52 in
1213 967 158 52 spiritu
1328 967 143 52 sancto
1428 967 100 52 non
1485 967 100 52 est
1543 967 115 52 alia
1614 967 201 52 proprietas
1772 967 115 52 quam
1829 967 72 52 spi

408 1016 126 57 rari.
492 1016 168 57 Loquendo
618 1016 126 57 autem
702 1016 84 57 de
744 1016 210 57 diuersitate
912 1016 224 57 proprietatum
1094 1016 168 57 secundum
1221 1016 182 57 rationem,
1361 1016 112 57 bene
1431 1016 126 57 verum
1515 1016 98 57 est
1571 1016 112 57 quod
1641 1016 84 57 in
1683 1016 154 57 spiritu
1781 1016 112 57 sancto

415 1060 108 58 sunt
482 1060 121 58 aliae
563 1060 215 58 proprietates
738 1060 108 58 quam
805 1060 162 58 spirari,
926 1060 108 58 quae
993 1060 121 58 tamen
1074 1060 162 58 secundum
1195 1060 94 58 rem
1249 1060 135 58 eaedem
1343 1060 108 58 sunt
1410 1060 94 58 cum
1464 1060 108 58 ipso
1532 1060 162 58 spirari.
1653 1060 202 58 Quemadmodum
1814 1060 81 58 in
1841 1060 54 58 pa

407 1106 97 50 tre
463 1106 111 50 sunt
532 1106 221 50 proprietates
712 1106 125 50 aliae
795 1106 166 50 secundum
919 1106 166 50 rationem
1044 1106 69 50 a
1071 1106 180 50 generare,
1210 1106 111 50 quae
1279 1106 125 50 tamen
1362 1106 138 50 eaedem
1459 1106 111 50 sunt
1528 1106 166 50 secundum
1653 1106 97 50 rem
1708 1106 97 50 cum
1750 1106 138 50 generare

416 1150 69 51 &
444 1150 83 51 in
485 1150 125 51 filio
569 1150 125 51 aliae
652 1150 69 51 a
679 1150 180 51 generari:
818 1150 69 51 &
846 1150 194 51 communiter
998 1150 83 51 in
1040 1150 125 51 patre
1123 1150 69 51 &
1151 1150 125 51 filio
1234 1150 125 51 aliae
1317 1150 69 51 a
1345 1150 166 51 spirare:
1469 1150 111 51 quae
1539 1150 125 51 tamen
1622 1150 139 51 eaedem
1719 1150 166 51 secundum
1830 1150 69 51 rem

409 1197 114 70 sunt
480 1197 99 70 cum
537 1197 114 70 ipso
608 1197 171 70 spirare.
736 1197 171 70 secundum
864 1197 114 70 quod
935 1197 114 70 haec
1006 1197 128 70 omnia
1091 1197 142 70 patent
1190 1197 213 70 inspicienti
1361 1197 171 70 superius
1489 1197 227 70 determinata,
1674 1197 142 70 maxime
1773 1197 85 70 in
1816 1197 114 70 quae

410 1240 154 69 stione.
522 1240 84 69 x.
564 1240 98 69 iam
620 1240 140 69 tacta,
718 1240 70 69 &
746 1240 84 69 in
788 1240 196 69 quaestione
942 1240 140 69 quarta
1040 1240 84 69 de
1082 1240 252 69 proprietatibus
1278 1240 112 69 filii.

416 1286 92 77 ⁋
452 1286 111 77 Ad
508 1286 185 77 primum
637 1286 111 77 in
693 1286 240 77 oppositum
877 1286 148 77 dico
970 1286 148 77 quod
1062 1286 111 77 in
1117 1286 240 77 proposito
1302 1286 129 77 non
1376 1286 222 77 loquimur
1542 1286 111 77 de
1598 1286 203 77 proprio
1745 1286 148 77 siue
1819 1286 74 77 de

406 1355 221 56 proprietate
583 1355 221 56 conueniente
760 1355 103 56 deo
819 1355 207 56 quacumque:
982 1355 103 56 sed
1041 1355 177 56 solumodo
1173 1355 89 56 de
1218 1355 118 56 illa
1291 1355 118 56 quae
1365 1355 162 56 dicitur
1483 1355 177 56 notitia,
1616 1355 89 56 vt
1660 1355 177 56 insinuat
1778 1355 118 56 vltima

416 1402 149 55 ratio.
521 1402 104 55 Est
580 1402 134 55 autem
670 1402 164 55 notitia
789 1402 179 55 secundum
923 1402 179 55 superius
1058 1402 224 55 determinata
1237 1402 209 55 proprietas
1401 1402 179 55 relatiua
1535 1402 90 55 ad
1580 1402 209 55 dignitatem
1729 1402 164 55 pertinens

407 1449 107 50 qua
468 1449 230 50 notificatur
652 1449 107 50 vna
714 1449 169 50 persona
837 1449 92 50 in
883 1449 154 50 ordine
990 1449 92 50 ad
1036 1449 154 50 aliam,
1144 1449 107 50 vel
1205 1449 123 50 duae
1282 1449 92 50 ad
1328 1449 138 50 vnam,
1420 1449 107 50 aut
1481 1449 107 50 vna
1543 1449 92 50 ad
1589 1449 138 50 duas.
1681 1449 215 50 Quapropter
1835 1449 61 50 ta

418 1500 93 49 lis
471 1500 185 49 proprietas
616 1500 93 49 non
669 1500 132 49 potest
761 1500 119 49 simul
841 1500 145 49 omnibus
947 1500 185 49 convenire.
1092 1500 119 49 Quare
1171 1500 119 49 licet
1251 1500 106 49 esse
1317 1500 66 49 a
1343 1500 93 49 quo
1396 1500 119 49 aliud
1475 1500 93 49 per
1528 1500 185 49 creatione,
1674 1500 93 49 sit
1726 1500 145 49 quaedam
1819 1500 66 49 pro

407 1535 150 57 prietas
517 1535 178 57 relatiua:
653 1535 109 57 quia
722 1535 123 57 tamen
804 1535 96 57 non
859 1535 96 57 est
913 1535 164 57 personae
1036 1535 82 57 ad
1077 1535 178 57 personam:
1214 1535 96 57 sed
1269 1535 191 57 communiter
1419 1535 164 57 convenit
1542 1535 150 57 omnibus
1652 1535 164 57 personis
1761 1535 123 57 diuinis

418 1579 72 53 &
446 1579 100 53 non
504 1579 115 53 nisi
575 1579 86 53 in
618 1579 143 53 ordine
719 1579 86 53 ad
762 1579 201 53 creaturas:
919 1579 129 53 nullo
1005 1579 143 53 igitur
1106 1579 115 53 modo
1177 1579 143 53 potest
1278 1579 115 53 dici
1349 1579 129 53 talis
1435 1579 201 53 proprietas
1593 1579 86 53 de
1636 1579 129 53 quali
1722 1579 86 53 ad
1751 1579 143 53 praesens

404 1622 95 59 est
459 1622 136 59 sermo:
554 1622 122 59 neque
635 1622 163 59 spiritus
757 1622 149 59 sancti,
865 1622 122 59 neque
947 1622 163 59 alicuius
1069 1622 163 59 alterius
1191 1622 163 59 personae
1313 1622 149 59 diuinae
1421 1622 108 59 siue
1489 1622 190 59 communiter
1638 1622 108 59 siue
1693 1622 203 59 singulariter.

423 1669 69 49 ⁋
451 1669 83 49 Ad
492 1669 166 49 secundum
617 1669 125 49 patet
700 1669 97 49 per
755 1669 125 49 idem.
839 1669 125 49 licet
922 1669 111 49 enim
991 1669 180 49 conueniat
1129 1669 166 49 spiritui
1254 1669 138 49 sancto
1351 1669 97 49 cum
1406 1669 125 49 patre
1489 1669 69 49 &
1517 1669 125 49 filio
1600 1669 111 49 quod
1669 1669 97 49 non
1725 1669 97 49 sit
1780 1669 83 49 ab
1808 1669 83 49 alio

414 1714 94 62 per
467 1714 202 62 creationem:
629 1714 94 62 non
683 1714 121 62 tamen
764 1714 121 62 sicut
845 1714 121 62 patri
926 1714 162 62 convenit
1047 1714 108 62 quod
1114 1714 94 62 non
1168 1714 94 62 sit
1222 1714 81 62 ab
1263 1714 108 62 alio
1330 1714 94 62 per
1384 1714 229 62 generationem:
1573 1714 108 62 quia
1640 1714 121 62 patri
1721 1714 162 62 convenit
1829 1714 67 62 non

408 1766 115 48 esse
479 1766 86 48 ab
522 1766 115 48 alio
594 1766 100 48 per
651 1766 244 48 generationem:
852 1766 115 48 quia
924 1766 115 48 ipse
995 1766 100 48 est
1053 1766 186 48 generans:
1196 1766 72 48 &
1224 1766 100 48 sic
1282 1766 72 48 a
1310 1766 100 48 quo
1368 1766 129 48 alius
1454 1766 129 48 habet
1540 1766 115 48 esse
1611 1766 143 48 primo:
1712 1766 72 48 &
1740 1766 100 48 qui
1798 1766 100 48 non
1841 1766 57 48 ha

401 1807 98 54 bet
457 1807 112 54 esse
527 1807 84 54 ab
569 1807 126 54 alio:
653 1807 98 54 sed
709 1807 84 54 ab
751 1807 112 54 ipso
821 1807 126 54 omnis
905 1807 140 54 alius:
1003 1807 70 54 &
1031 1807 98 54 sic
1087 1807 112 54 quia
1157 1807 112 54 ipse
1226 1807 98 54 est
1282 1807 140 54 primus
1380 1807 154 54 omnino:
1492 1807 112 54 quod
1562 1807 98 54 est
1618 1807 210 54 simpliciter
1772 1807 126 54 dignita

402 1857 110 53 tis:
471 1857 69 53 &
499 1857 165 53 secundum
623 1857 152 53 ordinem
733 1857 124 53 vnius
816 1857 165 53 personae
940 1857 152 53 diuinae
1050 1857 83 53 ad
1091 1857 138 53 alias:
1188 1857 124 53 super
1271 1857 110 53 quod
1340 1857 165 53 fundatur
1464 1857 110 53 illa
1533 1857 152 53 negatio
1643 1857 96 53 qua
1698 1857 124 53 pater
1767 1857 124 53 dicitur

407 1901 114 51 esse
478 1901 199 51 ingenitus,
634 1901 114 51 siue
705 1901 99 51 non
762 1901 142 51 habens
862 1901 114 51 esse
933 1901 85 51 ab
975 1901 114 51 alio
1046 1901 99 51 per
1103 1901 242 51 generationem:
1302 1901 85 51 vt
1345 1901 171 51 superius
1473 1901 185 51 expositum
1615 1901 114 51 est.
1686 1901 171 51 Spiritui
1800 1901 85 51 san-

408 1941 90 62 cto
460 1941 116 62 autem
537 1941 103 62 etsi
601 1941 180 62 communiter
742 1941 90 62 cum
794 1941 116 62 patre
871 1941 64 62 &
897 1941 116 62 filio
974 1941 167 62 conveniat
1103 1941 90 62 non
1154 1941 103 62 esse
1218 1941 77 62 ab
1257 1941 103 62 alio
1321 1941 90 62 per
1373 1941 193 62 creationem:
1527 1941 103 62 esto
1591 1941 103 62 quod
1656 1941 90 62 hoc
1707 1941 90 62 sit
1758 1941 103 62 quia
1810 1941 77 62 ipse

403 1993 94 57 est
456 1993 134 57 creans
550 1993 107 57 siue
618 1993 134 57 potens
712 1993 148 57 creare,
819 1993 107 57 quod
886 1993 94 57 est
940 1993 188 57 dignitatis
1088 1993 215 57 simpliciter:
1262 1993 81 57 vt
1303 1993 121 57 super
1383 1993 175 57 huiusmodi
1518 1993 228 57 affirmationem
1706 1993 161 57 fundetur
1813 1993 81 57 illa

411 2033 173 55 negatio:
540 2033 72 55 &
569 2033 101 55 sic
626 2033 101 55 sit
684 2033 201 55 dignitatis
842 2033 230 55 simpliciter:
1029 2033 115 55 quia
1101 2033 129 55 tamen
1187 2033 115 55 ista
1259 2033 173 55 dignitas
1389 2033 101 55 non
1446 2033 101 55 est
1504 2033 86 55 in
1547 2033 144 55 ordine
1648 2033 129 55 inter
1734 2033 129 55 ipsas
1806 2033 86 55 diui

406 2082 104 63 nas
466 2082 178 63 personas
599 2082 134 63 inter
688 2082 104 63 se:
747 2082 104 63 sed
807 2082 208 63 communiter
970 2082 89 63 in
1015 2082 148 63 ordine
1118 2082 163 63 ipsarum
1237 2082 89 63 ad
1282 2082 208 63 creaturas:
1445 2082 119 63 ideo
1519 2082 104 63 non
1578 2082 119 63 esse
1653 2082 89 63 ab
1697 2082 119 63 alio
1771 2082 104 63 per
1816 2082 74 63 cre

399 2125 178 62 ationem,
532 2125 104 62 non
592 2125 148 62 potest
695 2125 118 62 esse
769 2125 207 62 proprietas
932 2125 118 62 quae
1006 2125 104 62 est
1065 2125 133 62 notio
1154 2125 178 62 alicuius
1287 2125 178 62 personae
1420 2125 178 62 diuinae:
1554 2125 89 62 de
1598 2125 133 62 quali
1687 2125 104 62 est
1746 2125 133 62 sermo
1835 2125 89 62 ad

410 2178 194 54 praesens:
559 2178 134 54 sicut
649 2178 104 54 est
708 2178 104 54 non
768 2178 119 54 esse
843 2178 90 54 ab
887 2178 119 54 alio
962 2178 104 54 per
1022 2178 254 54 generationem:
1231 2178 119 54 quia
1305 2178 104 54 est
1365 2178 209 54 proprietas
1529 2178 194 54 pertinens
1678 2178 90 54 ad
1708 2178 179 54 dignitatem

403 2220 250 58 simpliciter,
606 2220 78 58 &
638 2220 187 58 conuenit
778 2220 109 58 vni
841 2220 187 58 personae
981 2220 172 58 diuinae
1106 2220 94 58 in
1153 2220 156 58 ordine
1262 2220 94 58 ad
1309 2220 156 58 aliam.
1418 2220 125 58 Vnde
1497 2220 78 58 &
1528 2220 172 58 negatio
1653 2220 203 58 importata
1793 2220 94 58 nomi

408 2265 93 50 ne
454 2265 200 50 ingeniti:
608 2265 139 50 licet
701 2265 185 50 fundetur
839 2265 139 50 super
932 2265 185 50 rationem
1071 2265 216 50 primitatis
1240 2265 108 50 qua
1302 2265 77 50 a
1333 2265 139 50 patre
1425 2265 139 50 habet
1518 2265 123 50 esse
1595 2265 139 50 omnis
1688 2265 139 50 alius
1780 2265 77 50 &
1795 2265 93 50 omne

402 2309 152 63 aliud:
508 2309 107 63 non
569 2309 137 63 tamen
660 2309 137 63 habet
752 2309 183 63 rationem
889 2309 213 63 dignitatis
1056 2309 228 63 notionalis:
1239 2309 198 63 inquantum
1391 2309 122 63 illa
1467 2309 183 63 primitas
1604 2309 183 63 respicit
1741 2309 137 63 aliud
1832 2309 91 63 in

407 2357 204 50 creaturis:
568 2357 102 50 sed
626 2357 190 50 solummodo
772 2357 190 50 inquantum
918 2357 175 50 respicit
1050 2357 161 50 aliquos
1167 2357 88 50 in
1210 2357 175 50 diuinis.
1342 2357 73 50 ⁋
1371 2357 88 50 Ad
1415 2357 175 50 tertium,
1546 2357 117 50 quod
1619 2357 131 50 sicut
1707 2357 131 50 patri
1780 2357 102 50 conue

406 2398 99 57 nit
462 2398 113 57 esse
533 2398 71 57 a
562 2398 99 57 quo
618 2398 127 57 omnis
703 2398 127 57 alius
788 2398 85 57 in
831 2398 170 57 diuinis:
958 2398 99 57 sic
1015 2398 170 57 spiritui
1142 2398 142 57 sancto
1241 2398 170 57 conuenit
1369 2398 113 57 esse
1440 2398 71 57 a
1468 2398 99 57 quo
1525 2398 142 57 nullus
1624 2398 127 57 alius
1709 2398 85 57 in
1751 2398 170 57 diuinis:

407 2443 112 61 Dico
477 2443 112 61 quod
548 2443 127 61 verum
632 2443 112 61 est:
702 2443 98 61 hoc
758 2443 155 61 excepto
871 2443 112 61 quod
941 2443 127 61 illud
1025 2443 98 61 est
1082 2443 197 61 dignitatis
1236 2443 84 61 in
1279 2443 127 61 patre
1363 2443 225 61 simpliciter:
1546 2443 98 61 non
1602 2443 98 61 sic
1658 2443 127 61 istud
1742 2443 84 61 in
1771 2443 112 61 spiri-

413 2491 87 58 tu
457 2491 160 58 sancto.
573 2491 73 58 &
602 2491 102 58 hoc
660 2491 116 58 ideo
733 2491 116 58 quia
806 2491 87 58 si
849 2491 160 58 aliquid
966 2491 102 58 est
1024 2491 203 58 dignitatis
1184 2491 232 58 simpliciter:
1372 2491 116 58 eius
1445 2491 203 58 contrarium
1605 2491 102 58 non
1663 2491 102 58 est
1707 2491 174 58 dignitatis

414 2530 237 58 simpliciter.
606 2530 89 58 Et
651 2530 133 58 ideo,
740 2530 118 58 quia
813 2530 118 58 esse
887 2530 74 58 a
917 2530 104 58 quo
976 2530 133 58 alius
1065 2530 89 58 in
1109 2530 163 58 diuinis
1227 2530 104 58 est
1287 2530 207 58 dignitatis
1449 2530 237 58 simpliciter:
1641 2530 133 58 nullo
1730 2530 118 58 modo
1789 2530 89 58 esse

396 2587 72 57 a
424 2587 101 57 quo
482 2587 145 57 nullus
584 2587 130 57 alius
671 2587 87 57 in
714 2587 159 57 diuinis
830 2587 145 57 potest
931 2587 116 57 esse
1003 2587 203 57 dignitatis
1163 2587 232 57 simpliciter:
1351 2587 130 57 sicut
1438 2587 130 57 neque
1525 2587 101 57 non
1582 2587 159 57 genitor
1698 2587 145 57 potest
1785 2587 87 57 esse

407 2622 204 71 proprietas
568 2622 146 71 filii:
670 2622 131 71 licet
757 2622 102 71 non
815 2622 160 71 genitum
932 2622 102 71 sit
990 2622 204 71 proprietas
1150 2622 160 71 patris:
1266 2622 87 71 vt
1310 2622 160 71 habitum
1427 2622 102 71 est
1485 2622 131 71 supra
1572 2622 87 71 in
1616 2622 146 71 quarta
1703 2622 175 71 quaestione

406 2675 88 55 de
450 2675 264 55 proprietatibus
671 2675 147 55 filii.
773 2675 162 55 Propter
891 2675 117 55 quod
964 2675 162 55 deficit
1082 2675 162 55 simile,
1199 2675 73 55 &
1229 2675 103 55 non
1288 2675 191 55 sequitur:
1434 2675 132 55 licet
1523 2675 117 55 esse
1596 2675 73 55 a
1625 2675 103 55 quo
1684 2675 132 55 omnis
1758 2675 117 55 alius,

397 2716 109 78 sit
460 2716 187 78 proprium
600 2716 155 78 patri:
708 2716 78 78 &
739 2716 109 78 hoc
802 2716 93 78 in
848 2716 155 78 duabus
957 2716 218 78 notionibus
1128 2716 124 78 quae
1206 2716 124 78 sunt
1284 2716 202 78 generare,
1439 2716 187 78 spirare:
1579 2716 93 78 vt
1626 2716 155 78 tactum
1735 2716 109 78 est
1781 2716 109 78 supra
