2017 3208
697 257 115 63 Irca
768 257 157 63 quartum
883 257 172 63 arguitur
1012 257 115 63 quod
1083 257 172 63 spiritus
1212 257 157 63 sanctus
1326 257 100 63 non
1384 257 172 63 spiretur
1513 257 72 63 a
1541 257 129 63 patre
1627 257 86 63 in
1670 257 143 63 filium
1770 257 100 63 nec
1813 257 86 63 econ

684 313 139 53 uerso,
782 313 125 53 Primo
865 313 111 53 sic.
935 313 167 53 spiritus
1060 313 153 53 sanctus
1171 313 167 53 spiratur
1297 313 84 53 vt
1338 313 195 53 subsistens
1491 313 167 53 persona.
1617 313 153 53 Persona
1728 313 125 53 autem
1798 313 97 53 omnis

687 362 197 51 subsistens
842 362 84 51 vt
884 362 197 51 subsistens
1039 362 183 51 subsistit
1179 362 84 51 in
1222 362 155 51 seipsa:
1334 362 84 51 vt
1376 362 127 51 patet
1461 362 84 51 ex
1503 362 141 51 natura
1602 362 169 51 personae
1728 362 169 51 superius
1841 362 56 51 ex

698 414 137 46 posita:
797 414 100 46 ergo
860 414 150 46 spiritus
972 414 137 46 sanctus
1072 414 150 46 spiratur
1185 414 75 46 vt
1222 414 75 46 in
1260 414 125 46 seipso
1347 414 187 46 subsistens,
1497 414 125 46 quaere
1584 414 162 46 inquantum
1709 414 150 46 spiratur
1822 414 62 46 a
1834 414 50 46 pa

696 455 97 51 tre
751 455 166 51 spiratur
876 455 83 51 in
917 455 152 51 seipso:
1027 455 69 51 &
1055 455 97 51 sic
1110 455 97 51 non
1165 455 83 51 in
1207 455 124 51 alium
1290 455 83 51 vt
1331 455 83 51 in
1373 455 152 51 filium:
1483 455 69 51 &
1511 455 179 51 inquantum
1649 455 166 51 spiratur
1773 455 69 51 a
1787 455 110 51 filio,

681 496 182 54 similiter
821 496 168 54 spiratur
947 496 84 54 in
989 496 140 54 seipso
1087 496 70 54 &
1115 496 98 54 non
1171 496 84 54 in
1213 496 154 54 patrem.
1324 496 70 54 â‹
1352 496 154 54 Secundo
1464 496 112 54 sic.
1534 496 168 54 spiritus
1660 496 154 54 sanctus
1758 496 140 54 spiratur

414 549 89 53 vt
459 549 119 53 amor
533 549 194 53 procedens
682 549 104 53 per
742 549 238 53 expressionem
935 549 119 53 siue
1010 549 223 53 excussionem
1188 549 104 53 aut
1248 549 268 53 exsufflationem
1471 549 74 53 a
1501 549 194 53 voluntate
1650 549 164 53 communi
1769 549 149 53 patris
1858 549 45 53 &

398 589 143 53 filii,
498 589 201 53 econtrario
656 589 215 53 generationi
828 589 129 53 filii
914 589 100 53 qui
972 589 187 53 generatur
1115 589 86 53 vt
1158 589 158 53 notitia
1273 589 187 53 procedens
1416 589 100 53 per
1474 589 230 53 impressionem
1660 589 115 53 siue
1718 589 172 53 informatio

414 632 103 51 nem
473 632 73 51 a
502 632 161 51 notitia
619 632 176 51 simplici
751 632 147 51 patris
854 632 88 51 in
898 632 205 51 intellectu
1059 632 161 51 paterno
1176 632 176 51 secundum
1308 632 176 51 superius
1440 632 132 51 dicta
1528 632 73 51 &
1557 632 176 51 inferius
1689 632 161 51 amplius
1791 632 103 51 dicen

409 678 95 47 da.
464 678 95 47 sed
518 678 176 47 procedens
653 678 81 47 ab
694 678 135 47 aliquo
789 678 81 47 vt
829 678 176 47 expressum
965 678 108 47 siue
1032 678 162 47 excussum
1154 678 81 47 ab
1195 678 149 47 aliquo,
1303 678 95 47 non
1357 678 162 47 procedit
1479 678 81 47 in
1520 678 135 47 illud,
1615 678 108 47 quia
1682 678 203 47 reciperetur
1845 678 81 47 in

415 723 143 50 illud.
515 723 115 50 idem
587 723 129 50 autem
673 723 100 50 non
730 723 143 50 potest
830 723 115 50 esse
902 723 172 50 terminus
1031 723 72 50 a
1059 723 100 50 quo
1117 723 229 50 excussionis,
1303 723 72 50 &
1331 723 86 50 in
1374 723 115 50 quem
1446 723 229 50 receptionis:
1632 723 115 50 quia
1704 723 115 50 sunt
1761 723 129 50 termini

413 769 123 55 quasi
495 769 123 55 vnius
577 769 136 55 motus,
672 769 123 55 cuius
754 769 95 55 non
808 769 136 55 potest
904 769 109 55 esse
972 769 163 55 terminus
1094 769 68 55 a
1121 769 95 55 quo
1176 769 123 55 vnius
1258 769 68 55 &
1285 769 82 55 ad
1326 769 123 55 quem.
1407 769 109 55 Quod
1475 769 109 55 enim
1544 769 95 55 est
1598 769 163 55 terminus
1721 769 68 55 a
1748 769 95 55 quo
1789 769 95 55 motus

414 814 167 53 deorsum,
539 814 181 53 nequaquam
679 814 139 53 potest
776 814 111 53 esse
846 814 167 53 terminus
971 814 84 53 ad
1013 814 111 53 quem
1083 814 125 53 eius:
1166 814 111 53 quia
1236 814 181 53 contraria
1375 814 139 53 essent
1473 814 125 53 simul
1557 814 84 53 in
1598 814 139 53 eodem.
1696 814 111 53 ergo
1752 814 139 53 voluntas

422 861 128 53 conis
507 861 142 53 patris
606 861 71 53 &
635 861 128 53 filii
720 861 99 53 cum
777 861 99 53 sit
834 861 170 53 terminus
962 861 71 53 a
990 861 99 53 quo
1047 861 142 53 amoris
1146 861 213 53 procedentis
1317 861 99 53 qui
1373 861 99 53 est
1430 861 170 53 spiritus
1558 861 170 53 sanctus,
1686 861 128 53 nullo
1771 861 114 53 modo
1828 861 71 53 er-

414 904 89 57 go
459 904 149 57 potest
563 904 119 57 esse
637 904 178 57 terminus
771 904 89 57 in
816 904 119 57 quem
890 904 193 57 spiratur,
1039 904 119 57 siue
1113 904 104 57 per
1172 904 223 57 spirationem
1351 904 178 57 procedit
1485 904 178 57 spiritus
1618 904 178 57 sanctus.
1752 904 104 57 Sed
1797 904 89 57 amor

416 956 102 56 non
475 956 175 56 procedit
606 956 102 56 aut
664 956 190 56 recipitur
810 956 87 56 in
854 956 175 56 aliquid,
985 956 117 56 nisi
1058 956 87 56 in
1102 956 190 56 voluntate
1247 956 219 56 recipiatur:
1422 956 131 56 quare
1510 956 102 56 cum
1568 956 73 56 a
1597 956 131 56 patre
1685 956 190 56 procedens
1816 956 73 56 spi

408 995 142 52 ratur,
507 995 99 52 non
564 995 142 52 potest
663 995 185 52 procedere
805 995 85 52 in
848 995 199 52 voluntatem
1004 995 142 52 filii,
1103 995 99 52 nec
1160 995 199 52 econuerso:
1316 995 114 52 quia
1387 995 128 52 eadem
1472 995 99 52 est
1529 995 170 52 voluntas
1657 995 142 52 patris
1756 995 71 52 &
1784 995 128 52 filii
1855 995 43 52 a

424 1042 100 51 qua
481 1042 186 51 procedit.
624 1042 129 51 nullo
710 1042 115 51 ergo
782 1042 115 51 modo
854 1042 172 51 spiritus
983 1042 158 51 sanctus
1097 1042 100 51 cum
1155 1042 172 51 spiratur
1284 1042 72 51 a
1312 1042 143 51 patre.
1413 1042 172 51 spiratur
1542 1042 86 51 in
1585 1042 143 51 filium
1685 1042 100 51 nec
1728 1042 172 51 econuerso.

426 1086 66 53 â‹
452 1086 145 53 Contra.
557 1086 118 53 dicit
636 1086 158 53 Damasce.
755 1086 105 53 lib.
820 1086 79 53 i.
860 1086 105 53 cap.
926 1086 79 53 x.
965 1086 158 53 secundum
1084 1086 171 53 opinionem
1215 1086 184 53 graecorum.
1360 1086 132 53 Spnium
1452 1086 145 53 sanctum
1557 1086 171 53 procedere
1689 1086 66 53 a
1715 1086 118 53 patre
1781 1086 118 53 dicimus

420 1136 166 56 procedere
548 1136 115 56 autem
624 1136 115 56 ipsum
701 1136 64 56 a
726 1136 115 56 filio
803 1136 89 56 non
854 1136 153 56 dicimus.
968 1136 89 56 sed
1019 1136 166 56 procedens
1147 1136 64 56 a
1172 1136 115 56 patre
1249 1136 153 56 quiescit
1364 1136 76 56 in
1402 1136 127 56 filio.
1491 1136 89 56 sed
1542 1136 89 56 non
1593 1136 178 56 quiesceret
1733 1136 76 56 in
1772 1136 115 56 filio
1835 1136 64 56 pro

420 1175 116 50 cedens
502 1175 58 50 a
525 1175 116 50 patre,
606 1175 93 50 nisi
664 1175 139 50 prcedens
768 1175 58 50 a
791 1175 128 50 philrse
884 1175 162 50 procederet
1012 1175 70 50 in
1047 1175 128 50 filium.
1139 1175 93 50 ista
1197 1175 104 50 autem
1267 1175 151 50 processio
1383 1175 139 50 spiratio
1487 1175 93 50 est.
1545 1175 139 50 spiritus
1650 1175 128 50 sanctus
1742 1175 93 50 ergo
1800 1175 58 50 a
1812 1175 81 50 patre

418 1222 140 55 spiratur
523 1222 70 55 in
558 1222 117 55 filium
640 1222 140 55 secundum
745 1222 164 55 sententiam
874 1222 152 55 graecorum
991 1222 128 55 tantum.
1084 1222 70 55 in
1119 1222 82 55 hoc
1166 1222 93 55 quod
1224 1222 152 55 procedens
1341 1222 58 55 a
1364 1222 105 55 patre
1434 1222 140 55 quiescit
1540 1222 70 55 in
1575 1222 117 55 filio,
1656 1222 82 55 non
1703 1222 187 55 contradicunt
1843 1222 47 55 la

416 1272 116 59 tini:
494 1272 103 59 ergo
558 1272 116 59 eadem
636 1272 142 59 ratione
739 1272 168 59 procedens
868 1272 65 59 a
894 1272 116 59 filio
971 1272 155 59 secundum
1087 1272 142 59 latinos
1191 1272 155 59 procedit
1307 1272 77 59 in
1346 1272 142 59 patrem,
1449 1272 116 59 quare
1526 1272 90 59 cum
1578 1272 155 59 secundum
1694 1272 142 59 latinos
1785 1272 103 59 quando

417 1313 164 58 spiratur
540 1313 164 58 procedit
663 1313 123 58 simul
745 1313 68 58 a
772 1313 123 58 patre
854 1313 68 58 &
881 1313 137 58 filio,
977 1313 218 58 consimiliter
1154 1313 164 58 spiratur
1277 1313 123 58 etiam
1359 1313 68 58 a
1387 1313 123 58 patre
1468 1313 82 58 in
1509 1313 150 58 filium,
1619 1313 68 58 &
1632 1313 164 58 econuerso.

416 1366 84 64 â‹
450 1366 220 64 Priusquam
619 1366 101 64 ad
669 1366 287 64 dissolutionem
906 1366 152 64 huius
1007 1366 253 64 quaestionis
1210 1366 270 64 descendatur,
1429 1366 253 64 aduertendum
1632 1366 118 64 est
1699 1366 101 64 in
1750 1366 118 64 qua
1801 1366 101 64 ema-

420 1412 166 50 natione
541 1412 226 50 proponatur,
722 1412 75 50 &
752 1412 166 50 quomodo
872 1412 226 50 proponatur.
1053 1412 211 50 Proponitur
1219 1412 136 50 autem
1310 1412 181 50 quaestio
1446 1412 181 50 praesens
1581 1412 90 50 de
1627 1412 211 50 emanatione
1777 1412 121 50 secun-

400 1461 91 48 da
445 1461 91 48 in
491 1461 183 48 diuinis:
628 1461 122 48 quia
705 1461 91 48 in
750 1461 122 48 ipsa
826 1461 137 48 sola,
918 1461 76 48 &
948 1461 107 48 non
1009 1461 91 48 in
1055 1461 213 48 emanatione
1223 1461 137 48 prima
1314 1461 152 48 potest
1421 1461 152 48 habere
1527 1461 152 48 locum.
1634 1461 137 48 Prima
1725 1461 122 48 enim
1786 1461 107 48 emana

406 1508 96 51 tio
461 1508 96 51 est
516 1508 165 51 secundae
639 1508 165 51 personae
763 1508 69 51 a
790 1508 123 51 prima
873 1508 96 51 vna
927 1508 82 51 in
969 1508 96 51 qua
1023 1508 165 51 procedit
1147 1508 69 51 a
1174 1508 110 51 sola
1243 1508 151 51 altera:
1352 1508 82 51 vt
1394 1508 178 51 propterea
1531 1508 96 51 non
1586 1508 96 51 sit
1640 1508 192 51 dubitatio:
1791 1508 110 51 quin
1846 1508 55 51 si

409 1554 91 51 cut
461 1554 91 51 vna
513 1554 104 51 sola
578 1554 91 51 est
630 1554 156 51 terminus
746 1554 65 51 a
772 1554 104 51 quo:
837 1554 91 51 sic
889 1554 91 51 vna
941 1554 104 51 sola
1006 1554 91 51 sit
1058 1554 156 51 terminus
1174 1554 78 51 ad
1213 1554 117 51 quem:
1291 1554 78 51 in
1330 1554 104 51 quae
1395 1554 130 51 sistat
1486 1554 156 51 emanatio
1603 1554 78 51 vt
1642 1554 78 51 in
1680 1554 78 51 se
1706 1554 182 51 subsistente:

405 1592 66 61 &
431 1592 118 61 nullo
510 1592 105 61 modo
576 1592 79 61 in
615 1592 118 61 alium
694 1592 171 61 tendente.
825 1592 144 61 Secunda
930 1592 105 61 vero
996 1592 158 61 emanatio
1114 1592 92 61 est
1167 1592 144 61 tertiae
1272 1592 158 61 personae
1390 1592 66 61 a
1416 1592 105 61 sola
1482 1592 144 61 persona
1587 1592 118 61 prima
1666 1592 158 61 secundum
1771 1592 118 61 graecos

412 1644 104 50 vel
472 1644 74 50 a
501 1644 134 50 prima
591 1644 74 50 &
621 1644 164 50 secunda
740 1644 134 50 simul
829 1644 179 50 secundum
963 1644 179 50 latinos:
1097 1644 89 50 vt
1142 1644 194 50 propterea
1291 1644 134 50 licet
1380 1644 149 50 certum
1484 1644 134 50 esset
1573 1644 89 50 de
1618 1644 164 50 termino
1737 1644 74 50 a
1767 1644 119 50 quo:
1841 1644 89 50 an

408 1687 168 59 scilicet
534 1687 140 59 essent
632 1687 98 59 due
688 1687 182 59 personae,
828 1687 84 59 an
870 1687 98 59 vna
926 1687 126 59 sola:
1010 1687 182 59 dubitatio
1150 1687 126 59 tamen
1235 1687 126 59 manet
1319 1687 84 59 an
1361 1687 98 59 vna
1417 1687 112 59 sola
1487 1687 154 59 persona
1599 1687 98 59 sit
1655 1687 168 59 terminus
1781 1687 84 59 ad
1809 1687 84 59 quem

411 1732 91 56 in
456 1732 107 56 qua
517 1732 152 56 sistat
624 1732 198 56 emanatio.
777 1732 122 56 Quia
853 1732 137 56 talis
944 1732 183 56 emanatio
1081 1732 168 56 sistere
1203 1732 152 56 potest
1310 1732 91 56 in
1356 1732 152 56 aliquo
1462 1732 229 56 dupliciter.
1645 1732 107 56 Vno
1706 1732 122 56 modo
1782 1732 91 56 vt
1828 1732 91 56 in

416 1784 189 51 producto
558 1784 252 51 subsistente.
762 1784 126 51 Alio
841 1784 126 51 modo
919 1784 94 51 vt
966 1784 94 51 in
1014 1784 220 51 recipiente
1187 1784 94 51 in
1234 1784 189 51 seipsum,
1375 1784 220 51 productum.
1548 1784 94 51 De
1595 1784 141 51 primo
1690 1784 157 51 quidem
1800 1784 126 51 modo

407 1830 202 47 terminandi
565 1830 101 47 eam
623 1830 144 47 certum
724 1830 101 47 est
782 1830 116 47 quod
854 1830 130 47 vnica
941 1830 159 47 persona
1056 1830 101 47 est
1114 1830 173 47 terminus
1244 1830 116 47 eius
1316 1830 87 47 in
1360 1830 101 47 quo
1417 1830 144 47 sistat
1519 1830 116 47 ipsa
1591 1830 159 47 persona
1706 1830 173 47 spiritus
1822 1830 72 47 san

411 1870 103 59 cti
470 1870 191 59 producta.
617 1870 88 59 De
661 1870 161 59 secundo
778 1870 132 59 autem
866 1870 117 59 modo
939 1870 103 59 est
998 1870 191 59 dubitatio
1145 1870 88 59 in
1189 1870 161 59 vtroque
1306 1870 117 59 modo
1380 1870 205 59 producendi
1541 1870 147 59 spnium
1644 1870 176 59 sanctum,
1776 1870 73 59 &
1790 1870 103 59 secun

410 1917 96 54 dum
465 1917 165 54 graecos,
589 1917 69 54 &
617 1917 165 54 secundum
741 1917 165 54 latinos.
865 1917 110 54 siue
934 1917 110 54 enim
1003 1917 69 54 a
1031 1917 110 54 solo
1099 1917 124 54 patre
1182 1917 179 54 procedat:
1320 1917 110 54 siue
1389 1917 110 54 non:
1458 1917 96 54 cum
1513 1917 165 54 emanatio
1637 1917 124 54 filii
1720 1917 96 54 sit
1775 1917 124 54 prima
1844 1917 55 54 re

407 1957 144 53 spectu
507 1957 215 53 emanationis
680 1957 172 53 spiritus
809 1957 158 53 sancti,
924 1957 144 53 semper
1024 1957 187 53 dubitatio
1168 1957 129 53 manet
1254 1957 86 53 an
1297 1957 101 53 cum
1355 1957 101 53 hoc
1412 1957 115 53 quod
1484 1957 172 53 procedat
1613 1957 72 53 a
1642 1957 129 53 patre
1728 1957 86 53 vt
1757 1957 129 53 persona

405 2005 206 60 subsistens,
570 2005 110 60 eius
639 2005 179 60 productio
776 2005 124 60 quasi
859 2005 165 60 vlterius
983 2005 137 60 tendat
1079 2005 82 60 in
1120 2005 151 60 filium,
1230 2005 82 60 vt
1271 2005 110 60 ipse
1340 2005 179 60 productus
1478 2005 69 60 a
1505 2005 124 60 patre
1588 2005 96 60 per
1643 2005 110 60 suam
1698 2005 192 60 productionem

412 2052 213 51 recipiatur
579 2052 91 51 in
625 2052 152 51 filium
731 2052 106 51 vin
792 2052 182 51 terminum
928 2052 213 51 vlteriorem
1096 2052 76 51 &
1126 2052 182 51 alterius
1263 2052 182 51 generis.
1400 2052 122 51 Alia
1476 2052 122 51 enim
1551 2052 106 51 est
1612 2052 137 51 ratio
1703 2052 167 51 termini
1825 2052 106 51 qua

410 2097 161 58 aliquis
527 2097 102 58 est
586 2097 175 58 terminus
717 2097 234 58 productionis
907 2097 88 58 vt
951 2097 131 58 ipsum
1038 2097 204 58 productum:
1199 2097 73 58 &
1228 2097 117 58 alia
1301 2097 102 58 qua
1360 2097 161 58 aliquis
1476 2097 102 58 est
1535 2097 175 58 terminus
1666 2097 234 58 productionis
1842 2097 58 58 vt

411 2143 191 48 receptiuum
562 2143 82 48 in
603 2143 82 48 se
644 2143 137 48 ipsius
739 2143 178 48 producti:
876 2143 205 48 quemadmodum
1040 2143 123 48 alius
1122 2143 96 48 est
1177 2143 164 48 terminus
1300 2143 219 48 generationis
1478 2143 137 48 grauis
1574 2143 164 48 scilicet
1697 2143 123 48 ipsum
1779 2143 137 48 graue:

413 2187 121 50 alius
493 2187 108 50 vero
561 2187 94 50 est
614 2187 108 50 ipse
682 2187 121 50 locus
762 2187 135 50 grauis
857 2187 162 50 deorsum.
978 2187 67 50 â‹
1005 2187 188 50 Proponitur
1153 2187 121 50 etiam
1234 2187 108 50 ista
1301 2187 162 50 quaestio
1422 2187 81 50 de
1462 2187 108 50 modo
1530 2187 188 50 producendi
1678 2187 148 50 ispnium
1772 2187 121 50 sanctum

408 2234 79 48 ex
447 2234 119 48 parte
527 2234 146 48 termini
633 2234 146 48 secundo
739 2234 106 48 modo
805 2234 132 48 dicti:
897 2234 106 48 Aum.
964 2234 159 48 scilicet
1083 2234 79 48 ab
1122 2234 93 48 vna
1175 2234 132 48 duarum
1268 2234 159 48 primarum
1387 2234 185 48 personarum
1533 2234 185 48 producatur
1678 2234 79 48 in
1718 2234 159 48 alteram,
1824 2234 66 48 tam

409 2277 106 55 quam
475 2277 80 55 in
515 2277 119 55 illam
594 2277 133 55 tendat
687 2277 172 55 productio
820 2277 106 55 ipsa
886 2277 119 55 quasi
965 2277 80 55 in
1005 2277 159 55 terminum
1124 2277 159 55 abextra:
1244 2277 93 55 cum
1297 2277 146 55 dicitur
1403 2277 80 55 in
1443 2277 106 55 casu
1509 2277 186 55 accusatiuo
1655 2277 80 55 an
1694 2277 159 55 spiritus
1800 2277 80 55 san-

412 2330 115 50 ctus
483 2330 172 50 procedat
612 2330 100 50 vel
670 2330 172 50 spiretur
799 2330 72 50 a
828 2330 129 50 patre
914 2330 86 50 in
957 2330 158 50 filium.
1071 2330 100 50 Non
1129 2330 129 50 autem
1215 2330 201 50 proponitur
1373 2330 86 50 an
1416 2330 86 50 ab
1459 2330 100 50 vna
1516 2330 158 50 illarum
1631 2330 172 50 primarum
1746 2330 143 50 persona-

412 2373 92 48 rum
464 2373 184 48 producatur
609 2373 79 48 in
648 2373 145 48 altera,
754 2373 145 48 tamquam
859 2373 118 48 infra
938 2373 118 48 illam
1016 2373 105 48 fiat
1082 2373 105 48 ipsa
1148 2373 171 48 productio
1279 2373 118 48 quasi
1358 2373 118 48 infra
1437 2373 131 48 ipsum:
1529 2373 79 48 vt
1568 2373 171 48 diceretur
1700 2373 79 48 in
1739 2373 105 48 casu
1792 2373 105 48 ablati

412 2414 85 57 uo
454 2414 85 57 an
497 2414 169 57 spiritus
624 2414 155 57 sanctus
737 2414 169 57 procedat
864 2414 99 57 vel
920 2414 169 57 spiretur
1047 2414 71 57 a
1075 2414 127 57 patre
1160 2414 85 57 in
1202 2414 141 57 filio.
1301 2414 85 57 De
1344 2414 99 57 hoc
1400 2414 113 57 enim
1471 2414 155 57 secundo
1583 2414 113 57 modo
1654 2414 127 57 nulla
1739 2414 99 57 est
1781 2414 113 57 dubita

414 2461 105 50 tio.
480 2461 92 50 Cum
532 2461 105 50 enim
598 2461 105 50 tres
664 2461 145 50 diuinae
769 2461 158 50 personae
888 2461 105 50 sint
954 2461 119 50 vnius
1033 2461 211 50 substantiae:
1204 2461 66 50 &
1230 2461 250 50 inseparabiliter
1441 2461 92 50 vna
1494 2461 145 50 existat
1599 2461 66 50 &
1626 2461 171 50 subsistat
1757 2461 79 50 in
1784 2461 105 50 altera

406 2503 181 59 secundum
542 2503 136 59 modum
633 2503 181 59 superius
769 2503 212 59 expositum:
935 2503 106 59 vna
995 2503 166 59 illarum
1116 2503 106 59 non
1177 2503 151 59 potest
1282 2503 106 59 non
1343 2503 166 59 produci
1464 2503 91 59 in
1509 2503 151 59 altera
1615 2503 121 59 quae
1691 2503 136 59 prima
1781 2503 106 59 est
1827 2503 60 59 re

405 2551 139 51 spectu
503 2551 153 51 illius.
614 2551 111 51 vnde
684 2551 125 51 pater
767 2551 167 51 producit
892 2551 70 51 &
920 2551 153 51 generat
1032 2551 139 51 filium
1129 2551 84 51 in
1171 2551 153 51 seipso,
1282 2551 70 51 &
1310 2551 167 51 producit
1435 2551 111 51 siue
1505 2551 139 51 spirat
1603 2551 153 51 spantum
1714 2551 153 51 sanctum
1825 2551 84 51 in

419 2597 132 51 seipso
511 2597 66 51 &
538 2597 79 51 in
577 2597 145 51 filium:
683 2597 92 51 sed
736 2597 132 51 clarum
828 2597 92 51 est
881 2597 106 51 quod
947 2597 119 51 pater
1026 2597 92 51 non
1079 2597 132 51 spirat
1171 2597 106 51 siue
1237 2597 158 51 producit
1356 2597 145 51 sprntum
1462 2597 145 51 sctuntm
1567 2597 79 51 in
1607 2597 145 51 seipsum
1712 2597 145 51 propter
1805 2597 79 51 con-

407 2642 222 53 trarietatem
585 2642 207 53 terminorum
748 2642 133 53 circa
837 2642 133 53 idem:
926 2642 89 53 vt
970 2642 148 53 tactum
1074 2642 104 53 est
1133 2642 89 53 in
1178 2642 163 53 secunda
1296 2642 178 53 ratione.
1430 2642 74 53 â‹
1459 2642 148 53 Restat
1563 2642 119 53 bona
1637 2642 207 53 dubitatio:
1800 2642 89 53 An
1830 2642 59 53 pa

421 2685 101 52 ter
478 2685 173 52 producat
608 2685 115 52 siue
680 2685 144 52 spiret
781 2685 159 52 spantum
896 2685 159 52 sanctum
1011 2685 86 52 in
1055 2685 144 52 filium
1156 2685 72 52 &
1184 2685 187 52 econuerso
1328 2685 173 52 secundum
1458 2685 101 52 iam
1516 2685 144 52 tactum
1617 2685 130 52 modum
1703 2685 159 52 propter
1804 2685 72 52 di-

416 2737 202 64 uersitatem
574 2737 202 64 terminorum
732 2737 72 64 a
761 2737 101 64 quo
819 2737 72 64 &
847 2737 86 64 in
891 2737 130 64 quem.
977 2737 202 64 Dissolutio
1135 2737 130 64 autem
1222 2737 216 64 quaestionis
1395 2737 101 64 est
1452 2737 202 64 aduertenda
1610 2737 86 64 ex
1654 2737 115 64 modo
1711 2737 173 64 processio
