2017 3177
690 242 107 78 lrca
757 242 147 78 quintum
864 242 161 78 arguitur
984 242 107 78 quod
1051 242 161 78 spiritus
1171 242 147 78 sanctus
1278 242 80 78 in
1318 242 80 78 eo
1359 242 107 78 quod
1425 242 161 78 spiratur
1546 242 94 78 non
1599 242 161 78 procedit
1720 242 80 78 vt
1760 242 120 78 amor,
1827 242 80 78 Pri-

699 308 83 55 mo
741 308 111 55 sic.
810 308 111 55 Amor
879 308 97 55 cum
934 308 97 55 sit
989 308 138 55 passio
1086 308 152 55 quaedam
1197 308 180 55 contraria
1335 308 152 55 timori,
1445 308 166 55 procedit
1570 308 83 55 in
1611 308 111 55 esse
1680 308 97 55 per
1722 308 193 55 impressionem

702 347 71 62 a
730 347 156 62 conmodo
844 347 114 62 siue
915 347 114 62 bono
986 347 199 62 aestimato:
1142 347 128 62 sicut
1228 347 128 62 timor
1313 347 171 62 procedit
1441 347 85 62 in
1484 347 114 62 esse
1555 347 100 62 per
1612 347 227 62 impressionem
1796 347 71 62 a
1811 347 100 62 noci-

696 387 82 59 uo
737 387 110 59 siue
806 387 110 59 malo
875 387 192 59 aestimato.
1025 387 165 59 spiritus
1149 387 151 59 sanctus
1259 387 123 59 autem
1341 387 96 59 non
1396 387 165 59 procedit
1519 387 96 59 per
1574 387 123 59 modum
1656 387 233 59 impressionis:
1848 387 96 59 sed

691 444 141 51 potius
790 444 99 51 per
846 444 127 51 modum
931 444 240 51 expressionis,
1129 444 85 51 vt
1171 444 155 51 habitum
1284 444 99 51 est
1341 444 99 51 iam
1397 444 141 51 supra.
1496 444 113 51 ergo
1567 444 99 51 &c.
1623 444 71 51 ⁋
1652 444 155 51 Secundo
1765 444 113 51 sic.
1821 444 99 51 sicut

677 485 115 75 uase
749 485 130 75 habet
835 485 144 75 natura
936 485 86 75 ad
979 485 86 75 id
1022 485 115 75 quod
1094 485 173 75 procedit
1224 485 115 75 modo
1296 485 173 75 naturae,
1425 485 101 75 sic
1483 485 86 75 se
1526 485 115 75 amor
1598 485 130 75 habet
1685 485 86 75 ad
1728 485 86 75 id
1771 485 115 75 quod
1829 485 86 75 pro-

689 517 138 63 cedit
780 517 122 63 modo
857 517 168 63 amoris.
979 517 107 63 sed
1041 517 122 63 eius
1117 517 122 63 quid
1194 517 184 63 procedit
1331 517 122 63 modo
1408 517 168 63 naturae
1530 517 153 63 natura
1637 517 107 63 est
1699 517 138 63 ratio
1775 517 153 63 producti

426 567 82 72 ua
467 567 82 72 ex
508 567 123 72 parte
590 567 204 72 producentis
753 567 68 72 &
781 567 82 72 in
822 567 204 72 producente:
985 567 95 72 non
1040 567 123 72 autem
1121 567 82 72 in
1162 567 177 72 producto,
1299 567 82 72 vt
1340 567 123 72 patet
1421 567 82 72 in
1462 567 204 72 productione
1626 567 123 72 filii
1708 567 95 72 qui
1748 567 164 72 producitur

428 626 117 45 modo
501 626 175 45 naturae.
632 626 117 45 ergo
705 626 73 45 &
734 626 117 45 eius
807 626 102 45 qui
866 626 204 45 producitur
1026 626 117 45 modo
1099 626 160 45 amoris,
1215 626 117 45 amor
1288 626 102 45 est
1347 626 131 45 ratio
1434 626 204 45 productiua
1594 626 87 45 ex
1638 626 131 45 parte
1711 626 204 45 producentis.

431 657 73 72 &
461 657 88 72 in
505 657 220 72 producente.
680 657 117 72 nunc
753 657 132 72 autem
841 657 117 72 amor
914 657 102 72 non
973 657 102 72 est
1031 657 132 72 ratio
1119 657 205 72 productiua
1280 657 176 72 spiritus
1412 657 146 72 sancti
1514 657 88 72 in
1558 657 263 72 producentibus:
1778 657 102 72 sed
1822 657 102 72 volun

428 713 105 46 tas
488 713 120 46 nuda
563 713 196 46 conuersa,
714 713 181 46 secundum
849 713 135 46 modum
940 713 135 46 saepe
1030 713 151 46 tactum
1135 713 196 46 superius.
1286 713 120 46 ergo
1361 713 105 46 &c.
1421 713 75 46 ⁋
1451 713 166 46 Contra.
1572 713 181 46 spiritus
1707 713 166 46 sanctus
1813 713 105 46 proce

426 749 92 60 dit
479 749 66 60 a
505 749 172 60 principio
637 749 106 60 quod
703 749 92 60 est
756 749 172 60 voluntas.
888 749 106 60 nunc
954 749 106 60 quod
1020 749 158 60 procedit
1139 749 66 60 a
1165 749 172 60 principio
1297 749 106 60 quod
1363 749 92 60 est
1416 749 172 60 voluntas,
1548 749 79 60 eo
1588 749 106 60 modo
1654 749 158 60 procedit
1773 749 79 60 ab
1812 749 106 60 illo
1865 749 53 60 si

430 801 94 65 cut
483 801 121 65 natum
564 801 94 65 est
618 801 148 65 aliquid
726 801 175 65 procedere
860 801 67 65 a
887 801 175 65 principio
1022 801 108 65 quod
1089 801 94 65 est
1143 801 121 65 amor:
1224 801 108 65 quia
1291 801 108 65 quod
1359 801 162 65 voluntas
1480 801 121 65 agit,
1560 801 135 65 libere
1655 801 121 65 agit:
1736 801 108 65 quod
1803 801 94 65 est
1857 801 94 65 age

420 849 92 58 re
466 849 123 58 modo
543 849 169 58 amoris:
666 849 123 58 ergo
743 849 77 58 &
774 849 185 58 spiritus
912 849 169 58 sanctus
1036 849 185 58 dicendus
1174 849 108 58 est
1236 849 200 58 procedere
1390 849 123 58 modo
1451 849 139 58 amoris.

448 878 145 76 ⁋Dico
544 878 129 76 quod
625 878 193 76 quaestio
769 878 129 76 ista
850 878 161 76 potest
962 878 161 76 habere
1075 878 241 76 intellectum
1268 878 225 76 triplicem.
1445 878 241 76 Tripliciter
1638 878 129 76 enim
1718 878 177 76 aliquid
1831 878 64 76 po

419 940 119 58 test
494 940 194 58 intelligi
643 940 194 58 procedere
792 940 90 58 vt
837 940 119 58 amor
911 940 119 58 siue
986 940 119 58 modo
1061 940 164 58 amoris.
1180 940 104 58 Vno
1240 940 119 58 enim
1314 940 119 58 modo
1389 940 164 58 aliquid
1508 940 164 58 dicitur
1628 940 194 58 procedere
1777 940 119 58 modo
1836 940 75 58 ali

418 994 140 49 cuius,
516 994 112 49 quia
586 994 126 49 illud
671 994 98 49 est
727 994 126 49 ratio
811 994 112 49 quod
881 994 126 49 istud
965 994 182 49 procedit:
1106 994 70 49 &
1134 994 112 49 ideo
1204 994 112 49 modo
1274 994 140 49 illius
1373 994 182 49 procedit:
1513 994 211 49 quemadmodum
1681 994 154 49 dicimus
1794 994 112 49 quod
1850 994 70 49 fi-

423 1035 109 59 lius
491 1035 82 59 in
532 1035 150 59 diuinis
641 1035 163 59 procedit
764 1035 109 59 modo
832 1035 163 59 naturae:
954 1035 123 59 quia.
1036 1035 163 59 scilicet
1158 1035 136 59 natura
1254 1035 95 59 est
1308 1035 123 59 ratio
1390 1035 95 59 qua
1444 1035 177 59 procedit.
1580 1035 150 59 Secundo
1689 1035 123 59 autem
1771 1035 109 59 modo
1825 1035 82 59 dici

426 1075 104 56 tur
485 1075 163 56 aliquid
604 1075 193 56 procedere
752 1075 119 56 modo
827 1075 193 56 alicuius:
975 1075 119 56 quia
1049 1075 178 56 procedit
1182 1075 74 56 a
1212 1075 104 56 suo
1271 1075 193 56 principio
1420 1075 89 56 eo
1464 1075 119 56 modo
1538 1075 104 56 quo
1598 1075 163 56 aliquid
1716 1075 133 56 natum
1805 1075 104 56 est
1850 1075 59 56 ab

421 1120 122 65 illo
497 1120 213 65 procedere:
664 1120 228 65 quemadmodum
847 1120 167 65 dicimus
968 1120 122 65 quod
1044 1120 91 65 ea
1090 1120 122 65 quae
1166 1120 198 65 procedunt
1318 1120 91 65 ex
1363 1120 167 65 antiqua
1485 1120 243 65 consuetudine
1683 1120 137 65 fiunt
1774 1120 122 65 modo
1835 1120 91 65 natu

429 1174 114 55 rae:
500 1174 114 55 quia
572 1174 186 55 procedunt
715 1174 86 55 ab
757 1174 114 55 illa
829 1174 86 55 eo
872 1174 114 55 modo
943 1174 100 55 quo
1000 1174 129 55 natum
1086 1174 100 55 est
1143 1174 157 55 aliquid
1258 1174 186 55 procedere
1401 1174 71 55 a
1429 1174 186 55 principio
1572 1174 114 55 quod
1643 1174 100 55 est
1701 1174 157 55 natura.
1801 1174 114 55 Tertio

418 1210 118 59 vero
492 1210 118 59 modo
566 1210 163 59 dicitur
685 1210 163 59 aliquid
803 1210 192 59 procedere
951 1210 118 59 modo
1025 1210 192 59 alicuius:
1173 1210 118 59 quia
1247 1210 133 59 ipsum
1336 1210 178 59 procedit
1469 1210 133 59 sicut
1558 1210 133 59 illud
1647 1210 133 59 natum
1736 1210 104 59 est
1780 1210 148 59 procede-

425 1254 99 58 re:
482 1254 213 58 quemadmodum
652 1254 156 58 dicimus
765 1254 114 58 quod
836 1254 142 58 filius
936 1254 85 58 in
978 1254 156 58 diuinis
1092 1254 170 58 procedit
1219 1254 114 58 modo
1290 1254 128 58 verbi
1376 1254 114 58 quia
1447 1254 170 58 procedit
1574 1254 85 58 eo
1617 1254 114 58 modo
1688 1254 99 58 quo
1745 1254 142 58 verbum
1830 1254 99 58 natum

431 1311 105 51 est
491 1311 209 51 procedere.
655 1311 134 51 Primo
745 1311 164 51 istorum
864 1311 164 51 modorum
984 1311 120 51 dico
1059 1311 120 51 quod
1133 1311 179 51 spiritus
1268 1311 164 51 sanctus
1387 1311 105 51 non
1447 1311 179 51 procedit
1581 1311 120 51 modo
1656 1311 164 51 amoris,
1776 1311 179 51 secundum

431 1342 110 69 quod
500 1342 165 69 procedit
624 1342 151 69 secunda
734 1342 138 69 ratio.
830 1342 110 69 Amor
899 1342 110 69 enim
968 1342 96 69 non
1023 1342 96 69 est
1078 1342 124 69 ratio
1160 1342 179 69 elicitiua
1298 1342 124 69 actus
1380 1342 96 69 quo
1436 1342 193 69 producitur
1587 1342 165 69 spiritus
1711 1342 165 69 sanctus,
1821 1342 96 69 sicut

427 1389 139 60 natura
524 1389 97 60 est
580 1389 125 60 ratio
663 1389 180 60 elicitiua
802 1389 97 60 qua
857 1389 83 60 in
899 1389 153 60 diuinis
1010 1389 194 60 producitur
1163 1389 153 60 filius:
1274 1389 125 60 sicut
1357 1389 194 60 expressius
1510 1389 97 60 iam
1565 1389 222 60 declarabitur
1746 1389 83 60 in
1773 1389 153 60 quaestio-

424 1438 89 63 ne
469 1438 193 63 sequenti.
617 1438 164 63 Secundo
736 1438 134 63 autem
826 1438 119 63 modo
900 1438 74 63 &
930 1438 193 63 similiter
1078 1438 149 63 tertio
1183 1438 119 63 dico
1257 1438 119 63 quod
1331 1438 178 63 spiritus
1465 1438 164 63 sanctus
1584 1438 178 63 dicendus
1718 1438 104 63 est
1762 1438 164 63 procedere

419 1488 124 59 modo
496 1488 170 59 amoris.
619 1488 170 59 Secundo
743 1488 154 59 quidem
851 1488 124 59 modo
928 1488 185 59 procedit
1067 1488 124 59 modo
1145 1488 154 59 amoris
1253 1488 185 59 secundum
1392 1488 124 59 quod
1469 1488 185 59 procedit
1608 1488 154 59 tertia
1716 1488 154 59 ratio.
1809 1488 108 59 Sicut

421 1537 123 55 enim
498 1537 138 55 modus
590 1537 169 55 naturae
713 1537 108 55 est
774 1537 123 55 quod
851 1537 123 55 agat
928 1537 154 55 impetu
1036 1537 169 55 quodam,
1159 1537 108 55 sic
1221 1537 138 55 etiam
1313 1537 138 55 modus
1405 1537 185 55 antiquae
1544 1537 262 55 consuetudinis
1759 1537 108 55 est
1821 1537 123 55 quod

431 1569 118 67 agat
505 1569 148 67 impetu
608 1569 162 67 quodam:
727 1569 74 67 &
756 1569 118 67 ideo
830 1569 162 67 dicitur
948 1569 133 67 agere
1037 1569 118 67 modo
1111 1569 177 67 naturae:
1244 1569 74 67 &
1273 1569 133 67 illud
1362 1569 118 67 quod
1436 1569 177 67 procedit
1569 1569 74 67 a
1598 1569 118 67 tali
1672 1569 251 67 consuetudine,
1864 1569 59 67 di

425 1618 128 62 citur
510 1618 185 62 procedere
652 1618 114 62 modo
723 1618 171 62 naturae.
851 1618 227 62 Consimiliter
1036 1618 128 62 autem
1121 1618 128 62 sicut
1206 1618 128 62 modus
1292 1618 142 62 amoris
1391 1618 99 62 est
1448 1618 114 62 quod
1519 1618 85 62 id
1562 1618 114 62 quod
1633 1618 85 62 ab
1675 1618 128 62 amore
1761 1618 85 62 vt
1803 1618 71 62 a
1818 1618 99 62 ratio

426 1660 84 52 ne
468 1660 183 52 elicitiua
609 1660 126 52 actus
693 1660 183 52 procedit,
833 1660 140 52 libere
932 1660 183 52 procedit:
1072 1660 98 52 ita
1128 1660 126 52 modus
1213 1660 197 52 voluntatis
1367 1660 126 52 nudae
1451 1660 98 52 est
1508 1660 112 52 quod
1578 1660 84 52 id
1620 1660 112 52 quod
1690 1660 84 52 ab
1732 1660 112 52 ipsa
1803 1660 84 52 vt
1845 1660 70 52 a
1859 1660 70 52 ra-

427 1713 129 58 tione
513 1713 186 58 elicitiua
656 1713 129 58 actus
742 1713 186 58 procedit,
886 1713 143 58 libere
986 1713 186 58 procedit.
1129 1713 158 58 Propter
1244 1713 115 58 quod
1316 1713 172 58 spiritus
1445 1713 158 58 sanctus
1560 1713 115 58 quia
1631 1713 172 58 procedit
1760 1713 86 58 vt
1803 1713 72 58 a
1818 1713 100 58 ratio

422 1757 90 56 ne
467 1757 196 56 elicitiua
618 1757 136 56 actus
708 1757 211 56 procedendi
874 1757 121 56 eius
949 1757 75 56 a
980 1757 196 56 voluntate
1130 1757 121 56 nuda
1206 1757 181 56 conuersa
1341 1757 181 56 secundum
1477 1757 256 56 praeexpositum
1688 1757 151 56 modum:
1793 1757 121 56 ideo
1854 1757 75 56 se-

428 1796 154 60 cundum
536 1796 108 60 hoc
597 1796 232 60 competenter
783 1796 170 60 dicitur
906 1796 201 60 procedere
1061 1796 124 60 modo
1138 1796 170 60 amoris.
1261 1796 154 60 Tertio
1369 1796 124 60 vero
1446 1796 124 60 modo
1524 1796 93 60 in
1570 1796 108 60 quo
1632 1796 201 60 consistit
1771 1796 154 60 difficul

421 1849 102 51 tas
480 1849 233 51 quaestionis,
669 1849 175 51 spiritus
800 1849 160 51 sanctus
917 1849 175 51 dicendus
1048 1849 102 51 est
1107 1849 190 51 procedere
1252 1849 117 51 modo
1325 1849 160 51 amoris:
1442 1849 117 51 quia
1515 1849 175 51 procedit
1646 1849 73 51 a
1675 1849 204 51 voluntate:
1821 1849 102 51 quem-

433 1892 179 54 admodum
563 1892 130 54 amor
644 1892 146 54 natus
742 1892 114 54 est
807 1892 98 54 ab
856 1892 130 54 illa
937 1892 228 54 procedere.
1116 1892 81 54 &
1148 1892 114 54 hoc
1214 1892 195 54 secundum
1360 1892 211 54 Gregorium
1523 1892 98 54 in
1571 1892 163 54 Homil.
1685 1892 179 54 Pentec.
1799 1892 114 54 super

425 1934 138 61 illud
517 1934 215 61 euangelii,
685 1934 92 61 Si
731 1934 123 61 quis
808 1934 169 61 diligit
931 1934 92 61 me
977 1934 184 61 sermonem
1115 1934 123 61 meum
1192 1934 199 61 seruabit.
1345 1934 184 61 Spiritus
1483 1934 169 61 sanctus
1606 1934 123 61 amor
1683 1934 123 61 est.
1744 1934 184 61 Veruntamen

429 1986 92 48 de
475 1986 138 48 amore
566 1986 245 48 distiguendum
765 1986 107 48 est
826 1986 92 48 ex
872 1986 138 48 parte
964 1986 214 48 voluntatis
1132 1986 138 48 circa
1224 1986 245 48 productionem
1423 1986 184 48 spiritus
1561 1986 168 48 sancti:
1683 1986 229 48 quemadmodum
1852 1986 76 48 su-

429 2022 101 59 pra
486 2022 203 59 distinctum
646 2022 101 59 est
703 2022 87 59 de
747 2022 159 59 notitia
863 2022 130 59 circa
949 2022 232 59 productionem
1138 2022 130 59 filii
1224 2022 116 59 siue
1297 2022 145 59 verbi.
1398 2022 130 59 Sicut
1485 2022 116 59 enim
1557 2022 101 59 est
1615 2022 159 59 quaedam
1731 2022 159 59 notitia
1832 2022 87 59 sim-

424 2076 121 50 plex
499 2076 75 50 &
529 2076 241 50 essentialis,
725 2076 75 50 &
756 2076 166 50 quaedam
876 2076 226 50 declaratiua
1057 2076 121 50 siue
1132 2076 241 50 illustratiua
1328 2076 75 50 &
1358 2076 226 50 personalis,
1539 2076 121 50 quae
1615 2076 151 50 verbum
1720 2076 106 50 est
1765 2076 151 50 secundum

425 2116 181 57 superius
560 2116 211 57 declarata:
726 2116 105 57 sic
786 2116 105 57 est
846 2116 151 57 quidam
952 2116 120 57 amor
1027 2116 166 57 simplex
1147 2116 75 57 &
1178 2116 241 57 essentialis,
1373 2116 75 57 &
1403 2116 151 57 quidam
1509 2116 211 57 incentiuus
1674 2116 120 57 siue
1734 2116 181 57 gratifica-

433 2159 131 58 tiuus
521 2159 73 58 &
550 2159 218 58 personalis,
724 2159 102 58 qui
782 2159 131 58 zelus
870 2159 116 58 dici
942 2159 160 58 potest:
1059 2159 73 58 &
1088 2159 87 58 se
1131 2159 131 58 habet
1219 2159 87 58 ad
1262 2159 174 58 spiritum
1393 2159 160 58 sanctum
1509 2159 131 58 sicut
1597 2159 87 58 se
1640 2159 131 58 habet
1727 2159 145 58 verbum
1829 2159 87 58 ad
1858 2159 73 58 fi-

433 2201 131 51 lium:
521 2201 73 51 &
550 2201 131 51 actus
637 2201 102 51 quo
696 2201 204 51 producitur
856 2201 146 51 potest
958 2201 117 51 dici
1031 2201 189 51 flagrare:
1177 2201 73 51 &
1206 2201 87 51 se
1250 2201 131 51 habet
1337 2201 87 51 ad
1381 2201 160 51 spirare
1497 2201 131 51 sicut
1585 2201 87 51 se
1629 2201 131 51 habet
1716 2201 146 51 dicere
1818 2201 87 51 ad
1847 2201 73 51 ge-

437 2250 168 55 nerare,
559 2250 92 55 vt
605 2250 153 55 tactum
712 2250 107 55 est
773 2250 245 55 aliquantulum
972 2250 153 55 supra.
1079 2250 122 55 Vnde
1155 2250 245 55 qualiacunque
1354 2250 138 55 dicta
1446 2250 76 55 &
1477 2250 229 55 determinata
1660 2250 122 55 sunt
1737 2250 92 55 ex
1782 2250 138 55 parte
1859 2250 61 55 i-

424 2296 197 54 tellectus
575 2296 91 54 de
621 2296 152 54 dicere
727 2296 76 54 &
757 2296 91 54 de
803 2296 152 54 verbo,
909 2296 136 54 talia
1000 2296 76 54 &
1030 2296 212 54 consimilia
1197 2296 121 54 dici
1273 2296 76 54 &
1303 2296 227 54 determinari
1485 2296 152 54 debent
1591 2296 106 54 hic
1652 2296 91 54 ex
1698 2296 136 54 parte
1773 2296 152 54 volunta-

434 2336 104 60 tis
493 2336 89 60 de
538 2336 177 60 flagrare
671 2336 74 60 &
700 2336 89 60 de
745 2336 133 60 zelo.
834 2336 133 60 Sicut
922 2336 118 60 enim
996 2336 148 60 verbum
1100 2336 104 60 est
1159 2336 163 60 notitia
1277 2336 222 60 declaratiua
1455 2336 118 60 veri
1529 2336 74 60 &
1558 2336 237 60 illustratiua
1736 2336 192 60 intellectus

430 2391 93 50 ad
476 2391 247 50 cognoscendum
676 2391 139 50 verum
769 2391 247 50 declaratiue:
970 2391 108 50 sic
1031 2391 154 50 zaelus
1139 2391 108 50 est
1201 2391 123 50 amor
1278 2391 278 50 gratificatiuus
1509 2391 139 50 boni,
1602 2391 77 50 &
1633 2391 216 50 incentiuus
1787 2391 139 50 volunta

431 2432 103 52 tis
490 2432 88 52 ad
534 2432 161 52 amandum
651 2432 132 52 bonum
739 2432 205 52 incentiue.
901 2432 147 52 Verbum
1003 2432 117 52 enim
1077 2432 73 52 &
1106 2432 220 52 intellectum
1282 2432 205 52 illustrat,
1443 2432 117 52 quem
1516 2432 191 52 perficit:
1663 2432 73 52 &
1692 2432 147 52 clarum
1795 2432 132 52 facit
1868 2432 59 52 ei

431 2474 124 48 omne
508 2474 154 48 verum:
616 2474 139 48 Selus
709 2474 139 48 autem
801 2474 77 48 &
832 2474 216 48 voluntatem
1002 2474 216 48 inflammat,
1172 2474 124 48 quam
1249 2474 201 48 perficit,
1403 2474 77 48 &
1434 2474 154 48 gratum
1542 2474 139 48 facit
1635 2474 93 48 ei
1681 2474 124 48 omne
1759 2474 154 48 bonum.
1851 2474 62 48 Vn

429 2519 94 50 de
476 2519 141 50 sicut
570 2519 157 50 verbum
680 2519 110 50 non
743 2519 141 50 solum
836 2519 141 50 habet
930 2519 204 50 respectum
1087 2519 94 50 ad
1134 2519 204 50 dicentem:
1291 2519 110 50 sed
1353 2519 94 50 ad
1400 2519 141 50 omnia
1494 2519 125 50 quae
1572 2519 266 50 determinantur
1792 2519 78 50 &
1807 2519 110 50 clara

434 2564 133 52 fiunt
523 2564 148 52 verbo:
626 2564 89 52 vt
670 2564 221 52 cognoscenda
847 2564 221 52 declaratiue
1024 2564 103 52 per
1083 2564 133 52 ipsum
1172 2564 89 52 ab
1216 2564 207 52 intellectu
1378 2564 103 52 qui
1437 2564 118 52 ipso
1511 2564 133 52 verbo
1600 2564 236 52 illustratur:
1791 2564 118 52 quae
1850 2564 74 52 sim

429 2614 187 54 pliciter
569 2614 249 54 cognoscuntur
771 2614 109 54 per
834 2614 202 54 simplicem
989 2614 187 54 notitiam
1129 2614 78 54 &
1160 2614 249 54 essentialem:
1362 2614 109 54 sic
1424 2614 140 54 zelus
1518 2614 109 54 non
1580 2614 140 54 solum
1673 2614 140 54 habet
1751 2614 171 54 respectum

437 2657 76 47 ad
475 2657 178 47 flagrantem
615 2657 127 47 ipsum:
704 2657 89 47 sed
755 2657 114 47 etiam
831 2657 76 47 ad
869 2657 114 47 omnia
945 2657 102 47 alia
1009 2657 102 47 quae
1072 2657 216 47 gratificantur
1250 2657 102 47 zelo
1313 2657 76 47 vt
1352 2657 127 47 amanda
1440 2657 165 47 incentiue
1567 2657 89 47 per
1618 2657 114 47 ipsum
1694 2657 63 47 a
1720 2657 165 47 voluntate
1847 2657 102 47 quae

429 2695 118 61 ipso
503 2695 133 61 zaelo
592 2695 222 61 incenditur:
769 2695 118 61 quae
843 2695 222 61 simpliciter
1021 2695 163 61 amantur
1139 2695 104 61 per
1198 2695 192 61 simplicem
1346 2695 148 61 amorem
1450 2695 74 61 &
1479 2695 237 61 essentialem.
1672 2695 148 61 Verbum
1775 2695 118 61 enim
1849 2695 104 61 non
