2017 3186
134 273 175 91 completum
268 273 67 91 &
295 273 148 91 formale
403 273 135 91 habent
497 273 175 91 terminari
631 273 81 91 ad
672 273 175 91 obiectum,
806 273 161 91 secundum
927 273 108 91 quod
995 273 121 91 habet
1075 273 108 91 esse
1143 273 175 91 perfectum
1277 273 67 91 &
1304 273 175 91 completum
1439 273 81 91 in
1479 273 108 91 esse
1533 273 67 91 suo

136 351 161 51 ormali.
253 351 88 51 vt
297 351 102 51 cum
355 351 131 51 color
443 351 131 51 habet
530 351 117 51 esse
603 351 161 51 formale
720 351 73 51 &
749 351 190 51 completum
895 351 146 51 potius
998 351 88 51 in
1041 351 161 51 obiecto
1158 351 117 51 quam
1231 351 88 51 in
1275 351 131 51 medio
1362 351 102 51 vel
1421 351 88 51 in
1465 351 161 51 organo,

132 396 126 50 actus
216 396 155 50 videndi
329 396 183 50 perfectus
469 396 126 50 habet
553 396 183 50 terminari
694 396 84 50 ad
736 396 155 50 colorem
848 396 126 50 prout
933 396 126 50 habet
1017 396 112 50 esse
1087 396 197 50 inobiecto.
1242 396 112 50 Nunc
1312 396 126 50 autem
1396 396 98 50 ita
1453 396 98 50 est
1495 396 98 50 iuxta

139 430 115 65 illud
216 430 127 65 dictum
305 430 178 65 philosophi
445 430 89 65 in.
496 430 89 65 vi.
546 430 115 65 Meta.
623 430 115 65 Verum
699 430 64 65 &
725 430 127 65 falsum
814 430 89 65 non
865 430 102 65 sunt
928 430 76 65 in
966 430 115 65 rebus
1043 430 115 65 sicut
1119 430 115 65 bonum
1196 430 64 65 &
1221 430 127 65 malum:
1310 430 89 65 sed
1361 430 102 65 sunt
1425 430 76 65 in
1450 430 140 65 cogitatio

134 488 105 53 ne.
194 488 120 53 quod
269 488 134 53 licet
358 488 134 53 verum
448 488 75 53 &
478 488 149 53 falsum
582 488 209 53 quodammodo
747 488 149 53 habent
851 488 120 53 esse
926 488 90 53 in
971 488 239 53 cogitatione,
1165 488 75 53 &
1195 488 209 53 quodammodo
1359 488 90 53 in
1404 488 149 53 rebus:
1508 488 120 53 quia

138 530 120 52 imbo
213 530 75 52 &
243 530 105 52 res
303 530 75 52 &
332 530 194 52 cogitatio
482 530 180 52 dicuntur
617 530 135 52 vera:
706 530 75 52 &
736 530 165 52 veritas
856 530 135 52 habet
946 530 120 52 esse
1021 530 90 52 in
1065 530 150 52 rebus,
1170 530 75 52 &
1200 530 135 52 habet
1290 530 120 52 esse
1365 530 90 52 in
1395 530 194 52 cogitatione

133 572 122 54 tamen
214 572 189 54 perfectius
362 572 108 54 esse
430 572 135 54 habent
524 572 81 54 in
565 572 203 54 cogitatione
727 572 108 54 quam
794 572 81 54 in
835 572 135 54 rebus:
929 572 95 54 non
983 572 108 54 quod
1051 572 176 54 cogitatio
1186 572 189 54 perfectius
1334 572 149 54 dicenda
1442 572 95 54 est
1496 572 108 54 esse
1550 572 54 54 ve

125 614 83 58 ra
167 614 111 58 quam
236 614 111 58 res:
306 614 70 58 &
334 614 153 58 veritas
445 614 222 58 cogitationis
626 614 195 58 denominans
779 614 236 58 cogitationem,
973 614 222 58 perfectiorem
1154 614 139 58 habeat
1251 614 167 58 rationem
1377 614 181 58 veritatis
1516 614 111 58 quam

123 668 156 50 veritas
236 668 99 50 rei
293 668 198 50 denominans
449 668 99 50 rem
505 668 127 50 ipsam
590 668 113 50 esse
661 668 142 50 veram:
760 668 99 50 sed
817 668 113 50 quod
888 668 99 50 res
944 668 113 50 ipsa
1015 668 227 50 perfectiorem
1199 668 142 50 habeat
1299 668 85 50 in
1341 668 85 50 se
1384 668 170 50 rationem
1497 668 99 50 veri-

125 703 110 55 tatis
198 703 146 55 secundum
308 703 97 55 esse
368 703 97 55 quod
429 703 110 55 habet
503 703 73 55 in
539 703 195 55 cogitatione,
697 703 97 55 quam
758 703 146 55 secundum
868 703 97 55 esse
929 703 97 55 quod
990 703 110 55 habet
1063 703 73 55 in
1099 703 73 55 se
1136 703 122 55 extra:
1221 703 146 55 secundum
1331 703 97 55 quod
1392 703 158 55 expositum
1514 703 97 55 est,
1562 703 37 55 &

126 746 197 63 declaratum
281 746 127 63 supra
366 746 85 63 in
408 746 240 63 quaestionibus
606 746 85 63 de
648 746 169 63 veritate
775 746 113 63 dei.
845 746 127 63 Bonum
930 746 113 63 vero
1001 746 71 63 &
1029 746 127 63 malum
1113 746 197 63 econtrario
1269 746 127 63 licet
1353 746 113 63 ambo
1424 746 141 63 habent
1508 746 85 63 esse

126 787 184 66 quodammodo
271 787 79 66 in
310 787 92 66 re,
363 787 66 66 &
389 787 184 66 quodammodo
534 787 79 66 in
574 787 184 66 voluntate:
719 787 105 66 quia
784 787 105 66 ambo
850 787 158 66 scilicet
969 787 92 66 res
1022 787 66 66 &
1048 787 158 66 voluntas
1166 787 158 66 dicuntur
1285 787 105 66 esse
1351 787 119 66 bona,
1430 787 119 66 tamen
1496 787 92 66 perfe

128 830 120 57 ctius
207 830 106 57 esse
274 830 133 57 habent
367 830 106 57 ambo
433 830 80 57 in
473 830 80 57 re
513 830 133 57 volita
606 830 106 57 quam
673 830 80 57 in
713 830 186 57 voluntate.
859 830 120 57 Cuius
939 830 120 57 ratio
1018 830 106 57 est:
1085 830 106 57 quia
1151 830 93 57 (vt
1204 830 120 57 supra
1284 830 133 57 dictum
1377 830 93 57 est
1430 830 80 57 in
1457 830 133 57 quaestio

113 880 134 71 nibus
203 880 90 71 de
248 880 179 71 bonitate
382 880 120 71 dei)
457 880 164 71 veritas
576 880 224 71 consequitur
755 880 105 71 rem
815 880 164 71 ratione
935 880 120 71 suae
1009 880 149 71 formae
1114 880 90 71 vt
1159 880 105 71 est
1219 880 254 71 manifestatiua
1428 880 120 71 eius
1502 880 120 71 apud

124 923 233 58 cognoscentem.
316 923 151 58 Bonitas
426 923 110 58 vero
495 923 206 58 consequitur
660 923 96 58 rem
715 923 151 58 ratione
824 923 110 58 suae
893 923 137 58 formae
989 923 82 58 vt
1030 923 110 58 ipsa
1099 923 96 58 est
1154 923 192 58 perfectiua
1305 923 137 58 ipsius
1401 923 96 58 rei
1456 923 82 58 in
1483 923 110 58 seipsa

127 967 121 56 Quare
207 967 94 56 cum
261 967 175 56 propterea
396 967 148 56 veritas
504 967 189 56 perfectius
652 967 162 56 rationem
773 967 175 56 veritatis
908 967 121 56 habet
989 967 81 56 in
1029 967 202 56 cogitatione
1191 967 108 56 quam
1258 967 81 56 in
1299 967 135 56 rebus.
1393 967 162 56 secundum
1514 967 108 56 quod

128 1014 121 67 supra
208 1014 188 67 deteriatum
356 1014 94 67 est
409 1014 81 67 in
450 1014 228 67 quaestionibus
637 1014 81 67 de
678 1014 161 67 veritate
798 1014 107 67 dei:
865 1014 174 67 consimili
1000 1014 148 67 ratione
1107 1014 148 67 bonitas
1214 1014 188 67 econtrario
1362 1014 188 67 perfectius
1496 1014 94 67 habet

121 1069 151 51 rationem
235 1069 163 51 bonitatis
360 1069 75 51 in
398 1069 75 51 re
436 1069 101 51 quam
499 1069 75 51 in
536 1069 176 51 voluntate.
674 1069 138 51 Propter
775 1069 101 51 quod
838 1069 189 51 philosophus
989 1069 88 51 non
1039 1069 113 51 dicit
1114 1069 151 51 absolute
1228 1069 101 51 quod
1290 1069 138 51 veritas
1391 1069 63 51 &
1416 1069 151 51 falsitas
1517 1069 75 51 sunt

122 1111 91 51 in
167 1111 243 51 cogitatione,
364 1111 76 51 &
395 1111 106 51 non
455 1111 91 51 in
501 1111 152 51 rebus:
607 1111 136 51 bonum
698 1111 121 51 vero
774 1111 76 51 &
804 1111 136 51 malum
895 1111 91 51 in
940 1111 136 51 rebus
1031 1111 106 51 non
1092 1111 91 51 in
1137 1111 212 51 voluntate:
1304 1111 121 51 quia
1380 1111 106 51 cum
1440 1111 121 51 ambo
1501 1111 91 51 sint

125 1155 84 52 in
167 1155 168 52 ambobus,
293 1155 126 52 tamen
377 1155 126 52 verum
461 1155 70 52 &
489 1155 140 52 falsum
587 1155 98 52 non
643 1155 140 52 habent
741 1155 112 52 esse
811 1155 84 52 in
853 1155 126 52 rebus
936 1155 126 52 sicut
1020 1155 126 52 bonum
1104 1155 70 52 &
1132 1155 140 52 malum:
1230 1155 112 52 quia
1300 1155 112 52 haec
1370 1155 168 52 secundum
1482 1155 112 52 perfe-

136 1194 118 64 ctius
215 1194 105 64 esse
280 1194 158 64 sumuntur
398 1194 105 64 esse
464 1194 79 64 in
503 1194 131 64 rebus,
595 1194 66 64 &
622 1194 92 64 non
674 1194 79 64 in
713 1194 184 64 voluntate:
858 1194 105 64 illa
924 1194 105 64 vero
989 1194 184 64 econtrario
1134 1194 79 64 in
1173 1194 197 64 cogitatione
1330 1194 66 64 &
1357 1194 92 64 non
1409 1194 79 64 in
1449 1194 131 64 rebus.
1527 1194 66 64 Cum

129 1236 116 57 ergo
201 1236 173 57 voluntas
331 1236 72 57 &
360 1236 231 57 intellectus,
548 1236 72 57 &
577 1236 246 57 vniuersaliter
779 1236 130 57 actus
866 1236 130 57 eorum
953 1236 116 57 quid
1025 1236 116 57 sunt
1097 1236 130 57 velle
1184 1236 72 57 &
1213 1236 231 57 intelligere,
1386 1236 217 57 determinantur

137 1281 66 71 &
163 1281 224 71 distinguuntur
348 1281 158 71 secundum
466 1281 132 71 formam
558 1281 66 71 &
585 1281 158 71 speciem:
703 1281 119 71 licet
782 1281 158 71 secundum
901 1281 158 71 rationem
1019 1281 119 71 solum
1098 1281 79 71 in
1138 1281 105 71 deo,
1204 1281 66 71 &
1230 1281 132 71 habent
1322 1281 145 71 obiecta
1428 1281 158 71 formalia
1533 1281 66 71 bo-

134 1327 106 68 num,
200 1327 66 68 &
226 1327 132 68 verum:
318 1327 119 68 actus
398 1327 106 68 ergo
464 1327 106 68 illi
530 1327 106 68 quid
595 1327 106 68 sunt
661 1327 119 68 velle
741 1327 66 68 &
767 1327 211 68 intelligere,
938 1327 79 68 in
978 1327 92 68 suo
1031 1327 106 68 esse
1097 1327 66 68 &
1123 1327 158 68 perfecto
1242 1327 66 68 &
1268 1327 145 68 formali
1374 1327 132 68 habent
1453 1327 145 68 terminari

135 1371 73 57 ad
171 1371 109 57 illa.
244 1371 145 57 secundum
353 1371 97 57 quod
413 1371 121 57 habent
498 1371 97 57 esse
559 1371 157 57 perfectum
680 1371 182 57 simpliciter
825 1371 73 57 in
861 1371 85 57 suo
910 1371 97 57 esse
970 1371 145 57 formali.
1079 1371 109 57 Quare
1152 1371 85 57 cum
1200 1371 85 57 (vt
1249 1371 85 57 iam
1297 1371 170 57 declaratum
1430 1371 97 57 est)
1491 1371 109 57 verum
1552 1371 48 57 ha

138 1418 94 53 bet
191 1418 108 53 suum
259 1418 108 53 esse
326 1418 175 53 perfectum
461 1418 148 53 formale
569 1418 81 53 in
610 1418 216 53 cogitatione,
785 1418 94 53 non
839 1418 81 53 in
880 1418 108 53 ipsa
947 1418 81 53 re
987 1418 81 53 vt
1028 1418 94 53 est
1082 1418 121 53 extra
1163 1418 229 53 cogitationem:
1352 1418 121 53 Bonum
1433 1418 108 53 vero
1487 1418 121 53 econver

148 1459 65 59 o
174 1459 117 59 habet
252 1459 104 59 suum
317 1459 104 59 esse
381 1459 169 59 perfectum
511 1459 130 59 forale
602 1459 78 59 in
641 1459 91 59 re,
693 1459 65 59 &
718 1459 91 59 non
770 1459 78 59 in
809 1459 104 59 ipsa
874 1459 181 59 voluntate:
1017 1459 117 59 sicut
1094 1459 104 59 ergo
1159 1459 117 59 actus
1237 1459 220 59 intelligendum
1419 1459 181 59 terminatur
1548 1459 52 59 ad

144 1505 122 58 verum
226 1505 81 58 vt
266 1505 122 58 habet
348 1505 108 58 esse
415 1505 81 58 in
456 1505 108 58 ipsa
524 1505 217 58 cogitatione,
700 1505 108 58 siue
768 1505 81 58 in
808 1505 203 58 intellectu,
971 1505 95 58 sic
1025 1505 122 58 actus
1107 1505 149 58 volendi
1215 1505 190 58 terminatur
1364 1505 81 58 ad
1405 1505 122 58 bonum
1486 1505 81 58 vt
1513 1505 95 58 habet

133 1549 103 63 esse
197 1549 77 63 in
236 1549 103 63 ipsa
300 1549 77 63 re
339 1549 141 63 volita.
442 1549 77 63 vt
480 1549 193 63 intelligere
635 1549 90 63 sit
686 1549 116 63 actus
763 1549 193 63 intellectus
918 1549 77 63 ex
956 1549 180 63 habitudine
1098 1549 103 63 quam
1162 1549 116 63 habet
1239 1549 77 63 ad
1278 1549 90 63 rem
1329 1549 154 63 secundum
1445 1549 103 63 quod
1509 1549 90 63 est
1548 1549 51 63 in

141 1592 80 62 eo
181 1592 239 62 principaliter:
380 1592 120 62 velle
460 1592 120 62 autem
540 1592 93 62 sit
593 1592 120 62 actus
672 1592 186 62 voluntatis
819 1592 80 62 ex
859 1592 186 62 habitudine
1005 1592 106 62 quam
1071 1592 120 62 habet
1151 1592 80 62 ad
1191 1592 93 62 rem
1244 1592 160 62 secundum
1364 1592 106 62 quod
1430 1592 106 62 ipsa
1497 1592 93 62 res
1537 1592 66 62 est

145 1643 86 56 in
188 1643 86 56 se
230 1643 186 56 existens.
373 1643 128 56 Quare
459 1643 100 56 cum
516 1643 128 56 bonum
602 1643 114 56 quod
673 1643 100 56 est
730 1643 86 56 in
773 1643 100 56 re,
830 1643 86 56 vt
873 1643 86 56 in
916 1643 86 56 re
959 1643 186 56 existens,
1101 1643 128 56 nullo
1187 1643 114 56 modo
1258 1643 128 56 habet
1344 1643 143 56 mouere
1430 1643 171 56 voluntatem

144 1686 104 56 sicut
214 1686 104 56 verum
283 1686 93 56 quod
341 1686 81 56 est
387 1686 69 56 in
422 1686 69 56 re
457 1686 81 56 non
503 1686 104 56 habet
572 1686 116 56 mouere
653 1686 174 56 intellectum
792 1686 139 56 secundum
896 1686 93 56 quod
954 1686 104 56 habet
1024 1686 93 56 esse
1081 1686 69 56 in
1116 1686 81 56 re:
1162 1686 81 56 sed
1209 1686 104 56 solum
1278 1686 139 56 secundum
1382 1686 93 56 quod
1440 1686 104 56 habet
1509 1686 93 56 esse
1556 1686 46 56 in

132 1728 214 61 intellectu:
303 1728 128 61 actus
388 1728 114 61 ergo
459 1728 199 61 voluntatis
616 1728 100 61 qui
673 1728 100 61 est
730 1728 142 61 velle:
830 1728 114 61 etsi
901 1728 199 61 terminatur
1058 1728 85 61 ad
1100 1728 128 61 bonum
1186 1728 85 61 vt
1229 1728 100 61 est
1286 1728 85 61 in
1328 1728 85 61 re
1371 1728 185 61 existens:
1499 1728 100 61 nullo

132 1779 132 57 tamen
220 1779 117 57 modo
293 1779 88 57 ad
337 1779 190 57 huiusmodi
483 1779 132 57 actum
571 1779 205 57 eliciendum
732 1779 132 57 habet
820 1779 175 57 voluntas
951 1779 146 57 moueri
1053 1779 73 57 a
1083 1779 117 57 bono
1156 1779 117 57 nisi
1229 1779 234 57 metaphorice,
1419 1779 102 57 aut
1477 1779 117 57 pati
1551 1779 88 57 ab

142 1816 127 71 ipso.
227 1816 127 71 Quare
312 1816 99 71 cum
368 1816 99 71 non
425 1816 142 71 possit
524 1816 156 71 aliquid
637 1816 113 71 dici
708 1816 142 71 virtus
807 1816 156 71 passiua
920 1816 113 71 nisi
991 1816 113 71 quia
1062 1816 85 71 ab
1105 1816 142 71 aliquo
1204 1816 170 71 patiatur
1331 1816 113 71 quod
1402 1816 113 71 agat
1473 1816 85 71 in
1501 1816 99 71 ipsam

139 1866 166 60 eliciendo
267 1866 115 60 actum
343 1866 115 60 suum:
420 1866 191 60 quemadmodum
573 1866 191 60 intellectus
726 1866 140 60 dicitur
828 1866 128 60 virtus
917 1866 153 60 passiua,
1032 1866 102 60 quia
1096 1866 89 60 non
1147 1866 102 60 agit
1211 1866 166 60 eliciendo
1338 1866 115 60 actum
1415 1866 217 60 intelligendi,

138 1913 108 57 nisi
206 1913 162 57 moueatur
328 1913 68 57 a
355 1913 81 57 re
395 1913 149 57 obiecta
503 1913 108 57 quae
571 1913 95 57 sit
625 1913 81 57 in
665 1913 108 57 ipsa
733 1913 81 57 vt
773 1913 122 57 forma
854 1913 108 57 eius
922 1913 162 57 secundum
1043 1913 108 57 esse
1111 1913 203 57 spirituale,
1273 1913 81 57 vt
1313 1913 149 57 habitum
1421 1913 95 57 est
1475 1913 122 57 supra
1543 1913 54 57 de

140 1957 188 68 intellectu
287 1957 107 68 dei:
355 1957 94 68 non
408 1957 94 68 est
462 1957 121 68 autem
543 1957 121 68 aliud
623 1957 107 68 quod
690 1957 121 68 natum
771 1957 94 68 est
825 1957 121 68 agere
905 1957 81 68 in
946 1957 148 68 virtute
1053 1957 188 68 quaecunque
1201 1957 107 68 nisi
1268 1957 161 68 proprium
1389 1957 175 68 obiectum,
1510 1957 94 68 sicut

141 1996 98 66 non
197 1996 112 66 agit
267 1996 84 66 in
310 1996 127 66 visum
394 1996 112 66 nisi
464 1996 127 66 color
549 1996 98 66 vel
605 1996 112 66 lux:
675 1996 169 66 Dicendum
802 1996 141 66 igitur
900 1996 112 66 quod
970 1996 169 66 voluntas
1097 1996 70 66 &
1125 1996 84 66 in
1167 1996 98 66 deo
1223 1996 70 66 &
1252 1996 84 66 in
1294 1996 127 66 aliis
1378 1996 211 66 simpliciter
1533 1996 70 66 de-

142 2051 94 55 bet
195 2051 107 55 dici
262 2051 134 55 virtus
356 2051 134 55 actiua
449 2051 67 55 &
476 2051 94 55 non
530 2051 161 55 passiua,
650 2051 187 55 econtrario
797 2051 214 55 intellectui:
971 2051 94 55 qui
1024 2051 94 55 (vt
1078 2051 147 55 habitum
1185 2051 107 55 est)
1252 2051 120 55 debet
1332 2051 107 55 dici
1399 2051 201 55 simpliciter
1546 2051 67 55 vir

135 2098 105 55 tus
195 2098 165 55 passiua
315 2098 75 55 &
345 2098 105 55 non
405 2098 165 55 actiua.
525 2098 120 55 Vnde
600 2098 135 55 licet
690 2098 120 55 ambo
765 2098 135 55 actus
855 2098 210 55 consistant
1020 2098 90 55 in
1065 2098 210 55 habitudine
1230 2098 120 55 quae
1305 2098 105 55 est
1365 2098 135 55 inter
1440 2098 165 55 potentiam

139 2132 71 75 &
167 2132 113 75 eius
238 2132 184 75 obiectum:
380 2132 99 75 hoc
436 2132 128 75 tamen
522 2132 99 75 sit
578 2132 184 75 contrario
720 2132 128 75 modo.
805 2132 213 75 Intelligere
975 2132 113 75 enim
1046 2132 99 75 est
1103 2132 128 75 quasi
1188 2132 128 75 motus
1273 2132 198 75 circularis
1429 2132 99 75 aut
1471 2132 142 75 reflexus

144 2176 176 76 incipiens
280 2176 68 76 a
307 2176 81 76 re
348 2176 190 76 intellecta
497 2176 81 76 in
538 2176 217 76 intellectum:
714 2176 68 76 &
741 2176 81 76 ab
782 2176 190 76 intellectu
931 2176 149 76 iterato
1039 2176 190 76 terminatur
1189 2176 81 76 in
1229 2176 95 76 rem
1284 2176 217 76 intellectam.
1460 2176 122 76 Velle
1528 2176 81 76 vero

128 2220 209 61 econtrario
292 2220 104 61 est
352 2220 134 61 quasi
441 2220 134 61 motus
531 2220 209 61 circularis
695 2220 104 61 aut
755 2220 179 61 reflexus
889 2220 194 61 incipiens
1038 2220 75 61 a
1068 2220 194 61 voluntate
1217 2220 90 61 in
1262 2220 194 61 obiectum:
1411 2220 75 61 &
1441 2220 90 61 ab
1471 2220 134 61 obiecto

132 2265 152 70 iterato
243 2265 194 70 terminatur
395 2265 83 70 in
437 2265 208 70 voluntatem.
603 2265 125 70 Verbi
686 2265 139 70 gratia
783 2265 83 70 in
825 2265 111 70 actu
894 2265 236 70 intelligendi,
1088 2265 97 70 res
1144 2265 249 70 intelligibilis
1352 2265 166 70 secundum
1476 2265 111 70 esse
1532 2265 69 70 spi

139 2317 153 62 rituale
250 2317 125 62 facit
334 2317 83 62 se
375 2317 83 62 in
417 2317 208 62 intellectu:
584 2317 69 62 &
612 2317 97 62 sit
667 2317 236 62 intelligibile
862 2317 125 62 quasi
945 2317 125 62 forma
1028 2317 208 62 intellectus
1195 2317 181 62 expressa:
1334 2317 111 62 etsi
1403 2317 97 62 non
1445 2317 153 62 impressa:

135 2356 68 64 &
163 2356 96 64 sic
217 2356 205 64 intellectus
382 2356 151 64 patitur
491 2356 82 64 ab
532 2356 246 64 intelligibili:
738 2356 68 64 &
765 2356 205 64 intellectus
929 2356 96 64 per
984 2356 110 64 esse
1052 2356 151 64 formale
1162 2356 246 64 intelligibilis
1367 2356 82 64 in
1408 2356 123 64 ipso,
1490 2356 110 64 immo
1545 2356 55 64 to

142 2401 98 74 tum
198 2401 197 74 compositum
353 2401 84 74 ex
395 2401 197 74 intellectu
549 2401 70 74 &
577 2401 239 74 intelligibili
774 2401 155 74 potius,
887 2401 140 74 elicit
985 2401 84 74 ex
1027 2401 84 74 se
1069 2401 126 74 actum
1153 2401 239 74 intelligendi.
1350 2401 155 74 dicente
1448 2401 155 74 Augustino

138 2445 75 61 in
175 2445 112 61 fine.
250 2445 87 61 ix.
300 2445 75 61 de
337 2445 175 61 trinitate.
475 2445 137 61 Liquido
575 2445 150 61 tenendum
687 2445 87 61 est
737 2445 100 61 quod
800 2445 112 61 omnis
875 2445 87 61 res
924 2445 175 61 quamcumque
1062 2445 225 61 recognoscimus,
1249 2445 175 61 congenerat
1387 2445 75 61 in
1424 2445 112 61 nobis
1499 2445 100 61 suam
1549 2445 50 61 no

142 2487 154 78 titiam.
254 2487 84 78 Ab
296 2487 154 78 vtroque
407 2487 112 78 enim
477 2487 154 78 notitia
589 2487 168 78 paritur,
715 2487 70 78 a
743 2487 210 78 cognoscente
910 2487 70 78 &
938 2487 168 78 cognito.
1064 2487 84 78 Et
1106 2487 98 78 hoc
1162 2487 210 78 quemadmodum
1330 2487 84 78 ex
1371 2487 168 78 visibili
1497 2487 70 78 &
1511 2487 98 78 videm

129 2535 74 72 te
166 2535 147 72 gignitur
276 2535 123 72 visio,
362 2535 74 72 vt
399 2535 110 72 dicit
472 2535 86 72 li.
522 2535 86 72 xi.
571 2535 86 72 Ca.
620 2535 86 72 ii.
669 2535 110 72 Actus
743 2535 196 72 intelligendi
902 2535 74 72 ex
939 2535 196 72 intelligente
1099 2535 61 72 &
1123 2535 209 72 intelligibili
1295 2535 86 72 (vt
1344 2535 123 72 dictum
1430 2535 98 72 est)
1479 2535 123 72 elicitus

138 2578 184 72 terminatur
283 2578 79 72 in
322 2578 119 72 ipsum
401 2578 237 72 intelligibile,
599 2578 79 72 vt
638 2578 79 72 in
678 2578 158 72 cognitum
796 2578 92 72 per
849 2578 132 72 ipsum.
941 2578 79 72 Et
981 2578 92 72 per
1033 2578 92 72 hoc
1086 2578 198 72 intellectus
1244 2578 158 72 respectu
1363 2578 119 72 actus
1429 2578 184 72 intelligendi

138 2628 149 57 actiuus
247 2628 95 57 est
301 2628 95 57 non
356 2628 177 57 passiuus.
492 2628 109 57 Quia
560 2628 122 57 tamen
641 2628 95 57 (vt
696 2628 136 57 dictum
791 2628 109 57 est)
859 2628 95 57 non
913 2628 109 57 agit
981 2628 109 57 nisi
1049 2628 122 57 primo
1130 2628 177 57 patiatur:
1266 2628 109 57 ideo
1334 2628 204 57 simpliciter
1484 2628 122 57 dicitur

146 2674 108 62 esse
214 2674 176 62 passiuus.
350 2674 149 62 actiuus
458 2674 108 62 vero
526 2674 163 62 secundum
648 2674 122 62 quod.
729 2674 81 62 In
769 2674 108 62 actu
837 2674 122 62 autem
918 2674 149 62 volendi
1027 2674 135 62 absque
1121 2674 81 62 eo
1162 2674 108 62 quod
1230 2674 149 62 aliquod
1338 2674 108 62 agat
1406 2674 122 62 primo
1487 2674 81 62 in
1514 2674 95 62 volun

145 2719 131 74 tatem
233 2719 116 74 nisi
306 2719 233 74 metaphorice:
495 2719 116 74 ipsa
568 2719 175 74 voluntas
699 2719 146 74 seipsa
801 2719 87 74 ex
844 2719 146 74 seipsa
946 2719 146 74 elicit
1048 2719 131 74 actum
1136 2719 175 74 volendi,
1267 2719 102 74 quo
1325 2719 87 74 se
1368 2719 204 74 quodammodo
1514 2719 102 74 facit
