2017 3176
412 235 114 65 rent
483 235 86 65 se
526 235 71 65 &
555 235 114 65 alia
626 235 129 65 amore
712 235 100 65 qui
769 235 100 65 est
826 235 171 65 spiritus
954 235 171 65 sanctus:
1083 235 100 65 cum
1140 235 171 65 spiritus
1268 235 157 65 sanctus
1383 235 100 65 sit
1440 235 114 65 amor
1511 235 214 65 notionalis:
1683 235 114 65 tunc
1740 235 171 65 diligerent

419 285 88 54 se
463 285 73 54 &
493 285 117 54 alia
566 285 132 54 amore
654 285 117 54 siue
727 285 205 54 dilectione
888 285 205 54 notionali.
1049 285 205 54 consequens
1210 285 146 54 falsum
1312 285 117 54 est:
1386 285 117 54 quia
1459 285 176 54 diligere
1591 285 88 54 in
1634 285 161 54 diuinis
1752 285 102 54 est
1796 285 102 54 actus

388 331 80 61 in
428 331 213 61 essentialis.
600 331 120 61 cuius
680 331 120 61 ratio
760 331 93 61 non
813 331 93 61 est
866 331 106 61 nisi
933 331 106 61 ipsa
999 331 133 61 diuina
1092 331 160 61 essentia
1212 331 80 61 vt
1252 331 93 61 est
1305 331 106 61 amor
1371 331 213 61 essentialis.
1544 331 106 61 ergo
1611 331 93 61 &c.
1664 331 66 61 ⁋
1690 331 133 61 Tertio
1783 331 106 61 sic.
1837 331 66 61 se-

419 383 147 52 cundum
522 383 103 52 non
581 383 103 52 est
639 383 132 52 ratio
727 383 147 52 primi:
830 383 103 52 sed
889 383 147 52 potius
991 383 205 52 econverso.
1153 383 132 52 omnia
1241 383 220 52 essentialia
1417 383 117 52 sunt
1490 383 132 52 prima
1578 383 73 52 &
1608 383 132 52 quasi
1696 383 161 52 praeuia
1798 383 103 52 respe

425 417 101 63 ctu
482 417 231 63 notionalium,
670 417 86 63 vt
713 417 130 63 patet
799 417 86 63 ex
843 417 130 63 supra
929 417 245 63 determinatis.
1131 417 130 63 Quare
1217 417 101 63 cum
1275 417 173 63 diligere
1405 417 101 63 sit
1463 417 130 63 actus
1549 417 231 63 essentialis,
1736 417 72 63 &
1751 417 144 63 spiritus

416 466 162 59 sanctus
534 466 103 59 sit
593 466 118 59 amor
667 466 221 59 notionalis,
844 466 177 59 spiritus
976 466 162 59 sanctus
1094 466 103 59 non
1153 466 103 59 est
1212 466 118 59 amor
1286 466 103 59 quo
1345 466 133 59 pater
1433 466 74 59 &
1463 466 147 59 filius
1566 466 192 59 diligunt,
1713 466 118 59 quia
1787 466 88 59 id
1831 466 103 59 quo

427 511 168 53 diligunt
553 511 98 53 est
609 511 126 53 ratio
694 511 182 53 eliciendi
834 511 126 53 actum
918 511 197 53 diligendi.
1073 511 70 53 ⁋
1101 511 154 53 Contra,
1213 511 98 53 non
1269 511 98 53 est
1325 511 112 53 amor
1396 511 112 53 nisi
1466 511 98 53 sit
1522 511 98 53 vis
1578 511 154 53 vnitiua
1690 511 154 53 amantis
1803 511 98 53 cum
1845 511 70 53 ama

421 555 103 59 to.
480 555 74 59 &
510 555 88 59 si
554 555 132 59 talis
642 555 103 59 vis
701 555 103 59 est
760 555 118 59 amor
833 555 177 59 simplex,
966 555 132 59 multo
1054 555 162 59 fortius
1172 555 118 59 ergo
1245 555 74 59 &
1274 555 118 59 amor
1348 555 221 59 incentiuus,
1525 555 118 59 quia
1598 555 147 59 quanto
1701 555 103 59 est
1745 555 162 59 ardentior

430 600 128 67 tanto
515 600 156 67 fortius
629 600 128 67 vnit,
714 600 128 67 quare
800 600 100 67 cum
856 600 171 67 spiritus
984 600 156 67 sanctus
1098 600 171 67 secundum
1226 600 100 67 iam
1283 600 171 67 exposita
1411 600 100 67 sit
1468 600 114 67 amor
1539 600 213 67 incentiuus:
1710 600 114 67 ipse
1781 600 114 67 ergo
1838 600 71 67 est

428 648 106 52 vis
488 648 167 52 vnitiua
610 648 167 52 amantis
731 648 106 52 cum
791 648 151 52 amato.
897 648 106 52 sed
958 648 106 52 hoc
1019 648 106 52 non
1079 648 121 52 nisi
1155 648 182 52 mediante
1291 648 121 52 actu
1367 648 212 52 diligendi.
1534 648 121 52 ergo
1594 648 76 52 &c.

426 687 89 75 ⁋
462 687 142 75 Dico
551 687 142 75 quod
639 687 213 75 secundum
799 687 160 75 dicta
906 687 231 75 sanctorum
1083 687 231 75 concedere
1261 687 195 75 oportet
1403 687 142 75 quod
1492 687 160 75 pater
1598 687 89 75 &
1634 687 178 75 filius
1740 687 178 75 diligunt

426 750 158 54 spiritu
540 750 158 54 sancto:
655 750 172 54 Spiritus
784 750 158 54 sanctus
899 750 129 54 autem
985 750 115 54 amor
1056 750 115 54 est:
1128 750 158 54 oportet
1243 750 115 54 ergo
1314 750 186 54 concedere
1458 750 115 54 quod
1529 750 172 54 spiritus
1658 750 158 54 sanctus
1773 750 100 54 sit
1816 750 86 54 amor

430 795 105 57 quo
490 795 135 57 pater
580 795 75 57 &
610 795 150 57 filius
715 795 195 57 diligunt.
865 795 120 57 Vnde
940 795 210 57 Augustinus
1105 795 165 57 loquens
1225 795 90 57 de
1270 795 225 57 processione
1450 795 180 57 spiritus
1585 795 150 57 sancti
1690 795 75 57 a
1720 795 150 57 patre,
1810 795 105 57 dicit

414 839 87 48 x.
457 839 87 48 de
500 839 188 48 trinitate
645 839 115 48 cap.
717 839 115 48 xii.
789 839 188 48 Manifeste
933 839 202 48 ostenditur
1092 839 101 48 hoc
1150 839 144 48 amoris
1251 839 115 48 esse
1323 839 202 48 principium
1482 839 115 48 vnde
1554 839 188 48 procedit:
1698 839 87 48 ab
1742 839 115 48 ipsa
1814 839 130 48 quipa

416 887 87 53 pe
459 887 130 53 mente
546 887 188 53 procedit:
691 887 130 53 atque
778 887 101 53 ita
835 887 203 53 principium
995 887 101 53 est
1053 887 145 53 amoris
1154 887 101 53 sui
1212 887 101 53 quo
1270 887 87 53 se
1313 887 130 53 amat.
1400 887 116 53 Vnde
1473 887 101 53 non
1531 887 203 53 proponitur
1690 887 174 53 quaestio
1806 887 101 53 quasi

424 928 211 59 dubitandum
590 928 106 59 sit
650 928 90 59 an
695 928 136 59 pater
786 928 75 59 &
816 928 151 59 filius
922 928 181 59 diligant
1057 928 136 59 amore
1148 928 106 59 qui
1208 928 106 59 est
1269 928 181 59 spiritus
1404 928 181 59 sanctus:
1540 928 106 59 sed
1600 928 121 59 quia
1676 928 196 59 dubitatur
1812 928 90 59 quom

419 973 102 46 hoc
478 973 116 46 vere
550 973 189 46 intelligi
696 973 160 46 possit:
812 973 73 46 &
841 973 102 46 qua
899 973 160 46 ratione
1015 973 116 46 ille
1088 973 189 46 ablatiuus
1233 973 131 46 amore
1320 973 218 46 construatur
1495 973 102 46 cum
1553 973 116 46 actu
1625 973 189 46 diligendi
1771 973 116 46 siue
1829 973 87 46 aman

425 1019 99 48 di.
481 1019 84 48 Et
523 1019 99 48 est
580 1019 127 48 ratio
664 1019 183 48 dubitandi
805 1019 127 48 super
889 1019 99 48 hoc
946 1019 169 48 expressa
1072 1019 84 48 in
1115 1019 141 48 tribus
1213 1019 141 48 primis
1312 1019 211 48 argumentis:
1481 1019 113 48 quae
1551 1019 197 48 concludunt
1706 1019 113 48 quod
1776 1019 127 48 tamen
1847 1019 70 48 pos

416 1062 114 54 sunt
487 1062 171 54 construi
615 1062 100 54 cum
672 1062 114 54 illo
743 1062 85 54 vt
786 1062 128 54 ratio
871 1062 185 54 elicitiua
1013 1062 142 54 illius
1113 1062 142 54 actus:
1212 1062 71 54 &
1241 1062 100 54 non
1298 1062 100 54 est
1355 1062 142 54 clarum
1454 1062 114 54 quod
1525 1062 114 54 alio
1596 1062 114 54 modo
1667 1062 142 54 possit
1767 1062 100 54 cum
1810 1062 85 54 illo

411 1107 181 51 construi.
550 1107 153 51 propter
662 1107 111 51 quod
731 1107 125 51 circa
815 1107 97 51 hoc
870 1107 167 51 diuersae
996 1107 111 51 sunt
1065 1107 153 51 exortae
1176 1107 223 51 quaestiones.
1357 1107 111 51 Vnde
1427 1107 237 51 difficultatem
1622 1107 209 51 quaestionis
1775 1107 125 51 propter

413 1154 153 47 tactum
520 1154 92 47 in
565 1154 137 47 primo
657 1154 214 47 argumento,
825 1154 153 47 tangit
932 1154 122 47 Hug.
1008 1154 92 47 de
1054 1154 153 47 sancto
1160 1154 153 47 Victo.
1267 1154 92 47 in
1313 1154 183 47 epistola
1450 1154 153 47 quadam
1557 1154 92 47 ad
1603 1154 92 47 b.
1649 1154 198 47 Bernardum
1801 1154 107 47 sic
1847 1154 61 47 in

414 1200 158 55 quiens.
529 1200 158 55 Quaeris
644 1200 72 55 a
673 1200 86 55 me
716 1200 158 55 quomodo
831 1200 130 55 verum
918 1200 101 55 sit
975 1200 115 55 quod
1047 1200 202 55 Augustinus
1205 1200 144 55 dicit.
1306 1200 130 55 Dicit
1393 1200 115 55 enim
1465 1200 115 55 quod
1537 1200 130 55 pater
1623 1200 158 55 spiritu
1738 1200 144 55 sancto
1825 1200 86 55 dili

418 1249 94 50 git
471 1249 148 50 filium,
579 1249 67 50 &
606 1249 134 50 filius
700 1249 121 50 eodem
780 1249 148 50 spiritu
888 1249 148 50 diligit
995 1249 148 50 patrem.
1103 1249 107 50 Quia
1170 1249 121 50 tamen
1250 1249 121 50 pater
1331 1249 81 50 ea
1371 1249 175 50 sapientia
1505 1249 107 50 quae
1573 1249 94 50 est
1626 1249 134 50 filius
1720 1249 148 50 sapiat,
1814 1249 81 50 omni

415 1289 84 48 no
457 1289 209 48 contradicit
624 1289 181 48 huiusmodi
763 1289 167 48 ratione.
889 1289 97 48 Nam
944 1289 84 48 si
986 1289 84 48 ea
1028 1289 181 48 sapientia
1167 1289 111 48 quae
1237 1289 139 48 filius
1334 1289 97 48 est
1390 1289 153 48 saperet
1501 1289 111 48 ipse
1571 1289 139 48 pater,
1668 1289 97 48 non
1724 1289 97 48 tam
1780 1289 139 48 filius
1863 1289 42 48 a

421 1331 134 55 patre,
514 1331 107 55 quam
581 1331 120 55 pater
661 1331 67 55 a
688 1331 120 55 filio
769 1331 134 55 esset:
862 1331 134 55 quibus
956 1331 107 55 idem
1023 1331 94 55 est
1076 1331 107 55 esse
1143 1331 107 55 quid
1210 1331 147 55 sapere.
1317 1331 80 55 Et
1357 1331 120 55 eadem
1438 1331 147 55 ratione
1545 1331 80 55 si
1585 1331 80 55 eo
1625 1331 120 55 amore
1705 1331 174 55 diligeret
1839 1331 94 55 qui

424 1382 87 45 est
473 1382 149 45 spiritus
585 1382 149 45 sanctus,
696 1382 87 45 non
746 1382 87 45 tam
796 1382 62 45 a
820 1382 112 45 patre
895 1382 99 45 quam
957 1382 112 45 pater
1031 1382 62 45 a
1056 1382 136 45 spiritu
1155 1382 124 45 sancto
1242 1382 124 45 esset:
1329 1382 124 45 quibus
1415 1382 99 45 idem
1477 1382 87 45 est
1527 1382 99 45 esse
1589 1382 99 45 quod
1651 1382 161 45 diligere.
1775 1382 87 45 Hoc
1812 1382 87 45 autem

409 1422 147 55 falsum
512 1422 118 55 est.
586 1422 118 55 Vnde
659 1422 162 55 subdit.
777 1422 118 55 Hinc
850 1422 103 55 est
909 1422 118 55 quod
982 1422 147 55 quidam
1085 1422 88 55 in
1129 1422 118 55 hunc
1203 1422 132 55 modum
1291 1422 176 55 opponunt
1423 1422 73 55 &
1452 1422 162 55 dicunt.
1570 1422 103 55 Cum
1629 1422 118 55 idem
1702 1422 103 55 ibi
1761 1422 103 55 sit
1805 1422 88 55 dili

415 1466 116 61 gere
487 1466 116 61 quod
559 1466 130 61 esse,
646 1466 159 61 quomodo
762 1466 159 61 dicitur
878 1466 130 61 pater
965 1466 101 61 vel
1023 1466 145 61 filius
1124 1466 101 61 non
1182 1466 116 61 esse
1254 1466 87 61 ea
1298 1466 203 61 dilectione
1457 1466 101 61 quo
1515 1466 130 61 alter
1602 1466 159 61 alterum
1718 1466 174 61 diligit:
1834 1466 72 61 cum

413 1518 119 57 ideo
488 1518 134 57 pater
577 1518 164 57 negatur
697 1518 149 57 sapere
801 1518 194 57 sapientia
951 1518 119 57 quam
1025 1518 164 57 genuit,
1145 1518 90 57 ne
1189 1518 90 57 ea
1234 1518 119 57 esse
1309 1518 254 57 intelligatur:
1518 1518 90 57 Et
1563 1518 194 57 respondet
1712 1518 119 57 Hug.
1787 1518 90 57 ad
1816 1518 90 57 argu

407 1558 151 53 mentum
513 1558 76 53 &
543 1558 136 53 simul
634 1558 91 53 ad
679 1558 242 53 quaestionem,
876 1558 91 53 vt
921 1558 151 53 tactum
1027 1558 106 53 est
1088 1558 136 53 supra
1179 1558 91 53 in
1224 1558 212 53 quaestione
1390 1558 91 53 de
1436 1558 227 53 differentia
1617 1558 136 53 inter
1708 1558 151 53 dicere
1814 1558 76 53 &
1844 1558 91 53 ge

408 1605 155 50 nerare,
521 1605 225 50 distinguendo
704 1605 113 50 quod
774 1605 127 50 agere
858 1605 141 50 aliquo
957 1605 183 50 contingit
1098 1605 211 50 dupliciter,
1267 1605 99 50 vel
1323 1605 84 50 vt
1365 1605 155 50 ratione
1478 1605 155 50 formali
1590 1605 113 50 quae
1661 1605 99 50 est
1717 1605 84 50 in
1759 1605 155 50 agente,
1858 1605 42 50 &

416 1648 95 49 sic
471 1648 122 49 pater
552 1648 95 49 non
606 1648 149 49 diligit
714 1648 149 49 spiritu
822 1648 149 49 sancto,
930 1648 122 49 neque
1011 1648 149 49 filius,
1119 1648 81 49 vt
1159 1648 162 49 procedit
1281 1648 135 49 ratio:
1375 1648 95 49 vel
1429 1648 81 49 vt
1470 1648 162 49 potentia
1591 1648 176 49 operatiua
1726 1648 108 49 quae
1794 1648 95 49 est
1848 1648 81 49 ab

421 1694 120 49 alio,
501 1694 67 49 &
528 1694 94 49 sic
581 1694 107 49 bene
648 1694 160 49 diligunt
768 1694 147 49 spiritu
875 1694 147 49 sancto,
982 1694 67 49 &
1009 1694 174 49 similiter
1142 1694 120 49 pater
1223 1694 187 49 intelligit
1370 1694 134 49 verbo:
1463 1694 94 49 non
1517 1694 120 49 tamen
1597 1694 160 49 sequitur
1717 1694 107 49 quod
1784 1694 94 49 est
1824 1694 67 49 spi

413 1739 123 48 ritu
490 1739 154 48 sancto
597 1739 108 48 aut
659 1739 154 48 verbo,
767 1739 92 48 vt
813 1739 154 48 ibidem
921 1739 200 48 expositum
1075 1739 123 48 est.
1152 1739 123 48 Vnde
1229 1739 139 48 dicit
1321 1739 123 48 sic.
1398 1739 169 48 Quantum
1521 1739 123 48 mihi
1598 1739 169 48 videtur
1722 1739 154 48 multum
1814 1739 77 48 est

419 1781 137 58 inter
510 1781 152 58 facere
616 1781 76 58 &
646 1781 137 58 fieri
738 1781 106 58 &c.
798 1781 137 58 vsque
889 1781 121 58 ibi.
965 1781 91 58 Et
1011 1781 182 58 secundum
1147 1781 106 58 hoc
1208 1781 106 58 cum
1269 1781 137 58 actus
1360 1781 228 58 attribuitur
1542 1781 106 58 &c.
1602 1781 91 58 vt
1648 1781 167 58 habitum
1769 1781 106 58 est
1815 1781 91 58 ibi-

408 1829 121 52 dem.
484 1829 167 52 Dicitur
605 1829 121 52 ergo
681 1829 106 52 (vt
742 1829 152 52 subdit
848 1829 121 52 Hug.
924 1829 167 52 ibidem)
1045 1829 137 52 pater
1136 1829 167 52 spiritu
1258 1829 152 52 sancto
1364 1829 197 52 diligere:
1516 1829 76 52 &
1546 1829 137 52 pater
1637 1829 106 52 suo
1698 1829 137 52 amore
1774 1829 121 52 proce-

407 1872 130 52 dente
493 1872 173 52 diligit:
623 1872 101 52 non
681 1872 115 52 quod
753 1872 101 52 per
811 1872 101 52 eum
868 1872 144 52 amorem
969 1872 144 52 habeat
1070 1872 101 52 sed
1128 1872 188 52 exhibeat:
1272 1872 101 52 non
1330 1872 115 52 quod
1402 1872 101 52 per
1460 1872 101 52 eum
1518 1872 144 52 amorem
1619 1872 173 52 accipiat
1749 1872 101 52 sed
1792 1872 101 52 impen

407 1921 106 47 dat.
473 1921 80 47 Et
513 1921 93 47 sic
566 1921 159 47 secundum
685 1921 106 47 Hug.
752 1921 106 47 quod
818 1921 119 47 pater
898 1921 146 47 dicitur
1004 1921 159 47 diligere
1123 1921 146 47 spiritu
1229 1921 146 47 sancto,
1336 1921 106 47 est:
1402 1921 106 47 quod
1468 1921 159 47 spiritus
1588 1921 146 47 sanctus
1694 1921 146 47 diligit
1800 1921 93 47 hoc
1840 1921 53 47 ha

408 1960 98 56 bet
464 1960 70 56 a
492 1960 141 56 patre:
591 1960 113 56 quia
661 1960 113 56 ipse
731 1960 98 56 est
788 1960 70 56 a
816 1960 141 56 patre.
914 1960 113 56 vnde
985 1960 141 56 subdit
1083 1960 84 56 in
1125 1960 127 56 eadem
1210 1960 183 56 epistola.
1350 1960 141 56 Hilius
1449 1960 84 56 de
1491 1960 141 56 seipso
1590 1960 169 56 dicebat,
1716 1960 98 56 mea
1758 1960 141 56 doctrina

407 2010 104 55 non
467 2010 104 55 est
526 2010 119 55 mea.
601 2010 104 55 Cur
660 2010 74 55 &
690 2010 179 55 spiritus
824 2010 164 55 sanctus
943 2010 104 55 non
1003 2010 134 55 aequa
1092 2010 164 55 ratione
1211 2010 134 55 dicat
1300 2010 179 55 dilectio
1434 2010 104 55 mea
1494 2010 104 55 non
1554 2010 104 55 est
1613 2010 104 55 mea
1673 2010 104 55 sed
1732 2010 164 55 patris:
1836 2010 60 55 No

414 2053 82 52 ta
455 2053 82 52 ad
496 2053 204 52 intellectum
659 2053 122 52 dicti
740 2053 109 52 Hug.
808 2053 68 52 &
835 2053 95 52 hoc
890 2053 82 52 ex
931 2053 136 52 verbis
1026 2053 109 52 eius
1094 2053 82 52 in
1134 2053 109 52 illo
1202 2053 122 52 dicto
1284 2053 177 52 Christin,
1420 2053 95 52 Mea
1474 2053 163 52 doctrina
1596 2053 95 52 non
1651 2053 95 52 est
1705 2053 109 52 mea:
1773 2053 109 52 quod
1841 2053 82 52 du

410 2096 169 62 pliciter
537 2096 141 62 potest
636 2096 183 62 intelligi
777 2096 127 62 illud
861 2096 169 62 Doctrina
988 2096 113 62 mea.
1059 2096 99 62 Vno
1115 2096 113 62 modo
1186 2096 113 62 sic.
1256 2096 99 62 mea
1313 2096 169 62 doctrina
1440 2096 71 62 .
1468 2096 85 62 i.
1510 2096 169 62 doctrina
1637 2096 99 62 qua
1694 2096 99 62 ego
1750 2096 127 62 sapio
1820 2096 71 62 non

411 2150 109 55 est
474 2150 125 55 mea:
552 2150 125 55 quia
629 2150 109 55 ego
692 2150 109 55 non
754 2150 140 55 habeo
847 2150 109 55 eam
909 2150 78 55 a
941 2150 109 55 me:
1003 2150 109 55 sed
1065 2150 78 55 a
1096 2150 156 55 patre.
1205 2150 78 55 &
1236 2150 187 55 secundum
1376 2150 109 55 hoc
1439 2150 140 55 pater
1532 2150 187 55 secundum
1672 2150 140 55 Hugns
1750 2150 140 55 dicitur

411 2182 136 58 sapere
506 2182 136 58 filio:
602 2182 109 58 quia
670 2182 190 58 sapientiam
819 2182 68 58 &
846 2182 177 58 doctrinam
982 2182 95 58 qua
1036 2182 136 58 filius
1131 2182 122 58 sapit
1213 2182 68 58 &
1240 2182 109 58 quod
1308 2182 136 58 filius
1403 2182 122 58 sapit
1485 2182 95 58 hoc
1539 2182 122 58 habet
1620 2182 68 58 a
1648 2182 136 58 patre.
1743 2182 68 58 &
1770 2182 95 58 sic
1811 2182 82 58 idem

407 2232 102 51 quod
471 2232 128 51 filius
561 2232 102 51 agit
625 2232 77 51 in
663 2232 77 51 eo
701 2232 102 51 quod
765 2232 115 51 sapit
842 2232 115 51 pater
919 2232 115 51 agit:
995 2232 89 51 sed
1046 2232 89 51 per
1097 2232 128 51 filium
1187 2232 102 51 siue
1251 2232 128 51 filio.
1340 2232 77 51 Et
1379 2232 166 51 similiter
1507 2232 77 51 si
1545 2232 153 51 spiritus
1660 2232 141 51 sanctus
1762 2232 115 51 dicat
1826 2232 64 51 mea

404 2277 173 59 dilectio
533 2277 101 59 non
591 2277 101 59 est
648 2277 115 59 mea,
720 2277 115 59 idem
792 2277 101 59 est
850 2277 115 59 quod
922 2277 173 59 dilectio
1051 2277 101 59 qua
1109 2277 101 59 ego
1166 2277 144 59 diligo
1267 2277 101 59 non
1325 2277 101 59 est
1382 2277 115 59 mea:
1454 2277 115 59 quia
1526 2277 101 59 non
1584 2277 130 59 habeo
1670 2277 101 59 eam
1728 2277 72 59 a
1756 2277 101 59 me:
1814 2277 101 59 sed

404 2328 76 44 a
434 2328 152 44 patre.
540 2328 91 44 Et
586 2328 182 44 secundum
722 2328 106 44 hoc
783 2328 182 44 secundum
919 2328 136 44 Hugo.
1010 2328 136 44 pater
1101 2328 167 44 dicitur
1222 2328 182 44 diligere
1359 2328 167 44 spiritu
1480 2328 167 44 sancto:
1601 2328 121 44 quia
1677 2328 121 44 quod
1737 2328 152 44 spiritus

408 2364 162 57 sanctus
526 2364 162 57 diligit
644 2364 74 57 &
674 2364 221 57 dilectionem
851 2364 103 57 qua
910 2364 177 57 spiritus
1043 2364 162 57 diligit
1161 2364 133 57 habet
1249 2364 74 57 a
1279 2364 148 57 patre.
1382 2364 118 57 Alio
1456 2364 133 57 autem
1545 2364 118 57 modo
1618 2364 148 57 illud,
1722 2364 103 57 Mea
1766 2364 118 57 doctri

414 2409 100 53 na,
471 2409 228 53 intelligitur
656 2409 114 53 sic.
728 2409 86 53 i.
770 2409 171 53 doctrina
899 2409 100 53 qua
956 2409 100 53 ego
1013 2409 157 53 homines
1127 2409 143 53 erudio
1227 2409 71 53 &
1255 2409 114 53 quam
1327 2409 100 53 eis
1384 2409 157 53 impendo
1498 2409 100 53 non
1555 2409 100 53 est
1612 2409 114 53 mea:
1683 2409 114 53 quia
1754 2409 128 53 illam
1826 2409 71 53 non

410 2453 137 52 habeo
501 2453 76 52 a
531 2453 106 52 me:
592 2453 106 52 sed
653 2453 76 52 a
683 2453 152 52 patre.
789 2453 76 52 &
820 2453 182 52 secundum
956 2453 106 52 hoc
1017 2453 182 52 secundum
1153 2453 121 52 Hug.
1229 2453 137 52 pater
1320 2453 167 52 dicitur
1442 2453 167 52 erudire
1563 2453 152 52 filio:
1669 2453 121 52 quia
1730 2453 167 52 doctrinam

418 2507 88 52 qua
469 2507 126 52 filius
557 2507 126 52 erudit
645 2507 101 52 ipse
708 2507 114 52 habet
784 2507 63 52 a
809 2507 126 52 patre,
898 2507 63 52 &
923 2507 88 52 sic
973 2507 101 52 quod
1036 2507 126 52 filius
1125 2507 101 52 agit
1188 2507 76 52 in
1226 2507 76 52 eo
1263 2507 101 52 quod
1326 2507 126 52 erudit
1415 2507 114 52 pater
1490 2507 114 52 agit,
1566 2507 88 52 sed
1617 2507 114 52 filio
1692 2507 101 52 siue
1755 2507 88 52 per
1793 2507 101 52 filium

415 2548 78 54 Et
454 2548 78 54 si
493 2548 156 54 spiritus
610 2548 143 54 sanctus
714 2548 117 54 dicat
792 2548 91 54 mea
844 2548 156 54 dilectio
961 2548 91 54 non
1013 2548 91 54 est
1065 2548 104 54 mea,
1130 2548 104 54 idem
1195 2548 91 54 est
1247 2548 78 54 ac
1286 2548 78 54 si
1325 2548 156 54 diceret:
1442 2548 156 54 dilectio
1559 2548 91 54 qua
1611 2548 91 54 ego
1663 2548 143 54 homines
1754 2548 130 54 inflammo

396 2591 76 64 &
426 2591 121 64 quam
502 2591 106 64 eis
562 2591 166 64 impendo
683 2591 106 64 non
744 2591 106 64 est
804 2591 121 64 mea:
880 2591 121 64 quia
955 2591 136 64 illam
1046 2591 106 64 non
1107 2591 136 64 habeo
1197 2591 76 64 a
1228 2591 106 64 me:
1288 2591 106 64 sed
1349 2591 76 64 a
1379 2591 151 64 patre.
1485 2591 91 64 Et
1530 2591 181 64 secundum
1666 2591 106 64 hoc
1727 2591 136 64 pater
1802 2591 91 64 dici

398 2633 106 60 tur
458 2633 212 60 inflammare
625 2633 166 60 homines
746 2633 121 60 igne
822 2633 227 60 charitatis:
1003 2633 121 60 quia
1079 2633 212 60 charitatem
1245 2633 121 60 siue
1321 2633 227 60 dilectionem
1503 2633 106 60 qua
1563 2633 182 60 spiritus
1699 2633 166 60 sanctus
1805 2633 76 60 in-

404 2678 159 72 flammat:
523 2678 106 72 ipse
589 2678 119 72 habet
669 2678 66 72 a
695 2678 133 72 patre,
788 2678 66 72 &
815 2678 93 72 sic
868 2678 106 72 quod
934 2678 159 72 spiritus
1054 2678 146 72 sanctus
1160 2678 106 72 agit
1226 2678 80 72 in
1266 2678 80 72 eo
1306 2678 106 72 quod
1372 2678 186 72 inflammat,
1518 2678 119 72 pater
1597 2678 119 72 agit,
1677 2678 93 72 sed
1730 2678 146 72 spiritu
1823 2678 66 72 san
