2017 3199
418 248 118 79 sicut
496 248 92 79 est
549 248 131 79 realis
641 248 105 79 ipsa
706 248 183 79 processio.
850 248 105 79 Puta
916 248 131 79 verbum
1007 248 79 79 in
1047 248 144 79 diuinis
1151 248 79 79 ex
1191 248 92 79 sua
1243 248 196 79 processione
1400 248 118 79 habet
1479 248 105 79 quod
1544 248 92 79 sit
1597 248 144 79 verbum,
1701 248 65 79 &
1728 248 183 79 relationem
1859 248 52 79 ha

412 310 123 61 bens
489 310 92 61 ad
535 310 139 61 omnia
627 310 169 61 dicenda
750 310 154 61 verbo:
858 310 92 61 ad
904 310 169 61 quaedam
1027 310 139 61 tamen
1120 310 169 61 illorum
1243 310 108 61 non
1305 310 139 61 habet
1397 310 216 61 relationem
1566 310 123 61 nisi
1643 310 216 61 rationalem
1797 310 108 61 secun

414 358 94 53 dum
467 358 161 53 superius
588 358 215 53 determinata.
763 358 81 53 Et
803 358 107 53 quod
870 358 161 53 arguitur
991 358 107 53 quod
1059 358 121 53 actus
1139 358 215 53 processionis
1314 358 81 53 in
1354 358 148 53 diuinis
1462 358 94 53 est
1515 358 148 53 realis,
1623 358 67 53 &
1650 358 148 53 relatio
1744 358 161 53 rationalis

423 406 98 58 non
479 406 98 58 est
535 406 113 58 nisi
606 406 84 58 ex
648 406 155 58 actione
761 406 197 58 rationali:
915 406 127 58 quare
1000 406 127 58 talis
1084 406 98 58 cum
1140 406 98 58 sit
1197 406 155 58 relatio
1309 406 84 58 ad
1351 406 197 58 creaturam,
1506 406 197 58 rationalis
1661 406 113 58 est:
1731 406 98 58 non
1787 406 113 58 ergo
1844 406 70 58 est

429 450 83 51 ex
471 450 152 51 actione
582 450 139 51 reali:
679 450 166 51 Dicendum
803 450 111 51 quod
873 450 152 51 relatio
983 450 97 51 dei
1039 450 83 51 ad
1080 450 180 51 creaturas
1219 450 139 51 reuera
1316 450 97 51 non
1372 450 97 51 est
1427 450 111 51 nisi
1496 450 208 51 rationalis,
1663 450 111 51 etsi
1732 450 180 51 econuerso
1857 450 55 51 re

422 491 133 59 latio
511 491 192 59 creaturae
658 491 89 59 ad
703 491 118 59 deum
776 491 103 59 est
835 491 148 59 realis
939 491 207 59 aliquando,
1101 491 133 59 prout
1189 491 89 59 in
1234 491 251 59 quaestionibus
1440 491 89 59 de
1484 491 177 59 Quolibet
1617 491 162 59 latius,
1735 491 74 59 &
1750 491 162 59 aliquantu

420 536 97 65 lum
476 536 125 65 etiam
559 536 83 65 in
600 536 166 65 superius
725 536 222 65 determinatis
906 536 236 65 declarauimus.
1100 536 83 65 Et
1141 536 125 65 sicut
1224 536 153 65 relatio
1335 536 97 65 dei
1391 536 83 65 ad
1432 536 180 65 creaturas
1571 536 97 65 non
1627 536 97 65 est
1682 536 111 65 nisi
1738 536 166 65 rationalis

426 582 95 55 sic
481 582 95 55 non
535 582 95 55 est
589 582 108 55 nisi
657 582 81 55 ex
697 582 149 55 actione
806 582 190 55 rationali:
955 582 108 55 quae
1023 582 95 55 est
1077 582 163 55 rationis
1199 582 163 55 secundum
1321 582 203 55 intellectum
1483 582 95 55 aut
1538 582 190 55 voluntatem
1687 582 136 55 sicuti
1768 582 149 55 intellige

429 631 85 55 re
471 631 100 55 aut
528 631 142 55 velle.
628 631 100 55 Sed
685 631 85 55 in
728 631 185 55 proposito
870 631 157 55 relatio
984 631 114 55 doni
1055 631 85 55 ad
1098 631 185 55 creaturam
1240 631 85 55 ex
1283 631 114 55 actu
1354 631 199 55 voluntatis
1510 631 71 55 &
1539 631 142 55 amoris
1639 631 100 55 est
1696 631 157 55 tendens
1809 631 85 55 in
1852 631 85 55 id

422 677 99 51 cui
479 677 128 51 datur
564 677 71 51 &
592 677 99 51 cui
649 677 171 51 donabile
777 677 114 51 est:
848 677 71 51 &
877 677 99 51 hoc
933 677 85 51 ex
976 677 156 51 ratione
1090 677 114 51 suae
1161 677 227 51 processionis
1346 677 99 51 qua
1402 677 85 51 in
1445 677 85 51 se
1488 677 128 51 habet
1573 677 128 51 esse,
1658 677 99 51 non
1715 677 171 51 absolute
1843 677 99 51 ma-

423 727 117 52 nens
497 727 88 52 in
541 727 88 52 eo
585 727 73 52 a
614 727 103 52 quo
673 727 191 52 procedit.
819 727 88 52 In
863 727 103 52 quo
922 727 103 52 (vt
980 727 147 52 dictum
1083 727 117 52 est)
1156 727 161 52 differt
1274 727 88 52 in
1318 727 161 52 diuinis
1435 727 147 52 verbum
1538 727 88 52 ab
1581 727 132 52 amore
1669 727 205 52 procedente
1816 727 88 52 siue

418 769 138 58 dono.
510 769 153 58 Verbum
617 769 123 58 enim
694 769 199 58 solummodo
847 769 245 58 declaratiuum
1047 769 107 58 est
1108 769 123 58 apud
1185 769 184 58 dicentem
1323 769 138 58 verbo
1415 769 153 58 illius
1522 769 123 58 quod
1599 769 169 58 dicitur
1722 769 153 58 verbo.
1814 769 107 58 Aelus

426 808 126 53 autem
510 808 112 53 siue
580 808 112 53 amor
650 808 182 53 procedens
790 808 98 53 non
846 808 126 53 solum
930 808 98 53 est
986 808 238 53 inflammatiuus
1181 808 112 53 eius
1251 808 112 53 quod
1321 808 126 53 aelat
1405 808 112 53 zelo
1475 808 84 53 in
1517 808 84 53 id
1559 808 112 53 quod
1629 808 112 53 ipso
1699 808 112 53 zelo
1769 808 168 53 zelatur:

434 852 94 59 sed
487 852 120 59 etiam
567 852 134 59 tendit
661 852 67 59 a
688 852 160 59 zcelante
808 852 67 59 a
835 852 94 59 quo
888 852 160 59 procedit
1009 852 80 59 vt
1049 852 120 59 donum
1129 852 80 59 in
1169 852 80 59 id
1209 852 107 59 quod
1276 852 160 59 aelatur:
1396 852 67 59 &
1423 852 107 59 illi
1490 852 134 59 datur:
1584 852 67 59 &
1610 852 94 59 ita
1664 852 160 59 refertur
1784 852 80 59 ad
1824 852 120 59 illud

424 905 106 45 quod
490 905 159 45 aelatur,
609 905 93 45 non
662 905 119 45 solum
741 905 79 45 ad
781 905 79 45 id
820 905 106 45 quod
886 905 106 45 zelo
952 905 159 45 zelatur:
1071 905 198 45 quemadmodum
1230 905 132 45 verbum
1322 905 93 45 non
1375 905 119 45 solum
1455 905 159 45 refertur
1573 905 79 45 ad
1613 905 79 45 id
1653 905 106 45 quid
1719 905 119 45 verbo
1785 905 132 45 dicitur:

423 944 98 61 sed
479 944 126 61 etiam
563 944 84 61 ad
605 944 84 61 id
647 944 98 61 cui
703 944 168 61 donatur,
828 944 112 61 quod
898 944 98 61 est
954 944 154 61 propria
1066 944 154 61 relatio
1178 944 84 61 in
1220 944 168 61 spiritum
1346 944 154 61 sanctum
1458 944 182 61 inquantum
1597 944 98 61 est
1653 944 140 61 donum:
1751 944 140 61 qualis
1835 944 70 61 nul

430 990 84 53 la
472 990 237 53 correspondens
667 990 98 53 est
723 990 84 53 in
765 990 139 53 filio:
862 990 125 53 licet
946 990 181 53 relationi
1085 990 98 53 qua
1141 990 167 53 spiritus
1267 990 153 53 sanctus
1378 990 167 53 spiratur
1504 990 84 53 vt
1545 990 112 53 ens,
1615 990 70 53 &
1643 990 167 53 refertur
1769 990 84 53 ad
1796 990 112 53 spiran

419 1038 115 60 tem,
491 1038 201 60 respondeat
649 1038 86 60 in
692 1038 129 60 filio
778 1038 158 60 relatio
893 1038 86 60 ad
936 1038 144 60 patrem
1037 1038 101 60 qua
1094 1038 187 60 generatur
1238 1038 86 60 ab
1281 1038 115 60 illo
1353 1038 86 60 vt
1396 1038 101 60 est
1454 1038 158 60 filius:
1569 1038 72 60 &
1598 1038 187 60 relationi
1741 1038 101 60 qua
1785 1038 129 60 flagra-

429 1081 96 52 tur
484 1081 82 52 vt
525 1081 96 52 est
580 1081 137 52 zelus,
675 1081 68 52 &
703 1081 164 52 refertur
826 1081 82 52 ad
867 1081 205 52 flagrantem,
1031 1081 191 52 respondeat
1182 1081 150 52 relatio
1291 1081 82 52 in
1332 1081 123 52 filio
1414 1081 96 52 qua
1469 1081 150 52 dicitur
1578 1081 68 52 a
1605 1081 123 52 patre
1688 1081 82 52 vt
1729 1081 96 52 est
1783 1081 150 52 verbum:
1879 1081 41 52 &

429 1127 187 46 relationi
573 1127 101 46 qua
630 1127 173 46 spiritus
760 1127 159 46 sanctus
876 1127 87 46 vt
919 1127 101 46 est
977 1127 130 46 zelus
1063 1127 173 46 refertur
1193 1127 87 46 ad
1236 1127 144 46 zelata
1337 1127 130 46 aelo,
1424 1127 202 46 respondeat
1582 1127 159 46 relatio
1698 1127 101 46 qua
1755 1127 144 46 verbum
1842 1127 72 46 re-

426 1168 143 56 fertur
526 1168 86 56 ad
569 1168 129 56 dicta
654 1168 143 56 verbo.
754 1168 86 56 Et
797 1168 129 56 sicut
883 1168 143 56 dicere
983 1168 129 56 verbo
1068 1168 200 56 essentiale
1225 1168 114 56 est:
1297 1168 129 56 licet
1383 1168 229 56 praesupponat
1568 1168 143 56 dicere
1668 1168 200 56 notionale:
1825 1168 71 56 &
1840 1168 71 56 per

424 1214 94 64 hoc
477 1214 148 64 relatio
585 1214 121 64 verbi
665 1214 188 64 rationalis
813 1214 81 64 ad
853 1214 121 64 dicta
934 1214 121 64 verbo
1014 1214 201 64 consequitur
1176 1214 161 64 actionem
1296 1214 188 64 notionalem
1444 1214 94 64 qua
1498 1214 161 64 procedit
1619 1214 134 64 verbum
1713 1214 67 64 a
1739 1214 134 64 patre:
1820 1214 94 64 consi

423 1263 151 55 militer
533 1263 137 55 zelare
629 1263 110 55 zelo
698 1263 192 55 essentiale
849 1263 110 55 est:
918 1263 124 55 licet
1001 1263 220 55 praesupponat
1179 1263 165 55 flagrare
1303 1263 110 55 siue
1372 1263 137 55 zelare
1468 1263 192 55 notionale:
1619 1263 69 55 &
1647 1263 96 55 per
1702 1263 96 55 hoc
1757 1263 124 55 etiam
1826 1263 82 55 rela

429 1307 101 63 tio
486 1307 116 63 zeli
559 1307 203 63 rationalis
718 1307 130 63 etiam
805 1307 87 63 ad
848 1307 145 63 zelata
950 1307 116 63 zelo
1022 1307 217 63 consequitur
1196 1307 174 63 actionem
1326 1307 203 63 notionalem
1485 1307 101 63 qua
1543 1307 145 63 zaelus
1644 1307 174 63 procedit
1775 1307 72 63 a
1789 1307 116 63 xelan-

429 1351 85 65 te
471 1351 99 65 seu
528 1351 183 65 flagrante
669 1351 141 65 ipsum:
767 1351 70 65 &
795 1351 169 65 vlterius
922 1351 127 65 etiam
1007 1351 113 65 zeli
1077 1351 155 65 relatio
1190 1351 197 65 rationalis
1345 1351 85 65 ad
1387 1351 85 65 id
1430 1351 99 65 cui
1486 1351 155 65 donatur
1599 1351 99 65 seu
1655 1351 169 65 donabile
1782 1351 113 65 est,
1839 1351 70 65 con

421 1392 186 59 sequitur
561 1392 186 59 actionem
701 1392 217 59 notionalem
872 1392 171 59 eandem.
996 1392 78 59 &
1027 1392 248 59 praesupponit
1229 1392 140 59 actio
1322 1392 233 59 essentialis
1508 1392 171 59 donandi
1633 1392 186 59 actionem
1757 1392 155 59 notiona-

413 1440 108 56 lem
474 1440 108 56 qua
536 1440 184 56 spiritus
674 1440 169 56 sanctus
797 1440 108 56 seu
858 1440 138 56 zelus
950 1440 184 56 procedit
1089 1440 92 56 vt
1135 1440 154 56 donum.
1242 1440 92 56 Et
1288 1440 108 56 est
1350 1440 123 56 ista
1426 1440 200 56 processio
1580 1440 108 56 qua
1642 1440 184 56 procedit
1780 1440 92 56 vt
1810 1440 108 56 donum

415 1491 70 59 a
443 1491 195 59 flagrante,
596 1491 167 59 aeterna.
722 1491 112 59 Illa
792 1491 126 59 autem
875 1491 98 59 qua
931 1491 167 59 procedit
1057 1491 167 59 vlterius
1182 1491 84 59 in
1224 1491 84 59 id
1266 1491 98 59 cui
1322 1491 167 59 donatur,
1448 1491 181 59 quandoque
1587 1491 98 59 est
1643 1491 153 59 aeterna
1755 1491 181 59 quandoque

412 1535 219 59 temporalis.
588 1535 161 59 Aeterna
705 1535 146 59 autem,
807 1535 146 59 quando
909 1535 131 59 datur
997 1535 88 59 ei
1041 1535 102 59 qui
1099 1535 102 59 est
1157 1535 190 59 aeternus,
1303 1535 88 59 vt
1347 1535 131 59 filio
1435 1535 73 59 a
1464 1535 131 59 patre
1552 1535 73 59 &
1581 1535 205 59 econuerso:
1742 1535 88 59 de
1786 1535 102 59 quo
1829 1535 88 59 erit

410 1578 132 62 sermo
499 1578 88 62 in
543 1578 177 62 sequenti
675 1578 221 62 quaestione.
852 1578 206 62 Temporalis
1014 1578 118 62 vero
1087 1578 147 62 quando
1190 1578 132 62 datur
1278 1578 88 62 ei
1322 1578 103 62 qui
1381 1578 103 62 est
1440 1578 206 62 temporalis
1602 1578 88 62 vt
1646 1578 206 62 creaturae.
1808 1578 88 62 Et
1837 1578 74 62 dif

417 1619 121 56 fert
492 1619 166 56 donatio
613 1619 106 56 qua
674 1619 166 56 donatur
794 1619 91 56 ab
840 1619 181 56 aeterno,
976 1619 91 56 ab
1021 1619 121 56 illa
1096 1619 106 56 qua
1157 1619 166 56 donatur
1278 1619 91 56 ex
1323 1619 181 56 tempore:
1459 1619 91 56 in
1504 1619 106 56 hoc
1565 1619 121 56 quod
1640 1619 121 56 illa
1716 1619 166 56 donatio
1836 1619 106 56 qua

420 1667 157 64 donatur
534 1667 85 64 ab
576 1667 157 64 aeterno
690 1667 128 64 filio
776 1667 71 64 a
804 1667 128 64 patre
889 1667 71 64 &
918 1667 199 64 econuerso:
1074 1667 128 64 nihil
1160 1667 128 64 aliud
1245 1667 100 64 est
1302 1667 114 64 quam
1373 1667 114 64 ipsa
1444 1667 185 64 processio
1587 1667 157 64 aeterna
1701 1667 100 64 qua
1757 1667 171 64 procedit
1871 1667 43 64 a

406 1715 134 59 patre
496 1715 89 59 in
540 1715 149 59 filium
645 1715 75 59 &
674 1715 209 59 econuerso.
838 1715 119 59 Illa
913 1715 119 59 vero
987 1715 104 59 qua
1047 1715 134 59 datur
1136 1715 89 59 ex
1181 1715 164 59 tempore
1300 1715 194 59 creaturae
1449 1715 119 59 alia
1524 1715 104 59 est
1583 1715 75 59 a
1613 1715 224 59 processione
1792 1715 104 59 qua
1837 1715 75 59 pro

418 1764 124 57 cedit
501 1764 83 57 ab
542 1764 152 57 aeterno
653 1764 69 57 a
680 1764 124 57 patre
763 1764 69 57 &
791 1764 138 57 filio:
887 1764 124 57 sicut
970 1764 110 57 alia
1039 1764 97 57 est
1094 1764 179 57 processio
1232 1764 166 57 spiritus
1356 1764 138 57 sancti
1453 1764 193 57 temporalis
1604 1764 83 57 ab
1632 1764 138 57 aeterna.

1075 1847 211 70 Quaestio.
1237 1847 114 70 lx.

684 1936 122 62 Irca
760 1936 137 62 nonum
852 1936 183 62 arguitur
989 1936 122 62 quod
1065 1936 183 62 spiritus
1203 1936 168 62 sanctus
1325 1936 107 62 non
1386 1936 107 62 sit
1447 1936 137 62 donum
1539 1936 107 62 quo
1600 1936 168 62 caetera
1722 1936 122 62 dona
1798 1936 137 62 donan

678 1990 124 59 tur,
755 1990 140 59 Primo
848 1990 124 59 sic.
926 1990 124 59 sine
1003 1990 124 59 dono
1081 1990 109 59 quo
1143 1990 171 59 caetera
1267 1990 124 59 dona
1344 1990 186 59 donantur
1484 1990 155 59 nullum
1592 1990 140 59 aliud
1685 1990 140 59 donum
1763 1990 140 59 donatur

680 2025 76 62 &
710 2025 121 62 illo
786 2025 121 62 dato
862 2025 106 62 non
923 2025 106 62 est
983 2025 167 62 aliquod
1105 2025 137 62 donum
1196 2025 121 62 quod
1272 2025 106 62 non
1332 2025 182 62 donetur:
1469 2025 121 62 quia
1545 2025 137 62 ipsum
1636 2025 106 62 est
1697 2025 167 62 propria
1803 2025 106 62 causa

676 2073 75 69 &
706 2073 136 69 ratio
796 2073 166 69 donandi
917 2073 181 69 caetera.
1053 2073 75 69 &
1083 2073 151 69 posita
1188 2073 136 69 causa
1278 2073 121 69 tali
1354 2073 166 69 necesse
1474 2073 105 69 est
1535 2073 121 69 poni
1610 2073 196 69 effectum:
1760 2073 75 69 &
1776 2073 121 69 remota

693 2118 100 71 lla
750 2118 158 71 necesse
865 2118 100 71 est
922 2118 172 71 remoueri
1051 2118 172 71 effectum
1180 2118 100 71 sed
1237 2118 115 71 sine
1309 2118 115 71 dono
1381 2118 115 71 quod
1453 2118 100 71 est
1510 2118 172 71 spiritus
1639 2118 158 71 sanctus
1754 2118 129 71 dato,
1825 2118 72 71 mul

682 2171 93 54 ta
729 2171 124 54 dona
807 2171 202 54 donantur,
962 2171 78 54 &
993 2171 124 54 illo
1071 2171 124 54 dato
1148 2171 140 54 multa
1242 2171 124 54 alia
1319 2171 109 54 non
1381 2171 140 54 simul
1475 2171 202 54 donantur,
1630 2171 124 54 puta
1708 2171 124 54 dona
1770 2171 124 54 gratis

684 2208 125 65 data,
767 2208 111 65 quae
837 2208 139 65 dantur
933 2208 180 65 quandoque
1072 2208 125 65 illis
1155 2208 139 65 quibus
1252 2208 125 65 datur
1335 2208 166 65 spiritus
1460 2208 166 65 sanctus:
1584 2208 69 65 &
1612 2208 180 65 similiter
1751 2208 97 65 non
1806 2208 125 65 datur

383 2249 72 64 x
411 2249 130 64 illis
498 2249 144 64 quibus
599 2249 130 64 datur
685 2249 173 64 spiritus
815 2249 173 64 sanctus.
945 2249 115 64 ergo
1017 2249 101 64 &c.
1103 2249 159 64 Secundo
1219 2249 115 64 sic.
1291 2249 187 64 Apostolus
1435 2249 130 64 dicit
1521 2249 144 64 primae
1622 2249 202 64 Corinthorm
1781 2249 101 64 Qui
1824 2249 72 64 pro

413 2304 138 64 nobis
505 2304 138 64 illum
597 2304 169 64 donauit
720 2304 154 64 filium
828 2304 123 64 suum
905 2304 185 64 spiritum
1043 2304 185 64 sanctum,
1182 2304 169 64 quomodo
1305 2304 108 64 non
1367 2304 108 64 cum
1428 2304 92 64 eo
1474 2304 169 64 donauit
1597 2304 138 64 nobis
1690 2304 154 64 omnia:
1782 2304 123 64 filius

403 2353 124 62 ergo
481 2353 140 62 donum
574 2353 109 62 est
636 2353 109 62 quo
698 2353 171 62 caetera
823 2353 124 62 dona
900 2353 202 62 donantur,
1056 2353 109 62 non
1118 2353 124 62 ergo
1195 2353 109 62 hoc
1257 2353 109 62 est
1320 2353 186 62 proprium
1459 2353 124 62 dono
1537 2353 124 62 quod
1615 2353 109 62 est
1677 2353 186 62 spiritus
1801 2353 93 62 san-

382 2389 82 66 in
423 2389 123 66 ctus.
533 2389 137 66 Tertio
629 2389 110 66 sic.
698 2389 206 66 illuminatio
862 2389 192 66 sapientiae
1013 2389 123 66 donum
1095 2389 96 66 est
1150 2389 110 66 quod
1219 2389 151 66 proprie
1329 2389 123 66 datur
1411 2389 110 66 dono
1480 2389 110 66 quid
1548 2389 96 66 est
1603 2389 137 66 verbum
1699 2389 110 66 siue
1768 2389 151 66 filius:

424 2440 128 65 quia
504 2440 96 65 vt
552 2440 175 65 dicitur
679 2440 175 65 loannis
807 2440 159 65 primo,
918 2440 128 65 erat
998 2440 112 65 lux
1062 2440 128 65 vera
1142 2440 128 65 quae
1221 2440 207 65 illuminat
1381 2440 144 65 omnem
1476 2440 175 65 hominem
1604 2440 207 65 venientem
1763 2440 96 65 in
1795 2440 96 65 hunc

405 2485 167 67 mundum,
526 2485 106 67 non
587 2485 106 67 est
648 2485 121 67 ergo
724 2485 182 67 proprium
860 2485 121 67 dono
936 2485 121 67 quod
1012 2485 106 67 est
1073 2485 182 67 spiritus
1210 2485 182 67 sanctus,
1346 2485 121 67 quod
1422 2485 121 67 ipso
1498 2485 167 67 donetur
1620 2485 137 67 donum
1711 2485 121 67 hoc.
1802 2485 91 67 Con-

404 2527 122 53 tra.
480 2527 91 53 in
525 2527 182 53 quolibet
662 2527 152 53 genere
769 2527 106 53 vno
830 2527 106 53 est
890 2527 122 53 vnum
966 2527 152 53 primum
1073 2527 122 53 quod
1149 2527 106 53 est
1210 2527 137 53 ratio
1301 2527 152 53 omnium
1407 2527 167 53 illorum
1529 2527 122 53 quae
1605 2527 122 53 sunt
1681 2527 91 53 in
1727 2527 122 53 illo
1788 2527 106 53 gene-

405 2574 92 67 re
451 2574 184 67 secundum
589 2574 246 67 Philosophum.
788 2574 92 67 x.
834 2574 261 67 metaphysicae,
1049 2574 123 67 ergo
1126 2574 77 67 &
1157 2574 92 67 in
1203 2574 153 67 genere
1310 2574 184 67 donorum.
1448 2574 107 67 hoc
1509 2574 138 67 autem
1601 2574 107 67 non
1663 2574 107 67 est
1724 2574 123 67 nisi
1786 2574 107 67 spiri

401 2611 102 85 tus
460 2611 161 85 sanctus
577 2611 88 85 in
621 2611 175 85 diuinis:
752 2611 117 85 quia
825 2611 117 85 ipse
898 2611 131 85 solus
986 2611 102 85 est
1044 2611 161 85 proprie
1161 2611 131 85 donum
1249 2611 102 85 quo
1307 2611 161 85 caetera
1424 2611 117 85 dona
1497 2611 190 85 donantur,
1643 2611 131 85 sicut
1731 2611 102 85 lux
1789 2611 102 85 est
1833 2611 73 85 pri

413 2665 109 70 mum
476 2665 187 70 visibile
616 2665 109 70 quo
678 2665 171 70 caetera
803 2665 203 70 videntur.
959 2665 125 70 ergo
1021 2665 78 70 &c.
