2017 3088
162 230 99 75 esse
224 230 124 75 talia:
311 230 87 75 nec
360 230 124 75 aliqui
447 230 87 75 vel
497 230 124 75 aliqua
584 230 99 75 nata
646 230 99 75 sunt
708 230 124 75 talia.
795 230 149 75 scilicet
907 230 112 75 eadem
981 230 149 75 aequalia
1093 230 87 75 vel
1143 230 137 75 similia
1242 230 99 75 dici
1304 230 149 75 secundum
1416 230 112 75 illa:
1490 230 99 75 quia
1540 230 62 75 cum

163 299 124 56 inter
246 299 83 56 se
287 299 207 56 opponuntur,
453 299 193 56 necessario
604 299 96 56 est
659 299 152 56 alietas
769 299 124 56 inter
852 299 138 56 patrem
949 299 69 56 &
976 299 152 56 filium:
1086 299 179 56 similiter
1224 299 124 56 inter
1307 299 220 56 paternitatem
1486 299 69 56 &
1500 299 110 56 filia-

156 343 150 52 tionem:
265 343 68 52 &
292 343 82 52 si
333 343 136 52 essent
428 343 82 52 in
469 343 150 52 diuinis
578 343 95 52 duo
632 343 136 52 patres
727 343 95 52 aut
782 343 95 52 duo
836 343 136 52 filii,
931 343 122 52 esset
1013 343 122 52 inter
1095 343 122 52 illos
1176 343 150 52 alietas
1285 343 231 52 disparationis
1462 343 122 52 tantum.

158 387 70 55 â‹
186 387 111 55 Quod
256 387 167 55 arguitur
381 387 84 55 ex
423 387 139 55 dictis
520 387 195 55 Augustinus
674 387 98 55 non
729 387 167 55 secundum
855 387 84 55 id
896 387 111 55 quod
966 387 84 55 ad
1008 387 139 55 patrem
1105 387 167 55 dicitur,
1231 387 139 55 filius
1328 387 98 55 est
1384 387 167 55 aequalis
1496 387 111 55 patri:

158 435 148 52 quoniam
265 435 81 52 ad
305 435 134 52 patrem
399 435 134 52 filius
493 435 161 52 dicitur:
614 435 107 52 ille
681 435 121 52 autem
762 435 94 52 non
815 435 134 52 filius
909 435 94 52 est
963 435 94 52 sed
1016 435 134 52 pater:
1110 435 107 52 ergo
1178 435 81 52 si
1218 435 121 52 pater
1298 435 121 52 esset
1379 435 148 52 filius,
1486 435 67 52 &
1500 435 107 52 essent

150 478 100 55 duo
207 478 129 55 filii
293 478 86 55 in
336 478 172 55 deitate:
465 478 172 55 aequales
594 478 201 55 dicerentur
752 478 86 55 in
795 478 86 55 eo
838 478 115 55 quod
909 478 115 55 ambo
981 478 143 55 essent
1081 478 129 55 filii
1167 478 72 55 &
1196 478 129 55 eadem
1282 478 158 55 ratione
1396 478 172 55 similes:
1511 478 86 55 Dico

160 523 114 63 quod
231 523 186 63 conclusio
374 523 114 63 bene
446 523 200 63 sequeretur
603 523 86 63 ex
646 523 129 63 dicto
731 523 200 63 Augustini,
889 523 86 63 si
931 523 114 63 tota
1003 523 129 63 causa
1089 523 129 63 quare
1174 523 143 63 filius
1274 523 100 63 non
1331 523 100 63 est
1389 523 171 63 aequalis
1503 523 100 63 patri

159 573 135 45 secundum
260 573 68 45 id
294 573 90 45 quod
350 573 113 45 filius
429 573 124 45 dicitur
519 573 68 45 ad
553 573 124 45 patrem:
643 573 101 45 esset
711 573 90 45 quod
767 573 101 45 pater
835 573 79 45 non
880 573 79 45 est
925 573 124 45 filius:
1015 573 79 45 sed
1060 573 90 45 prtr
1116 573 124 45 tantum.
1207 573 68 45 Si
1240 573 90 45 enim
1297 573 79 45 ita
1342 573 113 45 esset,
1421 573 90 45 tunc
1477 573 90 45 bene
1522 573 79 45 seque

150 607 123 61 retur
232 607 109 61 quod
301 607 82 61 si
341 607 123 61 pater
423 607 123 61 esset
505 607 150 61 filius,
614 607 68 61 &
642 607 137 61 essent
737 607 96 61 duo
792 607 123 61 filii
874 607 82 61 in
915 607 164 61 deitate,
1038 607 68 61 &
1065 607 109 61 vnus
1133 607 150 61 illorum
1242 607 123 61 esset
1324 607 123 61 simul
1406 607 123 61 pater
1488 607 68 61 &
1502 607 109 61 filius

156 664 102 49 quod
220 664 127 49 filius
309 664 114 49 esset
385 664 153 49 aequalis
500 664 114 49 patri
576 664 76 49 ex
614 664 89 49 hoc
665 664 102 49 quod
729 664 114 49 esset
805 664 140 49 filius,
907 664 114 49 sicut
983 664 89 49 est
1034 664 127 49 pater:
1123 664 102 49 quia
1186 664 76 49 in
1224 664 89 49 eis
1275 664 102 49 quae
1339 664 102 49 sunt
1403 664 89 49 per
1453 664 89 49 se,
1504 664 127 49 quorum

161 708 117 45 vnum
235 708 103 45 est
293 708 117 45 tota
366 708 132 45 causa
454 708 190 45 alterius,
601 708 88 45 si
645 708 190 45 oppositum
791 708 103 45 est
850 708 132 45 causa
937 708 190 45 oppositi,
1084 708 73 45 &
1113 708 205 45 propositum
1274 708 205 45 propositi.
1435 708 88 45 Et
1479 708 103 45 sic
1523 708 88 45 bene

162 743 115 53 verum
239 743 89 53 est
290 743 102 53 quod
353 743 127 53 filius
443 743 153 53 secundum
557 743 102 53 quod
621 743 140 53 dicitur
723 743 76 53 ad
761 743 140 53 patrem,
863 743 115 53 esset
939 743 153 53 aequalis
1054 743 127 53 patri,
1143 743 166 53 inquantum
1271 743 115 53 pater
1347 743 89 53 est
1398 743 140 53 filius:
1500 743 64 53 &
1513 743 89 53 econ-

158 783 114 46 uerso
235 783 114 46 esset
311 783 178 46 inaequalis
451 783 102 46 illi
514 783 153 46 secundum
629 783 102 46 quod
692 783 89 46 est
743 783 127 46 pater.
832 783 89 46 Sed
883 783 114 46 illud
959 783 89 46 non
1010 783 89 46 est
1061 783 102 46 tota
1125 783 114 46 causa
1201 783 140 46 illius:
1303 783 89 46 sed
1354 783 102 46 pars
1417 783 127 46 causae
1494 783 114 46 tantum.

162 824 76 48 Ad
200 824 88 48 hoc
251 824 101 48 enim
314 824 101 48 quod
377 824 151 48 secundum
490 824 139 48 aliquid
591 824 239 48 fundamentaliter
792 824 88 48 sit
843 824 151 48 communis
956 824 139 48 relatio
1057 824 202 48 aequalitatis
1221 824 88 48 aut
1271 824 214 48 similitudinis
1447 824 88 48 aut
1485 824 126 48 identita

142 875 106 58 tis
202 875 211 58 diuersorum
368 875 91 58 re
413 875 106 58 aut
474 875 211 58 supposito,
640 875 136 58 causa
730 875 106 58 est
791 875 106 58 vna
851 875 91 58 in
896 875 181 58 omnibus,
1032 875 75 58 &
1062 875 181 58 complexa
1198 875 91 58 ex
1243 875 151 58 duabus
1349 875 196 58 partibus.
1484 875 121 58 Quarum

159 917 94 56 vna
212 917 94 56 est
266 917 107 56 quod
333 917 94 56 sit
386 917 147 56 aliquid
494 917 107 56 idem
561 917 67 56 &
588 917 107 56 vnum
655 917 80 56 in
695 917 161 56 ambobus.
815 917 134 56 Altera
909 917 107 56 quod
976 917 121 56 illud
1057 917 94 56 sit
1110 917 147 56 aliquid
1218 917 188 56 absolutum.
1365 917 107 56 Ergo
1432 917 107 56 quod
1486 917 107 56 filius

161 959 91 59 non
213 959 143 59 dicatur
317 959 156 59 aequalis
433 959 117 59 patri
511 959 156 59 secundum
628 959 104 59 quod
693 959 78 59 ad
732 959 130 59 patrem
823 959 156 59 dicitur,
939 959 104 59 quia
1004 959 117 59 pater
1082 959 91 59 non
1134 959 91 59 est
1186 959 143 59 filius:
1290 959 117 59 verum
1367 959 104 59 est:
1432 959 104 59 quia
1484 959 117 59 deficit

161 1004 89 58 vna
212 1004 101 58 pars
275 1004 127 58 causae
364 1004 101 58 quae
428 1004 178 58 requiritur
567 1004 76 58 ad
605 1004 216 58 aequalitatem:
783 1004 63 58 &
808 1004 216 58 vniuersaliter
986 1004 76 58 ad
1024 1004 178 58 relationem
1163 1004 152 58 communem
1277 1004 152 58 scilicet
1391 1004 101 58 quod
1455 1004 89 58 non
1506 1004 89 58 est
1544 1004 63 58 ali

151 1041 112 52 quid
221 1041 112 52 idem
290 1041 70 52 &
318 1041 112 52 vnum
388 1041 84 52 in
430 1041 167 52 ambobus.
555 1041 98 52 Sed
611 1041 84 52 si
653 1041 125 52 pater
737 1041 125 52 esset
820 1041 153 52 filius:
932 1041 112 52 tunc
1002 1041 153 52 impleta
1113 1041 125 52 esset
1197 1041 112 52 ista
1266 1041 112 52 pars
1336 1041 153 52 causae:
1448 1041 125 52 esset
1517 1041 84 52 enim

155 1091 167 50 filiatio
280 1091 111 50 vnum
350 1091 84 50 in
392 1091 139 50 illis:
489 1091 181 50 deficeret
629 1091 125 50 tamen
712 1091 125 50 alia:
796 1091 111 50 quia
866 1091 167 50 scilicet
991 1091 125 50 illae
1075 1091 209 50 filiationes
1242 1091 98 50 non
1297 1091 153 50 possent
1409 1091 111 50 esse
1465 1091 139 50 fundamen

156 1134 87 60 ta
199 1134 203 60 relationum
358 1134 203 60 communium,
517 1134 87 60 eo
561 1134 116 60 quod
633 1134 203 60 relationes
792 1134 116 60 sunt
865 1134 72 60 &
894 1134 101 60 non
952 1134 188 60 absoluta:
1096 1134 87 60 vt
1140 1134 145 60 dictum
1241 1134 116 60 est.
1314 1134 87 60 Et
1357 1134 116 60 ideo
1429 1134 203 60 Augustinus

151 1180 94 61 per
204 1180 94 61 hoc
258 1180 107 61 quod
325 1180 121 61 dicit
405 1180 80 61 in
446 1180 94 61 suo
499 1180 188 61 argumento,
647 1180 107 61 bene
714 1180 134 61 innuit
808 1180 107 61 quod
875 1180 80 61 si
915 1180 121 61 pater
995 1180 121 61 esset
1076 1180 147 61 filius,
1183 1180 67 61 &
1210 1180 94 61 duo
1263 1180 134 61 essent
1357 1180 80 61 in
1397 1180 147 61 deitate
1505 1180 134 61 filii:

152 1232 128 48 magis
237 1232 199 48 accederent
394 1232 100 48 duo
451 1232 128 48 filii
536 1232 85 48 ad
579 1232 228 48 aequalitatem
764 1232 114 48 quam
836 1232 128 48 pater
921 1232 71 48 &
950 1232 157 48 filius:
1064 1232 85 48 vt
1106 1232 185 48 videlicet
1249 1232 142 48 potius
1349 1232 142 48 filius
1448 1232 142 48 posset
1534 1232 71 48 di-

160 1268 78 52 ci
199 1268 156 52 aequalis
316 1268 117 52 patri
394 1268 156 52 secundum
511 1268 78 52 id
551 1268 104 52 quod
616 1268 78 52 ad
655 1268 130 52 patrem
746 1268 143 52 dicitur
850 1268 78 52 si
889 1268 117 52 pater
967 1268 117 52 esset
1045 1268 143 52 filius,
1149 1268 104 52 quam
1214 1268 78 52 si
1254 1268 117 52 alter
1332 1268 143 52 illorum
1436 1268 130 52 tantum
1514 1268 91 52 esset

152 1312 161 54 filius.
270 1312 73 54 &
299 1312 103 54 hoc
358 1312 117 54 quia
431 1312 117 54 tunc
504 1312 147 54 saltem
607 1312 132 54 esset
695 1312 161 54 aliquid
812 1312 161 54 commune
929 1312 161 54 ambobus
1046 1312 191 54 inquantum
1193 1312 147 54 essent
1296 1312 147 54 filii,
1398 1312 103 54 non
1457 1312 103 54 sic
1515 1312 132 54 autem

155 1359 88 48 si
199 1359 132 48 pater
287 1359 103 48 non
346 1359 132 48 esset
434 1359 161 48 filius:
551 1359 117 48 quia
624 1359 205 48 aequalitas
785 1359 176 48 requirit
917 1359 220 48 fundamentum
1093 1359 176 48 commune.
1224 1359 88 48 Et
1268 1359 103 48 sic
1327 1359 132 48 pater
1415 1359 73 48 &
1444 1359 146 48 filius
1532 1359 73 48 po-

165 1395 98 60 tius
226 1395 148 60 deberent
337 1395 98 60 dici
399 1395 148 60 aequales
509 1395 148 60 secundum
620 1395 98 60 quod
682 1395 98 60 sunt
743 1395 86 60 duo
792 1395 123 60 filii,
879 1395 98 60 quam
940 1395 148 60 secundum
1051 1395 98 60 quod
1112 1395 98 60 sunt
1174 1395 111 60 pater
1248 1395 62 60 &
1272 1395 135 60 filius.
1371 1395 160 60 Nequaquam
1494 1395 111 60 autem
1568 1395 74 60 in

153 1442 144 51 sinuat
253 1442 101 51 per
311 1442 130 51 illud
397 1442 115 51 quod
469 1442 115 51 sint
541 1442 173 51 aequales
671 1442 115 51 nisi
743 1442 130 51 minus
829 1442 173 51 perfecte
958 1442 273 51 intelligentibus
1189 1442 158 51 naturam
1304 1442 245 51 aequalitatis.
1505 1442 86 51 Et
1534 1442 72 51 ida

161 1485 130 53 circo
247 1485 217 53 simpliciter
421 1485 174 53 tenendum
551 1485 101 53 est
609 1485 116 53 quod
682 1485 130 53 pater
768 1485 72 53 &
797 1485 145 53 filius
899 1485 275 53 fundamentaliter
1130 1485 174 53 secundum
1261 1485 232 53 paternitatem
1449 1485 72 53 &
1463 1485 145 53 filiatio

154 1530 101 62 nem
211 1530 188 62 nequaquam
356 1530 116 62 sunt
428 1530 130 62 iidem
515 1530 101 62 nec
573 1530 173 62 aequales
703 1530 101 62 nec
761 1530 173 62 similes:
891 1530 188 62 similiter
1035 1530 101 62 nec
1093 1530 101 62 duo
1151 1530 130 62 filii
1238 1530 101 62 aut
1295 1530 101 62 duo
1353 1530 145 62 patres
1454 1530 101 62 tam
1512 1530 87 62 in
1541 1530 58 62 di

162 1575 134 54 uinis
251 1575 119 54 quam
326 1575 89 54 in
370 1575 208 54 creaturis.
534 1575 74 54 &
563 1575 104 54 hoc
623 1575 119 54 quia
697 1575 208 54 relationes
861 1575 178 54 communes
995 1575 104 54 non
1054 1575 208 54 fundantur,
1218 1575 119 54 nisi
1292 1575 134 54 super
1381 1575 119 54 vnum
1440 1575 164 54 absolutum

161 1618 161 52 existens
281 1618 80 52 in
321 1618 174 52 diuersis.
455 1618 120 52 Etiam
535 1618 161 52 secundum
656 1618 107 52 duas
722 1618 201 52 filiationes
883 1618 94 52 aut
937 1618 107 52 duas
1003 1618 214 52 paternitates
1177 1618 94 52 (si
1231 1618 134 52 essent
1324 1618 80 52 in
1365 1618 134 52 illis)
1458 1618 94 52 non
1498 1618 94 52 iidem

160 1659 214 64 dicerentur,
331 1659 100 64 aut
388 1659 171 64 similes,
516 1659 100 64 aut
573 1659 185 64 aequales:
716 1659 114 64 quia
787 1659 128 64 illis
873 1659 100 64 non
930 1659 200 64 referuntur
1087 1659 128 64 inter
1172 1659 100 64 se:
1229 1659 86 64 vt
1272 1659 143 64 dictum
1372 1659 100 64 est
1429 1659 143 64 supra.
1529 1659 71 64 â‹
1543 1659 57 64 Et

149 1712 133 55 tamen
238 1712 222 55 aduertendum
416 1712 104 55 est
475 1712 119 55 quod
549 1712 89 55 in
594 1712 163 55 diuinis
712 1712 163 55 relatio
831 1712 119 55 quae
905 1712 104 55 est
964 1712 133 55 inter
1053 1712 148 55 patrem
1157 1712 74 55 &
1186 1712 163 55 filium,
1305 1712 133 55 magis
1394 1712 193 55 conformis
1527 1712 74 55 est

153 1758 171 51 relationi
285 1758 211 51 diuersitatis
456 1758 105 51 quam
522 1758 211 51 identitatis:
693 1758 66 51 &
720 1758 119 51 etiam
799 1758 105 51 plus
865 1758 171 51 relationi
997 1758 211 51 diuersitatis
1168 1758 66 51 &
1194 1758 198 51 identitatis
1353 1758 105 51 quam
1405 1758 185 51 inaequalita-

155 1797 94 51 tis
208 1797 94 51 aut
262 1797 283 51 dissimilitudinis:
505 1797 67 51 &
532 1797 108 51 plus
600 1797 175 51 relationi
735 1797 202 51 identitatis
896 1797 108 51 quam
964 1797 216 51 aequalitatis
1139 1797 94 51 aut
1193 1797 243 51 similitudinis:
1396 1797 67 51 &
1423 1797 108 51 quod
1477 1797 121 51 confor-

159 1839 127 55 mitas
243 1839 127 55 inter
328 1839 113 55 duos
398 1839 141 55 patres
497 1839 99 55 aut
553 1839 113 55 duos
624 1839 141 55 filios
722 1839 127 55 magis
807 1839 183 55 conformis
948 1839 99 55 est
1004 1839 197 55 identitati
1159 1839 99 55 aut
1216 1839 211 55 diuersitati
1385 1839 113 55 quam
1441 1839 155 55 inaequali

142 1885 91 61 ti
187 1885 106 61 aut
248 1885 227 61 aequalitati
430 1885 106 61 aut
490 1885 243 61 similitudini
688 1885 106 61 aut
748 1885 303 61 dissimilitudini.
1006 1885 76 61 &
1036 1885 106 61 hoc
1097 1885 167 61 propter
1218 1885 152 61 eandem
1324 1885 167 61 causam.
1445 1885 121 61 Quia
1506 1885 91 61 enim

160 1931 221 50 relationes
334 1931 142 50 istae
429 1931 205 50 fundantur
587 1931 142 50 super
682 1931 205 50 potentias
840 1931 174 50 actiuas
966 1931 79 50 &
998 1931 190 50 passiuas
1140 1931 95 50 vt
1187 1931 142 50 super
1282 1931 174 50 proxima
1408 1931 111 50 sua
1456 1931 142 50 princi-

152 1974 108 58 pia
213 1974 279 58 fundamentalia:
446 1974 186 58 potentia
585 1974 139 58 autem
678 1974 155 58 actiua
786 1974 77 58 &
817 1974 170 58 passiua
941 1974 93 58 in
987 1974 170 58 diuinis
1111 1974 155 58 potius
1220 1974 186 58 nominant
1359 1974 108 58 sub
1421 1974 170 58 ratione
1529 1974 62 58 re

149 2019 166 50 spectus
270 2019 181 50 cuiusdam
406 2019 166 50 naturam
526 2019 166 50 diuinam
647 2019 91 50 vt
692 2019 106 50 est
753 2019 211 50 substantia
919 2019 121 50 quam
994 2019 91 50 vt
1039 2019 196 50 quantitas
1190 2019 106 50 aut
1251 2019 196 50 qualitas:
1402 2019 91 50 vt
1447 2019 121 50 ideo
1507 2019 91 50 sub-

155 2054 172 60 stantia
280 2054 109 60 sit
343 2054 156 60 potius
452 2054 234 60 fundamentum
639 2054 172 60 remotum
764 2054 187 60 dictarum
904 2054 218 60 relationum
1076 2054 125 60 quam
1154 2054 203 60 quantitas
1310 2054 109 60 aut
1372 2054 203 60 qualitas:
1512 2054 94 60 pro-

160 2111 116 55 pter
233 2111 116 55 quod
306 2111 131 55 licet
393 2111 160 55 ratione
509 2111 203 55 fundamenti
669 2111 145 55 remoti
771 2111 116 55 quod
843 2111 102 55 est
902 2111 203 55 substantia
1061 2111 102 55 vna
1119 2111 218 55 singularis,
1294 2111 203 55 relationes
1439 2111 160 55 paternita

161 2146 101 58 tis
218 2146 72 58 &
247 2146 217 58 filiationis
420 2146 202 58 comparatae
579 2146 130 58 inter
666 2146 87 58 se
709 2146 144 58 potius
810 2146 231 58 conformantur
998 2146 188 58 relationi
1142 2146 231 58 identitatis,
1330 2146 72 58 &
1359 2146 101 58 est
1416 2146 130 58 inter
1489 2146 115 58 patrem

151 2191 75 56 &
181 2191 150 56 filium
286 2191 135 56 quasi
376 2191 165 56 eiusdem
496 2191 90 56 ad
542 2191 165 56 seipsum
662 2191 180 56 relatio:
797 2191 90 56 vt
842 2191 135 56 dicit
932 2191 180 56 Boethius
1067 2191 135 56 sicut
1157 2191 210 56 exposuimus
1323 2191 105 56 in.
1383 2191 150 56 xiiii.
1488 2191 150 56 Quoli-

144 2236 125 54 bet,
222 2236 93 54 in
269 2236 218 54 quaestione
440 2236 93 54 de
487 2236 202 54 relatione
643 2236 156 54 actiui
751 2236 93 54 ad
798 2236 187 54 passiuum
938 2236 93 54 in
985 2236 218 54 voluntate:
1156 2236 140 54 Tamen
1250 2236 171 54 ratione
1359 2236 233 54 fundamentorum

144 2289 226 55 proximorum
321 2289 129 55 quae
402 2289 129 55 sunt
483 2289 210 55 potentiae
644 2289 194 55 diuinae:
790 2289 194 55 secundum
935 2289 194 55 rationem
1080 2289 161 55 actiui
1193 2289 81 55 &
1226 2289 178 55 passiui
1355 2289 161 55 potius
1452 2289 145 55 confor-

141 2327 145 56 mantur
243 2327 189 56 relationi
388 2327 247 56 diuersitatis.
591 2327 87 56 Et
635 2327 102 56 est
693 2327 131 56 inter
780 2327 145 56 patrem
881 2327 73 56 &
910 2327 145 56 filium
1012 2327 131 56 quasi
1099 2327 160 56 relatio
1215 2327 160 56 diuersi
1331 2327 87 56 ad
1374 2327 189 56 diuersum,
1505 2327 87 56 quae

150 2364 200 57 diuersitas
307 2364 200 57 explicatur
463 2364 143 57 nomine
563 2364 200 57 alietatis:
720 2364 100 57 cum
777 2364 171 57 dicitur:
906 2364 128 57 alius
991 2364 143 57 pater,
1091 2364 128 57 alius
1176 2364 157 57 filius,
1291 2364 86 57 eo
1333 2364 114 57 quod
1405 2364 100 57 non
1462 2364 100 57 est
1504 2364 86 57 pro-

145 2412 121 63 prie
220 2412 211 63 diuersitas
386 2412 136 63 sicut
476 2412 105 63 nec
537 2412 166 63 proprie
657 2412 196 63 identitas
808 2412 181 63 secundum
943 2412 136 63 illas
1034 2412 226 63 relationes.
1214 2412 121 63 Quia
1290 2412 121 63 vero
1365 2412 121 63 duae
1425 2412 181 63 paternita-

141 2463 108 52 tes
202 2463 139 52 super
295 2463 200 52 potentias
448 2463 169 52 actiuas
572 2463 216 52 fundantur,
741 2463 77 52 &
772 2463 123 52 duae
849 2463 231 52 filiationes
1033 2463 139 52 super
1126 2463 200 52 potentias
1280 2463 200 52 passiuas,
1434 2463 77 52 &
1449 2463 154 52 potentia

152 2508 147 48 actiua
255 2508 117 48 plus
328 2508 161 48 differt
446 2508 73 48 a
475 2508 176 48 potentia
607 2508 161 48 passiua
724 2508 117 48 quam
798 2508 103 48 vna
856 2508 176 48 potentia
988 2508 161 48 passiua
1105 2508 88 48 ab
1149 2508 117 48 alia
1223 2508 176 48 potentia
1355 2508 176 48 passiua:
1487 2508 103 48 aut
1531 2508 73 48 vna

141 2548 174 57 potentia
272 2548 145 57 actiua
374 2548 87 57 ab
417 2548 116 57 alia
490 2548 160 57 actiua:
606 2548 116 57 ideo
678 2548 131 57 maior
765 2548 102 57 est
823 2548 189 57 identitas
968 2548 87 57 in
1012 2548 131 57 eadem
1099 2548 203 57 substantia
1258 2548 131 57 inter
1345 2548 116 57 duos
1418 2548 145 57 patres
1519 2548 102 57 aut

155 2588 105 57 duos
221 2588 132 57 filios
313 2588 145 57 habendo
419 2588 158 57 aspectum
537 2588 79 57 ad
577 2588 185 57 fundamenta
722 2588 158 57 proxima,
840 2588 105 57 quam
906 2588 119 57 inter
985 2588 132 57 patrem
1078 2588 66 57 &
1104 2588 145 57 filium.
1210 2588 79 57 Et
1249 2588 145 57 habendo
1355 2588 171 57 respectum
1487 2588 79 57 ad
1513 2588 79 57 illa

149 2633 110 67 inter
222 2633 98 67 duos
284 2633 123 67 patres
370 2633 86 67 aut
419 2633 98 67 duos
480 2633 123 67 filios
566 2633 86 67 est
615 2633 110 67 quasi
689 2633 160 67 identitas
811 2633 147 67 secundum
922 2633 147 67 speciem,
1032 2633 61 67 &
1057 2633 172 67 diuersitas
1192 2633 147 67 secundum
1302 2633 135 67 nuerum:
1400 2633 110 67 licet
1474 2633 74 67 in
1499 2633 110 67 diuinis
