2017 3189
437 264 154 63 ratione
549 264 196 63 fundamenti
704 264 140 63 remoti
802 264 112 63 quod
872 264 98 63 est
928 264 210 63 substantia,
1096 264 126 63 esset
1180 264 182 63 identitas
1321 264 168 63 secundum
1447 264 168 63 numerum.
1573 264 70 63 &
1601 264 112 63 ideo
1671 264 126 63 esset
1756 264 126 63 inter
1826 264 98 63 illos

442 316 81 58 si
482 316 135 58 essent
576 316 81 58 in
617 316 162 58 diuinis,
738 316 108 58 plus
806 316 148 58 relatio
914 316 202 58 identitatis
1075 316 108 58 quam
1143 316 229 58 diuersitatis,
1332 316 67 58 &
1359 316 108 58 plus
1426 316 108 58 quam
1493 316 216 58 aequalitatis
1669 316 94 58 aut
1709 316 216 58 similitudinis.

448 363 82 59 vt
489 363 163 59 secundum
612 363 95 59 hoc
666 363 123 59 pater
748 363 68 59 &
775 363 136 59 filius
871 363 82 59 in
911 363 150 59 diuinis
1020 363 136 59 potius
1116 363 109 59 dici
1184 363 163 59 deberent
1306 363 163 59 secundum
1429 363 218 59 paternitatem
1606 363 68 59 &
1633 363 204 59 filiationem
1783 363 136 59 diuersae

437 416 167 53 personae
562 416 111 53 quam
631 416 167 53 aequales
756 416 97 53 aut
812 416 167 53 similes:
937 416 69 53 &
964 416 180 53 similiter
1103 416 97 53 duo
1159 416 139 53 patres
1256 416 97 53 aut
1311 416 97 53 duo
1367 416 125 53 filii
1450 416 167 53 secundum
1575 416 222 53 paternitates
1755 416 97 53 aut
1797 416 111 53 filia-

439 453 140 56 tiones
537 453 140 56 eaedem
635 453 168 56 personae
760 453 126 56 quasi
844 453 98 56 sub
900 453 126 56 eadem
984 453 154 56 specie,
1095 453 112 56 quam
1165 453 168 56 aequales
1291 453 98 56 aut
1347 453 154 56 similes
1458 453 84 56 in
1500 453 126 56 forma
1584 453 168 56 alicuius
1710 453 168 56 speciei.
1835 453 70 56 ⁋
1863 453 84 56 Ad

448 501 146 61 quartum
554 501 106 61 quod
621 501 93 61 vis
674 501 173 61 spiratiua
807 501 93 61 vna
860 501 93 61 est
914 501 80 61 in
953 501 120 61 patre
1033 501 67 61 &
1060 501 133 61 filio,
1153 501 120 61 quare
1233 501 93 61 est
1286 501 146 61 relatio
1393 501 173 61 communis,
1526 501 93 61 aut
1579 501 160 61 secundum
1699 501 120 61 illam
1765 501 160 61 referuntur

445 550 127 52 pater
530 550 71 52 &
558 550 141 52 filius
656 550 183 52 relatione
798 550 169 52 communi:
924 550 113 52 Dico
995 550 113 52 quod
1066 550 85 52 re
1108 550 113 52 vera
1178 550 169 52 spiratio
1305 550 141 52 actiua
1404 550 169 52 communis
1531 550 99 52 est
1587 550 127 52 patri
1672 550 71 52 &
1700 550 127 52 filio
1785 550 169 52 secundum

443 585 177 57 superius
576 585 235 57 determinata,
767 585 74 57 &
796 585 132 57 infra
885 585 162 57 amplius
1002 585 221 57 declaranda.
1179 585 103 57 Sed
1238 585 88 57 ad
1282 585 177 57 praesens
1414 585 103 57 non
1473 585 162 57 dicitur
1591 585 162 57 relatio
1708 585 177 57 communis
1826 585 103 57 solum

429 643 126 45 modo
508 643 126 45 quia
587 643 221 45 conmuniter
760 643 189 45 convenit
902 643 205 45 pluribus:
1059 643 110 45 sed
1122 643 126 45 quia
1201 643 189 45 conuenit
1343 643 205 45 pluribus,
1501 643 79 45 &
1532 643 110 45 cum
1595 643 110 45 hoc
1658 643 173 45 relatis
1784 643 142 45 inter
1863 643 63 45 se

446 684 100 55 per
503 684 142 55 illam:
602 684 85 55 vt
645 684 142 55 tactum
745 684 100 55 est
802 684 128 55 supra
887 684 85 55 in
930 684 185 55 solutione
1072 684 128 55 primi
1157 684 185 55 argumenti
1300 684 142 55 primae
1399 684 228 55 quaestionis:
1584 684 128 55 neque
1670 684 128 55 super
1741 684 185 55 spirationem

443 724 186 53 communem
583 724 155 53 potest
692 724 171 53 fundari
816 724 186 53 communis
955 724 186 53 relatio:
1095 724 93 53 vt
1141 724 109 53 iam
1203 724 217 53 declaratum
1374 724 109 53 est
1436 724 93 53 in
1482 724 202 53 solutione
1637 724 171 53 secundi
1746 724 186 53 argumenti.

448 770 74 56 ⁋
478 770 89 56 Ad
523 770 164 56 quintum
642 770 89 56 de
686 770 179 56 amicitia
820 770 74 56 &
850 770 194 56 societate
999 770 74 56 &
1029 770 179 56 caeteris
1163 770 208 56 huiusmodi:
1326 770 119 56 Dico
1401 770 119 56 quod
1475 770 104 56 cum
1535 770 134 56 omnia
1624 770 134 56 talia
1714 770 194 56 fundantur
1862 770 89 56 in

432 813 126 55 amore
516 813 98 55 qui
572 813 168 55 qualitas
699 813 98 55 est
755 813 84 55 in
797 813 196 55 creaturis,
951 813 70 55 &
979 813 98 55 hoc
1035 813 98 55 vel
1091 813 168 55 secundum
1218 813 154 55 primam,
1330 813 98 55 vel
1386 813 168 55 secundum
1512 813 154 55 tertiam
1624 813 154 55 speciem
1737 813 210 55 qualitatis:

437 859 97 56 qui
493 859 125 56 etiam
576 859 97 56 non
631 859 111 56 nisi
701 859 166 56 rationem
825 859 194 56 qualitatis
978 859 125 56 habet
1061 859 83 56 in
1103 859 166 56 diuinis:
1228 859 153 56 idcirco
1339 859 125 56 omnis
1422 859 125 56 talis
1505 859 153 56 relatio
1616 859 166 56 refertur
1741 859 83 56 ad
1782 859 125 56 genus
1852 859 69 56 re-

436 907 174 51 lationis
567 907 174 51 communis
698 907 116 51 quae
771 907 102 51 est
829 907 218 51 similitudo.
1003 907 131 51 Amici
1091 907 116 51 enim
1163 907 189 51 inquantum
1309 907 145 51 amici,
1410 907 160 51 similes
1527 907 131 51 sunt,
1614 907 73 51 &
1643 907 189 51 similiter
1788 907 145 51 socii:
1875 907 44 51 &

434 953 108 55 non
495 953 201 55 aequales,
650 953 124 55 nisi
727 953 139 55 prout
820 953 93 55 in
866 953 108 55 eis
928 953 263 55 considerantur
1144 953 154 55 gradus
1252 953 216 55 conformes:
1422 953 232 55 quemadmodum
1608 953 108 55 qui
1669 953 216 55 aequaliter
1839 953 93 55 se
1870 953 62 55 di

435 996 154 67 ligunt,
547 996 196 67 aequaliter
701 996 126 67 amici
785 996 126 67 sunt:
869 996 126 67 sicut
953 996 98 67 qui
1009 996 196 67 aequaliter
1162 996 140 67 calore
1260 996 224 67 participant,
1442 996 196 67 aequaliter
1596 996 140 67 calidi
1680 996 98 67 sunt.

719 1044 112 92 Irca
789 1044 154 92 quartum
901 1044 168 92 arguitur
1028 1044 112 92 quod
1098 1044 196 92 relationes
1252 1044 168 92 communes
1379 1044 84 92 in
1421 1044 182 92 creaturis
1561 1044 112 92 sunt
1631 1044 196 92 relationes
1786 1044 168 92 secundum

711 1124 179 49 rationem
845 1124 75 49 &
875 1124 104 49 non
935 1124 179 49 secundum
1069 1124 119 49 rem,
1144 1124 119 49 sic.
1219 1124 134 49 Super
1308 1124 119 49 illa
1383 1124 119 49 quae
1457 1124 104 49 non
1517 1124 149 49 habent
1622 1124 134 49 inter
1711 1124 90 49 se
1741 1124 194 49 habitudinem

725 1168 122 54 siue
801 1168 168 54 ordinem
923 1168 122 54 nisi
1000 1168 260 54 attributalem,
1213 1168 107 54 non
1274 1168 199 54 fundantur
1427 1168 214 54 relationes
1595 1168 168 54 reales:
1717 1168 122 54 quia
1778 1168 153 54 relatio-

713 1216 110 50 nes
776 1216 157 50 reales
886 1216 110 50 non
948 1216 125 50 sunt
1027 1216 125 50 nisi
1105 1216 235 50 habitudines
1293 1216 235 50 essentiales
1481 1216 219 50 relatorum,
1654 1216 110 50 aut
1717 1216 110 50 non
1779 1216 125 50 sunt
1842 1216 94 50 sine

726 1258 146 54 illis:
829 1258 88 54 vt
872 1258 131 54 patet
960 1258 88 54 in
1004 1258 160 54 actiuis
1120 1258 73 54 &
1149 1258 190 54 passiuis,
1295 1258 117 54 quae
1368 1258 175 54 patenter
1499 1258 190 54 adinuicem
1645 1258 88 54 se
1689 1258 146 54 habent
1791 1258 102 54 per
1835 1258 102 54 poten

710 1303 117 59 tiam
784 1303 162 59 actiuam
901 1303 73 59 &
931 1303 176 59 passiuam
1063 1303 264 59 essentialiter:
1283 1303 73 59 &
1312 1303 88 59 in
1356 1303 206 59 mensurato,
1518 1303 88 59 de
1562 1303 103 59 quo
1621 1303 132 59 patet
1709 1303 117 59 quod
1767 1303 162 59 essentia-

431 1348 140 51 liter
524 1348 93 51 se
570 1348 140 51 habet
663 1348 93 51 ad
710 1348 202 51 mensuram.
865 1348 124 51 Vnde
942 1348 124 51 quia
1020 1348 186 51 mensurae
1159 1348 155 51 nullus
1268 1348 109 51 est
1330 1348 124 51 ordo
1407 1348 233 51 essentialis
1593 1348 124 51 siue
1671 1348 186 51 habitudo
1810 1348 93 51 ad
1841 1348 93 51 men-

438 1394 145 59 suram,
539 1394 130 59 sicut
626 1394 101 59 est
684 1394 203 59 econuerso:
843 1394 101 59 nec
901 1394 246 59 vniuersaliter
1104 1394 101 59 dei
1162 1394 87 59 ad
1205 1394 203 59 creaturas,
1364 1394 130 59 sicut
1451 1394 101 59 est
1509 1394 203 59 econuerso:
1668 1394 159 59 idcirco
1784 1394 130 59 nulla
1857 1394 72 59 est

436 1440 169 59 relatio
559 1440 154 59 realis
666 1440 184 59 mensurae
804 1440 92 59 ad
850 1440 230 59 mensuratum:
1035 1440 108 59 nec
1096 1440 261 59 vniuersaliter
1311 1440 108 59 dei
1373 1440 92 59 ad
1419 1440 215 59 creaturas.
1588 1440 108 59 sed
1649 1440 200 59 indiuidua
1803 1440 108 59 sub
1849 1440 77 59 ea-

428 1482 95 65 dem
483 1482 135 65 specie
577 1482 243 65 specialissima,
780 1482 203 65 substantiae
942 1482 162 65 scilicet
1063 1482 203 65 quantitatis
1226 1482 95 65 aut
1280 1482 203 65 qualitatis,
1442 1482 81 65 in
1482 1482 135 65 quibus
1577 1482 176 65 fundantur
1712 1482 189 65 relationes
1847 1482 81 65 con-

434 1531 151 57 munes:
539 1531 121 57 puta
615 1531 121 57 haec
690 1531 211 57 substantia
856 1531 75 57 &
886 1531 136 57 illa,
977 1531 90 57 in
1022 1531 151 57 quibus
1127 1531 181 57 fundatur
1263 1531 196 57 identitas
1414 1531 106 57 aut
1474 1531 226 57 diuersitas:
1655 1531 106 57 hoc
1715 1531 166 57 quantum
1836 1531 75 57 &
1851 1531 75 57 il-

446 1568 116 67 lud,
518 1568 87 67 in
561 1568 145 67 quibus
663 1568 174 67 fundatur
793 1568 203 67 aequalitas
953 1568 101 67 aut
1011 1568 246 67 inaequalitas:
1213 1568 101 67 hoc
1271 1568 130 67 album
1358 1568 72 67 &
1387 1568 145 67 illud,
1489 1568 87 67 in
1532 1568 145 67 quibus
1634 1568 174 67 fundatur
1764 1568 203 67 similitudo

434 1622 78 48 &
466 1622 281 48 dissimilitudo:
700 1622 156 48 nullum
809 1622 172 48 ordinem
934 1622 140 48 neque
1027 1622 234 48 habitudinem
1214 1622 156 48 habent
1324 1622 140 48 inter
1417 1622 94 48 se
1464 1622 125 48 nisi
1542 1622 265 48 accidentalem:
1760 1622 125 48 quia
1823 1622 109 48 inter

435 1662 113 60 illa
506 1662 113 60 quae
576 1662 113 60 sunt
647 1662 99 60 sub
704 1662 127 60 eadem
788 1662 156 60 specie,
902 1662 127 60 nulla
986 1662 99 60 est
1043 1662 170 60 habitudo
1170 1662 113 60 siue
1241 1662 113 60 ordo
1312 1662 226 60 essentialis.
1496 1662 170 60 secundum
1623 1662 156 60 Commen.
1736 1662 99 60 ii.
1793 1662 156 60 Metaph.
1892 1662 42 60 &

443 1712 167 59 secundum
568 1712 125 59 ipsum
652 1712 223 59 Philosophum.
833 1712 84 59 v.
875 1712 167 59 eiusdem.
1000 1712 111 59 ergo
1070 1712 98 59 &c.
1126 1712 70 59 ⁋
1154 1712 111 59 Quia
1223 1712 125 59 autem
1307 1712 195 59 relationes
1460 1712 167 59 communes
1586 1712 84 59 in
1627 1712 153 59 diuinis
1739 1712 111 59 sint
1795 1712 139 59 relatio-

444 1760 97 56 nes
500 1760 167 56 secundum
625 1760 97 56 rem
680 1760 69 56 &
708 1760 97 56 non
763 1760 167 56 secundum
888 1760 180 56 rationem:
1027 1760 167 56 arguitur
1152 1760 111 56 sic.
1221 1760 208 56 Vnumquodque
1388 1760 139 56 verius
1485 1760 125 56 habet
1568 1760 111 56 esse
1638 1760 97 56 vbi
1693 1760 97 56 est
1749 1760 167 56 secundum
1860 1760 69 56 rem

435 1801 96 61 quam
495 1801 84 61 vbi
543 1801 84 61 est
592 1801 145 61 secundum
700 1801 145 61 rationem
808 1801 133 61 tantum.
905 1801 84 61 Ens
953 1801 96 61 enim
1013 1801 145 61 secundum
1122 1801 145 61 rationem
1230 1801 96 61 quod
1290 1801 84 61 est
1339 1801 84 61 ens
1387 1801 145 61 secundum
1495 1801 133 61 animam,
1592 1801 84 61 est
1640 1801 84 61 ens
1688 1801 157 61 diminutum
1809 1801 145 61 secundum

432 1845 215 59 Philosophum.
607 1845 94 59 vi.
660 1845 148 59 Metaph.
768 1845 94 59 Ens
822 1845 108 59 vero
889 1845 162 59 secundum
1010 1845 108 59 rem,
1078 1845 94 59 est
1131 1845 94 59 ens
1185 1845 188 59 perfectum.
1333 1845 94 59 sed
1387 1845 188 59 relationes
1535 1845 162 59 communes
1656 1845 188 59 praedictae
1791 1845 148 59 verissime

431 1892 141 59 habent
529 1892 113 59 esse
600 1892 84 59 in
642 1892 155 59 diuinis
755 1892 70 59 &
783 1892 253 59 perfectissime,
994 1892 113 59 quia
1064 1892 84 59 in
1107 1892 155 59 diuinis
1219 1892 99 59 est
1275 1892 183 59 verissima
1416 1892 70 59 &
1444 1892 239 59 perfectissima
1641 1892 197 59 identitas,
1782 1892 155 59 similiter

445 1936 183 52 equalitas
586 1936 70 52 &
614 1936 211 52 similitudo:
782 1936 84 52 vt
824 1936 127 52 infra
909 1936 197 52 videbitur.
1063 1936 112 52 ergo
1134 1936 98 52 &c.
1190 1936 70 52 ⁋
1218 1936 112 52 ltem
1288 1936 141 52 Grego.
1387 1936 127 52 dicit
1471 1936 84 52 in
1513 1936 211 52 praesatione
1682 1936 84 52 de
1724 1936 197 52 trinitate.
1879 1936 84 52 In

435 1984 167 59 essentia
560 1984 153 59 vnitas,
671 1984 83 59 in
713 1984 167 59 personis
838 1984 208 59 proprietas,
1005 1984 69 59 &
1032 1984 83 59 in
1074 1984 181 59 maiestate
1213 1984 167 59 adoretur
1338 1984 208 59 aequalitas.
1504 1984 125 59 nihil
1588 1984 97 59 est
1643 1984 125 59 autem
1727 1984 181 59 adorandum
1852 1984 83 59 nisi

428 2025 103 60 sit
487 2025 103 60 res
546 2025 103 60 aut
604 2025 147 60 reale.
707 2025 117 60 ergo
780 2025 103 60 &c.
839 2025 73 60 ⁋
869 2025 117 60 ltem
942 2025 205 60 relationes
1103 2025 176 60 secundum
1235 2025 191 60 rationem,
1382 2025 205 60 conveniunt
1543 2025 103 60 deo
1602 2025 88 60 de
1646 2025 117 60 nouo
1720 2025 73 60 &
1749 2025 88 60 ex
1778 2025 147 60 tempore,

429 2071 134 62 sicut
519 2071 134 62 patet
608 2071 105 62 cum
668 2071 164 62 dicitur
788 2071 149 62 domins
892 2071 75 62 &
922 2071 179 62 creator.
1057 2071 105 62 sed
1116 2071 209 62 relationes
1281 2071 179 62 communes
1415 2071 209 62 conueniunt
1579 2071 105 62 deo
1639 2071 75 62 &
1669 2071 164 62 diuinis
1774 2071 149 62 personis

444 2116 90 63 ab
489 2116 181 63 aeterno,
625 2116 75 63 &
655 2116 105 63 non
715 2116 90 63 de
760 2116 135 63 nouo,
850 2116 75 63 &
880 2116 90 63 ex
926 2116 181 63 tempore,
1061 2116 120 63 quia
1136 2116 135 63 pater
1227 2116 75 63 &
1257 2116 151 63 filius
1362 2116 135 63 sicut
1452 2116 90 63 ab
1498 2116 166 63 aeterno
1618 2116 120 63 sunt
1693 2116 75 63 &
1723 2116 166 63 fuerunt
1829 2116 105 63 pater

439 2163 71 52 &
467 2163 156 52 filius:
580 2163 99 52 sic
637 2163 85 52 ab
680 2163 156 52 aeterno
793 2163 113 52 sunt
864 2163 71 52 &
892 2163 156 52 fuerunt
1005 2163 142 52 iidem,
1105 2163 184 52 aequales,
1246 2163 71 52 &
1274 2163 170 52 similes.
1402 2163 113 52 ergo
1473 2163 99 52 &c.
1529 2163 71 52 ⁋
1558 2163 113 52 ltem
1629 2163 156 52 relatio
1742 2163 170 52 secundum
1855 2163 71 52 ra-

424 2213 149 57 tionem
529 2213 149 57 potest
633 2213 149 57 abesse
738 2213 120 57 illi
812 2213 105 57 cui
872 2213 134 57 inest
962 2213 149 57 absque
1066 2213 105 57 sui
1126 2213 194 57 mutatione
1276 2213 134 57 sicut
1365 2213 149 57 potest
1470 2213 164 57 adesse:
1589 2213 120 57 puta
1664 2213 134 57 sicut
1754 2213 120 57 deus
1828 2213 90 57 de
1858 2213 75 57 non

433 2254 137 58 domino
529 2254 137 58 potest
625 2254 123 58 fieri
707 2254 96 58 non
762 2254 137 58 domins
857 2254 137 58 absque
953 2254 96 58 sui
1008 2254 191 58 mutatione,
1158 2254 96 58 sic
1213 2254 82 58 de
1254 2254 137 58 domino
1350 2254 137 58 potest
1445 2254 123 58 fieri
1527 2254 150 58 dominus
1637 2254 109 58 fine
1705 2254 96 58 sui
1760 2254 191 58 mutatione.

441 2296 102 55 sed
500 2296 116 55 deus
572 2296 116 55 fine
645 2296 102 55 sui
703 2296 189 55 mutatione
849 2296 102 55 non
907 2296 146 55 potest
1009 2296 175 55 secundum
1140 2296 204 55 relationem
1300 2296 175 55 communem
1431 2296 87 55 de
1475 2296 146 55 eodem,
1577 2296 175 55 aequali,
1708 2296 102 55 aut
1766 2296 146 55 simili
1853 2296 73 55 fie

431 2346 82 51 ri
472 2346 96 51 non
527 2346 123 51 idem,
609 2346 96 51 non
664 2346 178 51 aequalis,
801 2346 96 51 aut
856 2346 96 51 non
910 2346 164 51 similis.
1033 2346 109 51 ergo
1102 2346 96 51 &c.
1157 2346 68 51 ⁋
1184 2346 82 51 In
1225 2346 192 51 contrarium
1376 2346 96 51 est
1430 2346 205 51 Philosophus
1595 2346 82 51 de
1636 2346 192 51 creaturis.
1786 2346 82 51 v.
1814 2346 109 51 Metap.

450 2387 90 62 bi
495 2387 150 62 dicit.
600 2387 135 62 Omnia
690 2387 120 62 quae
765 2387 180 62 dicuntur
899 2387 120 62 modo
974 2387 150 62 numeri
1079 2387 75 62 &
1109 2387 210 62 potentiae,
1274 2387 120 62 sunt
1349 2387 195 62 relatiua,
1499 2387 120 62 quia
1573 2387 135 62 eorum
1663 2387 180 62 essentia
1783 2387 135 62 dicitur

436 2431 78 53 ad
475 2431 143 53 aliquid
579 2431 78 53 id
618 2431 91 53 est
670 2431 156 53 secundum
786 2431 195 53 Commetnore,
942 2431 104 53 quia
1007 2431 143 53 relatio
1111 2431 91 53 est
1163 2431 78 53 in
1201 2431 182 53 substantia
1344 2431 104 53 siue
1409 2431 78 53 in
1448 2431 156 53 essentia
1565 2431 182 53 vtriusque.
1707 2431 117 53 Talia
1785 2431 117 53 autem
1850 2431 78 53 sunt

429 2476 201 60 relationes
587 2476 173 60 secundum
716 2476 115 60 rem,
788 2476 72 60 &
817 2476 101 60 non
875 2476 173 60 secundum
1004 2476 173 60 rationem
1134 2476 158 60 tantum.
1249 2476 72 60 &
1278 2476 201 60 intelligit
1436 2476 101 60 per
1493 2476 201 60 relationes
1652 2476 115 60 modo
1724 2476 158 60 numeri,
1824 2476 101 60 rela-

430 2529 143 50 tiones
530 2529 143 50 cones:
630 2529 114 50 quia
701 2529 128 50 omnes
786 2529 186 50 sequuntur
929 2529 114 50 vnum
1001 2529 71 50 &
1029 2529 157 50 multum:
1143 2529 86 50 vt
1186 2529 128 50 infra
1272 2529 200 50 videbitur.
1429 2529 114 50 ergo
1500 2529 100 50 &c.
1557 2529 71 50 ⁋
1586 2529 86 50 In
1628 2529 200 50 contrarium
1785 2529 100 50 est
1828 2529 100 50 etiam

434 2572 88 73 de
478 2572 117 73 deo,
551 2572 117 73 quod
624 2572 88 73 in
668 2572 161 73 diuinis
785 2572 102 73 non
843 2572 117 73 sunt
916 2572 204 73 relationes
1077 2572 146 73 reales
1179 2572 117 73 nisi
1252 2572 175 73 notiones
1383 2572 117 73 sint
1456 2572 73 73 &
1485 2572 234 73 distinctiuae
1675 2572 219 73 personarum:
1850 2572 102 73 qua

435 2614 112 60 les
499 2614 112 60 non
563 2614 128 60 sunt
642 2614 223 60 relationes
818 2614 207 60 communes:
977 2614 128 60 quia
1057 2614 128 60 sunt
1137 2614 223 60 personarum
1312 2614 112 60 iam
1376 2614 271 60 distinctarum.
1599 2614 128 60 ergo
1663 2614 80 60 &c.

432 2668 89 65 ⁋
468 2668 143 65 Dico
557 2668 143 65 quod
646 2668 249 65 relationes
842 2668 214 65 duplicem
1002 2668 196 65 ordinem
1145 2668 196 65 habent.
1288 2668 143 65 Vnum
1377 2668 107 65 ad
1430 2668 125 65 sua
1501 2668 214 65 opposita
1662 2668 232 65 relatiue:
1822 2668 107 65 puta

426 2720 214 63 paternitas
594 2720 92 63 ad
640 2720 229 63 filiationem
823 2720 76 63 &
854 2720 214 63 econuerso.
1022 2720 138 63 Alium
1114 2720 92 63 ad
1160 2720 107 63 sua
1221 2720 184 63 subiecta
1359 2720 122 63 siue
1435 2720 92 63 ad
1481 2720 153 63 relata
1588 2720 107 63 per
1649 2720 153 63 ipsas,
1756 2720 92 63 in
1787 2720 122 63 quibus
