2017 3164
377 226 91 72 in
422 226 196 72 creaturis
573 226 136 72 super
664 226 121 72 vnum
740 226 151 72 genere
845 226 106 72 vel
906 226 166 72 specie,
1027 226 121 72 bene
1102 226 166 72 possunt
1223 226 121 72 esse
1299 226 166 72 reales:
1420 226 136 72 licet
1510 226 181 72 fundatae
1646 226 136 72 super
1737 226 121 72 vnum
1797 226 91 72 nume

385 295 95 49 ro,
440 295 135 49 semper
534 295 108 49 sint
602 295 189 49 rationales
750 295 81 49 in
791 295 176 49 creaturis
926 295 122 49 sicut
1007 295 68 49 &
1034 295 81 49 in
1074 295 162 49 diuinis.
1196 295 189 49 Relationes
1344 295 122 49 autem
1425 295 135 49 dictis
1520 295 176 49 contrarae
1655 295 162 49 scilicet
1763 295 108 49 diuer-

377 322 160 74 sitatis
494 322 262 74 inaequalitatis
712 322 73 74 &
741 322 305 74 dissimilitudinis,
1003 322 116 74 quae
1075 322 87 74 in
1119 322 131 74 solis
1206 322 189 74 creaturis
1352 322 233 74 inueniuntur,
1541 322 174 74 fundatae
1671 322 131 74 super
1744 322 131 74 multum:

390 381 119 56 quia
465 381 89 56 ex
509 381 149 56 natura
614 381 164 56 ipsarum
733 381 134 56 rerum
822 381 149 56 semper
926 381 194 56 fundantur
1075 381 89 56 in
1120 381 149 56 illis:
1224 381 149 56 semper
1329 381 119 56 sunt
1403 381 209 56 relationes
1567 381 179 56 secundum
1701 381 119 56 rem,
1761 381 119 56 secun-

380 430 93 55 dum
433 430 106 55 quod
499 430 106 55 haec
565 430 159 55 inferius
685 430 239 55 declarabuntur.
883 430 66 55 ⁋
910 430 93 55 Sed
963 430 133 55 contra
1056 430 93 55 hoc
1109 430 159 55 arguitur
1228 430 80 55 ex
1268 430 80 55 eo
1307 430 106 55 quod
1374 430 119 55 dicit
1453 430 133 55 Porph.
1546 430 119 55 Genus
1625 430 80 55 ad
1665 430 146 55 species
1758 430 106 55 habitu

390 463 132 60 dinem
478 463 146 60 habet.
581 463 161 60 Species
698 463 132 60 autem
785 463 88 60 ad
829 463 190 60 indiuidua
976 463 161 60 nullam.
1093 463 117 60 Dico
1166 463 117 60 quod
1239 463 132 60 verum
1327 463 102 60 est
1385 463 176 60 loquendo
1517 463 88 60 de
1561 463 205 60 habitudine
1707 463 161 60 artificia

382 509 99 58 li:
438 509 113 58 quia
509 509 226 58 descendentes
693 509 71 58 a
722 509 142 58 genere
821 509 127 58 vsque
906 509 85 58 ad
948 509 198 58 indiuidua,
1104 509 127 58 iubet
1189 509 127 58 Plato
1274 509 198 58 quiescere:
1429 509 85 58 ea
1472 509 184 58 videlicet
1613 509 85 58 de
1656 509 142 58 causa:
1755 509 113 58 quia
1811 509 57 58 de

389 554 199 62 indiuiduis
545 554 100 62 non
602 554 100 62 est
659 554 100 62 ars
716 554 128 62 neque
801 554 185 62 scientia.
943 554 100 62 Non
1000 554 128 62 autem
1086 554 128 62 verum
1171 554 100 62 est
1228 554 85 62 de
1271 554 199 62 habitudine
1427 554 185 62 naturali.
1569 554 185 62 naturalem
1712 554 114 62 enim
1768 554 100 62 habi-

384 606 159 53 tudinem
499 606 144 53 habent
600 606 187 53 indiuidua
744 606 86 53 ad
787 606 173 53 speciem:
917 606 72 53 &
946 606 115 53 sunt
1018 606 115 53 vera
1090 606 173 53 subiecta
1219 606 173 53 naturae:
1349 606 130 53 licet
1436 606 101 53 non
1493 606 130 53 artis
1580 606 101 53 aut
1637 606 202 53 scientiae.
1796 606 72 53 ⁋
1810 606 58 53 Ad

381 647 165 60 secundum
505 647 110 60 quod
573 647 137 60 dictae
669 647 192 60 relationes
820 647 82 60 in
861 647 151 60 diuinis
971 647 110 60 sunt
1040 647 151 60 reales,
1149 647 110 60 quia
1218 647 178 60 verissime
1355 647 137 60 habent
1451 647 110 60 esse
1519 647 82 60 in
1561 647 137 60 illis:
1657 647 110 60 Dico
1725 647 110 60 quod
1780 647 96 60 rela-

391 688 149 65 tionum
495 688 178 65 secundum
629 688 178 65 rationem
763 688 164 65 quaedam
882 688 119 65 sunt
956 688 149 65 omnino
1060 688 178 65 secundum
1194 688 178 65 rationem
1328 688 74 65 &
1358 688 238 65 originaliter
1551 688 74 65 &
1581 688 223 65 completiue:
1744 688 134 65 quaedam

395 747 130 54 etiam
481 747 231 54 originaliter
669 747 144 54 habent
770 747 116 54 esse
842 747 72 54 a
871 747 130 54 rebus
958 747 72 54 &
987 747 87 54 in
1030 747 144 54 rebus:
1131 747 101 54 sed
1189 747 202 54 completiue
1348 747 72 54 a
1377 747 159 54 ratione
1492 747 72 54 &
1521 747 87 54 in
1565 747 173 54 ratione.
1695 747 130 54 Eorum
1767 747 101 54 autem

390 792 113 56 quae
460 792 141 56 omnino
559 792 113 56 sunt
629 792 169 56 secundum
756 792 183 56 rationem:
896 792 155 56 quaedam
1009 792 113 56 sunt
1079 792 169 56 secundum
1206 792 169 56 rationem
1332 792 70 56 &
1361 792 98 56 quo
1417 792 84 56 ad
1459 792 127 56 ipsos
1543 792 183 56 respectus
1684 792 211 56 relationum:
1839 792 42 56 &

402 823 85 56 uo
444 823 85 56 ad
487 823 142 56 relata
587 823 128 56 atque
672 823 199 56 fundamenta
828 823 199 56 relationum
985 823 85 56 in
1028 823 171 56 relatis.
1156 823 156 56 Quaedam
1269 823 128 56 autem
1355 823 100 56 non
1412 823 100 56 quo
1469 823 85 56 ad
1511 823 142 56 relata
1611 823 100 56 aut
1668 823 199 56 fundamenta
1824 823 85 56 in

388 870 135 63 illis:
482 870 94 63 sed
536 870 121 63 solum
617 870 94 63 quo
671 870 81 63 ad
711 870 175 63 respectus
846 870 189 63 relationum
994 870 202 63 oppositaru:
1156 870 67 63 &
1183 870 94 63 hoc
1237 870 229 63 vniversaliquo
1426 870 81 63 ad
1466 870 175 63 respectus
1601 870 175 63 vtriusque
1722 870 162 63 relationum

387 916 222 57 oppositarum
564 916 103 57 seu
624 916 89 57 in
668 916 177 57 diuersis
801 916 103 57 seu
860 916 89 57 in
904 916 148 57 eodem,
1008 916 103 57 vel
1067 916 177 57 alterius
1200 916 162 57 tantum.
1318 916 133 57 Primo
1406 916 118 57 modo
1480 916 177 57 secundum
1613 916 177 57 rationem
1746 916 118 57 sunt
1805 916 74 57 re-

392 973 177 47 lationes
525 973 103 47 non
584 973 148 47 entium
688 973 133 47 inter
776 973 103 47 se:
835 973 103 47 vel
894 973 103 47 non
953 973 133 47 entis
1042 973 89 47 ad
1086 973 118 47 ens.
1160 973 118 47 Quae
1234 973 162 47 naturam
1352 973 148 47 habent
1456 973 192 47 entitatis
1603 973 162 47 secundo
1722 973 133 47 modo,
1795 973 89 47 sunt

378 1005 212 57 relationes
545 1005 182 57 secundum
681 1005 182 57 rationem
817 1005 106 57 quo
878 1005 91 57 ad
923 1005 197 57 respectus
1075 1005 197 57 vtriusque
1226 1005 212 57 relationum
1393 1005 242 57 oppositarum,
1590 1005 106 57 vel
1651 1005 106 57 quo
1711 1005 91 57 ad
1742 1005 136 57 alterum

390 1054 149 59 tantum.
499 1054 122 59 Primo
580 1054 108 59 modo
648 1054 190 59 relationes
797 1054 176 59 oppositae
933 1054 136 59 habent
1028 1054 108 59 esse
1095 1054 81 59 in
1136 1054 176 59 diuersis.
1272 1054 81 59 vt
1312 1054 81 59 si
1353 1054 149 59 aliquis
1461 1054 136 59 habeat
1556 1054 108 59 vnam
1624 1054 163 59 columnam
1746 1054 68 59 a
1760 1054 108 59 dextri

383 1103 138 55 suis,
475 1103 77 55 &
505 1103 138 55 aliam
597 1103 77 55 a
628 1103 214 55 sinistris:
796 1103 214 55 comparando
964 1103 138 55 illas
1056 1103 184 55 columnas
1194 1103 138 55 inter
1286 1103 92 55 se
1332 1103 184 55 secundum
1470 1103 168 55 ordinem
1592 1103 122 55 quem
1669 1103 153 55 habent
1776 1103 92 55 ad
1806 1103 77 55 de-

379 1153 134 48 xtrum
468 1153 74 48 &
498 1153 89 48 ad
543 1153 193 48 sinistrum
691 1153 89 48 in
736 1153 178 48 animali,
870 1153 104 48 vna
929 1153 163 48 dicetur
1048 1153 149 48 dextra
1152 1153 149 48 alteri
1256 1153 178 48 respectu
1390 1153 193 48 alterius:
1538 1153 74 48 &
1568 1153 149 48 altera
1672 1153 193 48 econuerso
1806 1153 74 48 si-

383 1184 155 55 nistra.
496 1184 85 55 In
538 1184 127 55 eodem
623 1184 127 55 autem
707 1184 141 55 habent
806 1184 113 55 esse
877 1184 183 55 huiusmodi
1018 1184 197 55 relationes
1173 1184 212 55 dupliciter:
1342 1184 99 55 vel
1398 1184 85 55 in
1441 1184 141 55 ordine
1539 1184 85 55 ad
1582 1184 155 55 eundem:
1695 1184 212 55 quemadmodum

385 1232 148 54 imago
483 1232 180 54 hominis
614 1232 148 54 habet
713 1232 98 54 in
762 1232 98 54 se
811 1232 180 54 dextrum
942 1232 82 54 &
975 1232 213 54 sinistrum
1139 1232 98 54 in
1188 1232 164 54 ordine
1303 1232 82 54 &
1336 1232 295 54 consideratione
1581 1232 98 54 ad
1631 1232 180 54 dextrum
1762 1232 82 54 &
1778 1232 115 54 sini-

376 1276 142 63 strum
471 1276 95 63 in
518 1276 158 63 homine
628 1276 142 63 cuius
723 1276 110 63 est
786 1276 158 63 imago:
897 1276 110 63 vel
960 1276 95 63 in
1007 1276 158 63 ordine
1117 1276 95 63 ad
1165 1276 205 63 diuersos:
1322 1276 236 63 quemadmodum
1511 1276 173 63 columna
1638 1276 189 63 existens
1764 1276 110 63 inter

381 1323 124 62 duos
459 1323 171 62 homines
583 1323 155 62 dextra
692 1323 109 62 est
754 1323 93 62 in
801 1323 155 62 ordine
909 1323 93 62 ad
956 1323 140 62 vnum:
1049 1323 78 62 &
1080 1323 186 62 sinistra
1220 1323 93 62 ad
1266 1323 155 62 alium:
1375 1323 78 62 &
1406 1323 109 62 sic
1468 1323 93 62 in
1515 1323 93 62 se
1561 1323 140 62 habet
1654 1323 186 62 secundum
1778 1323 109 62 ratio

386 1380 108 47 nem
447 1380 77 47 &
478 1380 169 47 dextrum
601 1380 77 47 &
632 1380 215 47 sinistrum.
801 1380 108 47 Quo
863 1380 92 47 ad
909 1380 200 47 respectum
1063 1380 185 47 alterius
1201 1380 215 47 relationum
1370 1380 231 47 oppositarum
1555 1380 169 47 tantum,
1678 1380 123 47 sunt
1740 1380 138 47 relatio

393 1417 107 58 nes
454 1417 153 58 omnino
561 1417 184 58 secundum
699 1417 184 58 rationem
836 1417 229 58 dupliciter.
1020 1417 122 58 Quia
1096 1417 168 58 quaedam
1218 1417 122 58 sunt
1295 1417 184 58 secundum
1433 1417 184 58 rationem
1570 1417 122 58 quia
1647 1417 168 58 alterum
1769 1417 107 58 est
1815 1417 61 58 ad

381 1460 126 61 ipsum
465 1460 168 61 secundum
591 1460 112 61 rem:
661 1460 210 61 quemadmodum
830 1460 154 61 mensura
942 1460 154 61 dicitur
1054 1460 168 61 relatiue
1180 1460 84 61 ad
1222 1460 196 61 mensuratum
1376 1460 112 61 quia
1446 1460 196 61 mensuratum
1601 1460 154 61 dicitur
1713 1460 84 61 ad
1755 1460 126 61 illam
1825 1460 56 61 se

385 1504 129 59 cundum
476 1504 103 59 rem:
540 1504 65 59 &
566 1504 116 59 sicut
644 1504 142 59 scibile
747 1504 78 59 ad
786 1504 168 59 scientiam
915 1504 103 59 quia
979 1504 155 59 scientia
1096 1504 142 59 dicitur
1199 1504 78 59 ad
1238 1504 142 59 scibile
1341 1504 155 59 secundum
1458 1504 103 59 rem.
1522 1504 142 59 Quaedam
1626 1504 103 59 vero
1690 1504 103 59 sunt
1755 1504 155 59 secundum

393 1550 152 58 rationem
507 1550 89 58 non
558 1550 101 58 quia
621 1550 139 58 alterum
722 1550 139 58 dicatur
824 1550 76 58 ad
862 1550 114 58 ipsum
938 1550 152 58 secundum
1051 1550 101 58 rem:
1115 1550 89 58 sed
1165 1550 101 58 quia
1229 1550 202 58 consideratur
1393 1550 76 58 in
1431 1550 127 58 ordine
1520 1550 76 58 ad
1558 1550 114 58 illud
1634 1550 101 58 quod
1697 1550 89 58 est
1747 1550 152 58 secundum

380 1607 103 44 rem:
445 1607 194 44 quemadmodum
599 1607 142 44 columna
703 1607 103 44 quae
767 1607 90 44 est
819 1607 65 44 a
845 1607 142 44 dextris
948 1607 168 44 animalis,
1077 1607 142 44 dicitur
1180 1607 142 44 animali
1283 1607 168 44 sinistra,
1412 1607 65 44 &
1438 1607 142 44 dicitur
1541 1607 155 44 relatiue
1658 1607 77 44 ad
1696 1607 142 44 dextrum
1787 1607 90 44 anima

390 1641 105 59 lis:
455 1641 66 59 &
482 1641 170 59 econverso
613 1641 131 59 animal
704 1641 131 59 dextro
796 1641 92 59 suo
849 1641 144 59 dicitur
953 1641 157 59 secundum
1071 1641 157 59 rationem
1189 1641 157 59 relatiue
1307 1641 79 59 ad
1347 1641 170 59 sinistrum
1478 1641 170 59 columnae:
1609 1641 105 59 quia
1674 1641 118 59 illud
1753 1641 157 59 secundum

390 1693 144 50 rationem
498 1693 132 50 dicitur
594 1693 72 50 ad
630 1693 144 50 animalis
737 1693 144 50 dextrum,
845 1693 96 50 quod
905 1693 144 50 relatiue
1013 1693 132 50 dicitur
1109 1693 72 50 ad
1144 1693 156 50 sinistrum
1264 1693 72 50 in
1300 1693 108 50 eodem
1372 1693 144 50 secundum
1480 1693 96 50 rem.
1540 1693 72 50 Et
1576 1693 96 50 sunt
1635 1693 108 50 omnes
1707 1693 108 50 istae
1767 1693 108 50 relatio

392 1726 95 62 nes
447 1726 163 62 secundum
569 1726 122 62 ronem
651 1726 190 62 totaliter:
800 1726 68 62 &
827 1726 122 62 verum
909 1726 95 62 est
963 1726 82 62 de
1004 1726 150 62 omnibus
1113 1726 122 62 istis
1194 1726 109 62 quod
1262 1726 95 62 non
1317 1726 136 62 habent
1412 1726 109 62 nisi
1480 1726 177 62 diminutam
1616 1726 163 62 rationem
1738 1726 109 62 esse
1792 1726 82 62 siue

389 1774 141 56 entis:
488 1774 99 56 sed
544 1774 85 56 de
587 1774 141 56 numero
686 1774 141 56 talium
785 1774 99 56 non
841 1774 113 56 sunt
912 1774 198 56 relationes
1068 1774 170 56 communes
1195 1774 85 56 in
1238 1774 113 56 deo:
1308 1774 113 56 quia
1379 1774 127 56 omnes
1464 1774 226 56 originaliter
1648 1774 141 56 habent
1747 1774 113 56 esse
1817 1774 85 56 in

391 1817 80 59 re
431 1817 106 59 quae
497 1817 93 59 est
550 1817 133 59 natura
643 1817 146 59 diuina:
749 1817 66 59 &
775 1817 80 59 ab
815 1817 119 59 ipsa:
894 1817 93 59 sed
947 1817 186 59 completiue
1093 1817 66 59 a
1120 1817 159 59 ratione.
1239 1817 93 59 Hoc
1292 1817 106 59 enim
1358 1817 106 59 modo
1424 1817 106 59 idem
1491 1817 80 59 in
1530 1817 93 59 deo
1583 1817 212 59 originaliter
1742 1817 133 59 fundatur

383 1863 138 61 super
475 1863 169 61 naturam
598 1863 169 61 diuinam
721 1863 200 61 inquantum
875 1863 215 61 substantia
1044 1863 169 61 habilis
1167 1863 108 61 est
1229 1863 77 61 &
1260 1863 123 61 apta
1337 1863 231 61 naturaliter
1521 1863 92 61 vt
1567 1863 138 61 circa
1660 1863 138 61 ipsam
1737 1863 138 61 conside

386 1911 112 54 retur
460 1911 174 54 personarum
597 1911 174 54 identitas:
733 1911 62 54 &
758 1911 161 54 similiter
882 1911 149 54 fundatur
994 1911 74 54 in
1031 1911 99 54 ipso
1093 1911 137 54 aequale
1192 1911 112 54 super
1267 1911 199 54 quantitatem,
1428 1911 124 54 simile
1515 1911 112 54 super
1590 1911 186 54 qualitatem,
1738 1911 99 54 siue
1788 1911 87 54 super

388 1958 147 54 diuinam
494 1958 147 54 naturam
601 1958 173 54 inquantum
735 1958 93 54 est
788 1958 173 54 quantitas
921 1958 67 54 &
948 1958 187 54 quaelitas.
1095 1958 147 54 Propter
1202 1958 107 54 quod
1268 1958 120 54 tales
1348 1958 187 54 relationes
1495 1958 80 54 in
1535 1958 93 54 deo
1588 1958 120 54 licet
1669 1958 147 54 habeant
1775 1958 107 54 esse
1829 1958 53 54 di

386 2001 136 58 minutum
485 2001 87 58 quo
534 2001 74 58 ad
571 2001 99 58 suum
633 2001 99 58 esse
695 2001 173 58 completum:
831 2001 99 58 quia
892 2001 124 58 habent
979 2001 111 58 illud
1053 2001 62 58 a
1078 2001 136 58 ratione
1177 2001 62 58 &
1201 2001 74 58 in
1238 2001 136 58 ratione
1337 2001 136 58 tantum:
1436 2001 111 58 tamen
1510 2001 161 58 inquantum
1634 2001 198 58 originaliter
1782 2001 99 58 habent

398 2049 105 56 esse
463 2049 105 56 suum
529 2049 66 56 a
555 2049 131 56 natura
647 2049 105 56 rei,
713 2049 171 56 verissime
844 2049 131 56 habent
936 2049 105 56 esse
1001 2049 79 56 in
1041 2049 105 56 deo:
1106 2049 66 56 &
1132 2049 144 56 verius,
1237 2049 118 56 licet
1316 2049 79 56 in
1355 2049 79 56 eo
1395 2049 105 56 sint
1460 2049 131 56 tantum
1552 2049 197 56 rationales,
1709 2049 105 56 quam
1762 2049 118 56 habeant

384 2092 113 59 esse
455 2092 85 59 in
497 2092 198 59 creaturis,
653 2092 85 59 in
696 2092 142 59 quibus
795 2092 113 59 sunt
866 2092 142 59 omnino
965 2092 156 59 reales:
1078 2092 142 59 quanto
1178 2092 142 59 verius
1277 2092 85 59 in
1319 2092 99 59 deo
1376 2092 113 59 quam
1447 2092 85 59 in
1489 2092 184 59 creaturis
1631 2092 128 59 habet
1716 2092 113 59 esse
1773 2092 99 59 natu-

380 2137 85 57 ra
422 2137 71 57 &
451 2137 142 57 vnitas
550 2137 142 57 ipsius
650 2137 156 57 naturae
763 2137 142 57 habens
863 2137 170 57 rationem
990 2137 213 57 substantiae
1161 2137 213 57 quantitatis
1331 2137 71 57 &
1360 2137 213 57 qualitatis,
1530 2137 85 57 in
1573 2137 99 57 qua
1630 2137 227 57 originaliter
1800 2137 71 57 fun

387 2184 157 55 dantur.
501 2184 72 55 &
530 2184 100 55 per
587 2184 100 55 hoc
644 2184 143 55 quoquo
744 2184 114 55 modo
816 2184 229 55 originaliter
1002 2184 143 55 habent
1102 2184 114 55 esse
1173 2184 72 55 a
1202 2184 143 55 natura
1302 2184 114 55 rei,
1373 2184 72 55 &
1402 2184 200 55 quodammodo
1559 2184 114 55 sunt
1631 2184 200 55 relationes
1774 2184 100 55 secun

382 2224 92 58 dum
435 2224 105 58 rem:
500 2224 92 58 aut
553 2224 92 58 eis
606 2224 132 58 multum
698 2224 198 58 vicinantur:
856 2224 66 58 &
882 2224 145 58 mendiae
988 2224 105 58 sunt
1053 2224 119 58 inter
1133 2224 119 58 illas
1212 2224 105 58 quae
1277 2224 132 58 omnino
1370 2224 105 58 sunt
1435 2224 145 58 reales,
1541 2224 66 58 &
1567 2224 119 58 illas
1646 2224 105 58 quae
1712 2224 132 58 omnino
1791 2224 79 58 sunt

386 2270 222 50 rationales:
563 2270 74 50 &
593 2270 103 50 quo
652 2270 89 50 ad
696 2270 103 50 hoc
755 2270 207 50 relationes
918 2270 177 50 communes
1051 2270 192 50 verissime
1199 2270 148 50 habent
1302 2270 118 50 esse
1376 2270 89 50 in
1420 2270 118 50 deo:
1494 2270 74 50 &
1524 2270 133 50 esset
1612 2270 207 50 haereticus
1760 2270 118 50 censen

380 2318 108 48 dus
441 2318 108 48 qui
503 2318 170 48 negaret
627 2318 247 48 identitatem,
828 2318 263 48 aequalitatem,
1044 2318 108 48 aut
1106 2318 263 48 similitudinem
1322 2318 201 48 diuinarum
1477 2318 232 48 personarum:
1662 2318 139 48 sicut
1755 2318 108 48 qui
1801 2318 62 48 ne

383 2360 141 56 garet
477 2360 126 56 eius
556 2360 235 56 substantiam
744 2360 251 56 magnitudinem
948 2360 110 56 aut
1011 2360 220 56 bonitatem:
1184 2360 141 56 licet
1278 2360 220 56 completiue
1450 2360 126 56 sint
1529 2360 235 56 rationales:
1717 2360 78 56 &
1748 2360 110 56 quo
1811 2360 94 56 ad

382 2409 98 59 hoc
438 2409 141 59 verius
537 2409 141 59 habent
635 2409 113 59 esse
705 2409 84 59 in
748 2409 183 59 creaturis
888 2409 84 59 in
931 2409 141 59 quibus
1029 2409 113 59 sunt
1099 2409 155 59 reales,
1212 2409 113 59 quam
1282 2409 84 59 in
1324 2409 113 59 deo.
1395 2409 70 59 ⁋
1423 2409 98 59 Per
1479 2409 113 59 idem
1549 2409 127 59 patet
1634 2409 183 59 responsio
1775 2409 84 59 ad
1803 2409 70 59 ter

383 2452 119 55 tium
457 2452 119 55 quod
531 2452 208 55 aequalitas
695 2452 104 55 est
754 2452 193 55 adoranda:
902 2452 74 55 &
932 2452 133 55 eadem
1021 2452 163 55 ratione
1139 2452 208 55 similitudo
1303 2452 74 55 &
1332 2452 208 55 identitas:
1495 2452 133 55 quare
1584 2452 119 55 sunt
1658 2452 104 55 res
1718 2452 104 55 aut
1762 2452 104 55 reale

391 2498 140 60 quid.
485 2498 186 60 Dicendum
624 2498 124 60 quod
702 2498 140 60 verum
795 2498 109 60 est
857 2498 202 60 inquantum
1012 2498 140 60 ortum
1105 2498 155 60 habent
1214 2498 248 60 originaliter
1416 2498 78 60 a
1447 2498 109 60 re.
1509 2498 155 60 Aliter
1618 2498 140 60 autem
1711 2498 124 60 non:
1773 2498 93 60 quia

376 2544 214 54 completiue
544 2544 122 54 sunt
620 2544 229 54 rationales,
803 2544 107 54 per
864 2544 122 54 quod
941 2544 260 54 distinguuntur
1154 2544 153 54 contra
1261 2544 153 54 omnino
1368 2544 168 54 reales.
1490 2544 214 54 Relationes
1658 2544 122 54 enim
1719 2544 153 54 secundum

380 2588 102 59 rem
439 2588 73 59 &
468 2588 175 59 secundum
599 2588 175 59 rationem
730 2588 233 59 distinguimus
919 2588 175 59 secundum
1050 2588 116 59 esse
1122 2588 116 59 suum
1195 2588 233 59 completiuum.
1384 2588 160 59 Propter
1500 2588 116 59 quod
1573 2588 204 59 relationes
1733 2588 131 59 cones
1806 2588 58 59 in

384 2635 159 54 diuinis
499 2635 101 54 non
557 2635 159 54 dicimus
673 2635 159 54 reales:
788 2635 116 54 quia
860 2635 202 54 completiue
1019 2635 116 54 sunt
1092 2635 72 54 a
1121 2635 173 54 ratione.
1251 2635 72 54 ⁋
1280 2635 87 54 Ad
1323 2635 173 54 quartum,
1453 2635 116 54 quod
1525 2635 202 54 relationes
1684 2635 173 54 secundum
1800 2635 72 54 ra-

385 2678 146 74 tionem
488 2678 102 74 non
546 2678 204 74 conueniunt
706 2678 102 74 deo
765 2678 117 74 nisi
838 2678 88 74 ex
882 2678 117 74 nouo
955 2678 73 74 &
984 2678 88 74 ex
1028 2678 175 74 tempore:
1159 2678 131 74 istae
1246 2678 131 74 autem
1334 2678 204 74 conueniunt
1495 2678 88 74 ei
1538 2678 88 74 ab
1582 2678 175 74 aeterno:
1713 2678 117 74 Dico
1786 2678 117 74 quod
