<?xml version="1.0" encoding="UTF-8"?>
<alto xmlns:xsi="http://www.w3.org/2001/XMLSchema-instance"
      xmlns="http://www.loc.gov/standards/alto/ns-v2#"
      xmlns:page="http://schema.primaresearch.org/PAGE/gts/pagecontent/2013-07-15"
      xsi:schemaLocation="http://www.loc.gov/standards/alto/ns-v2# http://www.loc.gov/standards/alto/alto.xsd">
   <Description>
      <MeasurementUnit>pixel</MeasurementUnit>
      <OCRProcessing ID="IdOcr">
         <ocrProcessingStep>
            <processingDateTime>2020-05-23T08:06:22.282-04:00</processingDateTime>
            <processingSoftware>
               <softwareCreator>READ COOP</softwareCreator>
               <softwareName>Transkribus</softwareName>
            </processingSoftware>
         </ocrProcessingStep>
      </OCRProcessing>
   </Description>
   <Layout>
      <Page ID="Page1" PHYSICAL_IMG_NR="1" HEIGHT="3209" WIDTH="2017">
         <TopMargin HEIGHT="0" WIDTH="2017" VPOS="0" HPOS="0"/>
         <LeftMargin HEIGHT="3209" WIDTH="0" VPOS="0" HPOS="0"/>
         <RightMargin HEIGHT="3209" WIDTH="0" VPOS="0" HPOS="2017"/>
         <BottomMargin HEIGHT="0" WIDTH="2017" VPOS="3209" HPOS="0"/>
         <PrintSpace HEIGHT="3209" WIDTH="2017" VPOS="0" HPOS="0">
            <TextBlock ID="TextRegion_1589422233238_3962"
                       HEIGHT="2508"
                       WIDTH="1485"
                       VPOS="249"
                       HPOS="131">
               <Shape>
                  <Polygon POINTS="131,249 1616,249 1616,2757 131,2757"/>
               </Shape>
               <TextLine ID="r1l3"
                         BASELINE="313"
                         HEIGHT="68"
                         WIDTH="1495"
                         VPOS="245"
                         HPOS="125">
                  <String HEIGHT="68"
                          WIDTH="115"
                          VPOS="245"
                          HPOS="111"
                          CONTENT="tiue"/>
                  <SP HEIGHT="68" WIDTH="14" VPOS="245" HPOS="226"/>
                  <String HEIGHT="68"
                          WIDTH="173"
                          VPOS="245"
                          HPOS="183"
                          CONTENT="secundum"/>
                  <SP HEIGHT="68" WIDTH="14" VPOS="245" HPOS="355"/>
                  <String HEIGHT="68"
                          WIDTH="144"
                          VPOS="245"
                          HPOS="312"
                          CONTENT="praed:"/>
                  <SP HEIGHT="68" WIDTH="14" VPOS="245" HPOS="456"/>
                  <String HEIGHT="68"
                          WIDTH="201"
                          VPOS="245"
                          HPOS="412"
                          CONTENT="terminata."/>
                  <SP HEIGHT="68" WIDTH="14" VPOS="245" HPOS="614"/>
                  <String HEIGHT="68"
                          WIDTH="115"
                          VPOS="245"
                          HPOS="571"
                          CONTENT="Quae"/>
                  <SP HEIGHT="68" WIDTH="14" VPOS="245" HPOS="686"/>
                  <String HEIGHT="68"
                          WIDTH="173"
                          VPOS="245"
                          HPOS="643"
                          CONTENT="postquam"/>
                  <SP HEIGHT="68" WIDTH="14" VPOS="245" HPOS="815"/>
                  <String HEIGHT="68" WIDTH="101" VPOS="245" HPOS="772" CONTENT="eas"/>
                  <SP HEIGHT="68" WIDTH="14" VPOS="245" HPOS="873"/>
                  <String HEIGHT="68"
                          WIDTH="129"
                          VPOS="245"
                          HPOS="829"
                          CONTENT="tales"/>
                  <SP HEIGHT="68" WIDTH="14" VPOS="245" HPOS="959"/>
                  <String HEIGHT="68"
                          WIDTH="158"
                          VPOS="245"
                          HPOS="916"
                          CONTENT="operata"/>
                  <SP HEIGHT="68" WIDTH="14" VPOS="245" HPOS="1074"/>
                  <String HEIGHT="68"
                          WIDTH="101"
                          VPOS="245"
                          HPOS="1031"
                          CONTENT="est"/>
                  <SP HEIGHT="68" WIDTH="14" VPOS="245" HPOS="1131"/>
                  <String HEIGHT="68" WIDTH="86" VPOS="245" HPOS="1088" CONTENT="in"/>
                  <SP HEIGHT="68" WIDTH="14" VPOS="245" HPOS="1174"/>
                  <String HEIGHT="68"
                          WIDTH="173"
                          VPOS="245"
                          HPOS="1131"
                          CONTENT="diuersis"/>
                  <SP HEIGHT="68" WIDTH="14" VPOS="245" HPOS="1304"/>
                  <String HEIGHT="68"
                          WIDTH="187"
                          VPOS="245"
                          HPOS="1261"
                          CONTENT="generibus"/>
                  <SP HEIGHT="68" WIDTH="14" VPOS="245" HPOS="1448"/>
                  <String HEIGHT="68"
                          WIDTH="201"
                          VPOS="245"
                          HPOS="1404"
                          CONTENT="comparando"/>
                  <SP HEIGHT="68" WIDTH="14" VPOS="245" HPOS="1606"/>
                  <String HEIGHT="68"
                          WIDTH="72"
                          VPOS="245"
                          HPOS="1548"
                          CONTENT="il"
                          SUBS_TYPE="HypPart1"
                          SUBS_CONTENT="illas"/>
                  <HYP CONTENT="-"/>
               </TextLine>
               <TextLine ID="r1l4"
                         BASELINE="355"
                         HEIGHT="60"
                         WIDTH="1489"
                         VPOS="295"
                         HPOS="136">
                  <String HEIGHT="60"
                          WIDTH="103"
                          VPOS="295"
                          HPOS="121"
                          CONTENT="las"
                          SUBS_TYPE="HypPart2"
                          SUBS_CONTENT="illas"/>
                  <SP HEIGHT="60" WIDTH="15" VPOS="295" HPOS="224"/>
                  <String HEIGHT="60"
                          WIDTH="206"
                          VPOS="295"
                          HPOS="180"
                          CONTENT="adinuicem:"/>
                  <SP HEIGHT="60" WIDTH="15" VPOS="295" HPOS="387"/>
                  <String HEIGHT="60"
                          WIDTH="280"
                          VPOS="295"
                          HPOS="342"
                          CONTENT="considerationem"/>
                  <SP HEIGHT="60" WIDTH="15" VPOS="295" HPOS="623"/>
                  <String HEIGHT="60"
                          WIDTH="118"
                          VPOS="295"
                          HPOS="578"
                          CONTENT="siue"/>
                  <SP HEIGHT="60" WIDTH="15" VPOS="295" HPOS="696"/>
                  <String HEIGHT="60"
                          WIDTH="192"
                          VPOS="295"
                          HPOS="652"
                          CONTENT="conceptum"/>
                  <SP HEIGHT="60" WIDTH="15" VPOS="295" HPOS="844"/>
                  <String HEIGHT="60"
                          WIDTH="118"
                          VPOS="295"
                          HPOS="799"
                          CONTENT="suum"/>
                  <SP HEIGHT="60" WIDTH="15" VPOS="295" HPOS="917"/>
                  <String HEIGHT="60"
                          WIDTH="147"
                          VPOS="295"
                          HPOS="873"
                          CONTENT="format"/>
                  <SP HEIGHT="60" WIDTH="15" VPOS="295" HPOS="1021"/>
                  <String HEIGHT="60"
                          WIDTH="177"
                          VPOS="295"
                          HPOS="976"
                          CONTENT="secundum"/>
                  <SP HEIGHT="60" WIDTH="15" VPOS="295" HPOS="1153"/>
                  <String HEIGHT="60"
                          WIDTH="162"
                          VPOS="295"
                          HPOS="1109"
                          CONTENT="illarum"/>
                  <SP HEIGHT="60" WIDTH="15" VPOS="295" HPOS="1271"/>
                  <String HEIGHT="60"
                          WIDTH="236"
                          VPOS="295"
                          HPOS="1227"
                          CONTENT="differentiam"/>
                  <SP HEIGHT="60" WIDTH="15" VPOS="295" HPOS="1463"/>
                  <String HEIGHT="60"
                          WIDTH="118"
                          VPOS="295"
                          HPOS="1419"
                          CONTENT="quam"/>
                  <SP HEIGHT="60" WIDTH="15" VPOS="295" HPOS="1537"/>
                  <String HEIGHT="60"
                          WIDTH="133"
                          VPOS="295"
                          HPOS="1492"
                          CONTENT="prius"/>
                  <SP HEIGHT="60" WIDTH="15" VPOS="295" HPOS="1625"/>
                  <String HEIGHT="60" WIDTH="59" VPOS="295" HPOS="1566" CONTENT="in"/>
               </TextLine>
               <TextLine ID="r1l5"
                         BASELINE="389"
                         HEIGHT="50"
                         WIDTH="1476"
                         VPOS="339"
                         HPOS="140">
                  <String HEIGHT="50"
                          WIDTH="123"
                          VPOS="339"
                          HPOS="126"
                          CONTENT="illis"/>
                  <SP HEIGHT="50" WIDTH="14" VPOS="339" HPOS="249"/>
                  <String HEIGHT="50"
                          WIDTH="150"
                          VPOS="339"
                          HPOS="208"
                          CONTENT="operata"/>
                  <SP HEIGHT="50" WIDTH="14" VPOS="339" HPOS="359"/>
                  <String HEIGHT="50"
                          WIDTH="109"
                          VPOS="339"
                          HPOS="318"
                          CONTENT="est."/>
                  <SP HEIGHT="50" WIDTH="14" VPOS="339" HPOS="427"/>
                  <String HEIGHT="50" WIDTH="82" VPOS="339" HPOS="386" CONTENT="Et"/>
                  <SP HEIGHT="50" WIDTH="14" VPOS="339" HPOS="468"/>
                  <String HEIGHT="50" WIDTH="96" VPOS="339" HPOS="427" CONTENT="sic"/>
                  <SP HEIGHT="50" WIDTH="14" VPOS="339" HPOS="523"/>
                  <String HEIGHT="50"
                          WIDTH="109"
                          VPOS="339"
                          HPOS="482"
                          CONTENT="ista"/>
                  <SP HEIGHT="50" WIDTH="14" VPOS="339" HPOS="591"/>
                  <String HEIGHT="50"
                          WIDTH="205"
                          VPOS="339"
                          HPOS="550"
                          CONTENT="differentia"/>
                  <SP HEIGHT="50" WIDTH="14" VPOS="339" HPOS="755"/>
                  <String HEIGHT="50"
                          WIDTH="109"
                          VPOS="339"
                          HPOS="714"
                          CONTENT="quae"/>
                  <SP HEIGHT="50" WIDTH="14" VPOS="339" HPOS="823"/>
                  <String HEIGHT="50"
                          WIDTH="123"
                          VPOS="339"
                          HPOS="782"
                          CONTENT="prius"/>
                  <SP HEIGHT="50" WIDTH="14" VPOS="339" HPOS="905"/>
                  <String HEIGHT="50"
                          WIDTH="150"
                          VPOS="339"
                          HPOS="864"
                          CONTENT="operata"/>
                  <SP HEIGHT="50" WIDTH="14" VPOS="339" HPOS="1015"/>
                  <String HEIGHT="50" WIDTH="96" VPOS="339" HPOS="974" CONTENT="est"/>
                  <SP HEIGHT="50" WIDTH="14" VPOS="339" HPOS="1069"/>
                  <String HEIGHT="50" WIDTH="82" VPOS="339" HPOS="1028" CONTENT="ab"/>
                  <SP HEIGHT="50" WIDTH="14" VPOS="339" HPOS="1110"/>
                  <String HEIGHT="50"
                          WIDTH="191"
                          VPOS="339"
                          HPOS="1069"
                          CONTENT="intellectu"/>
                  <SP HEIGHT="50" WIDTH="14" VPOS="339" HPOS="1261"/>
                  <String HEIGHT="50" WIDTH="82" VPOS="339" HPOS="1220" CONTENT="in"/>
                  <SP HEIGHT="50" WIDTH="14" VPOS="339" HPOS="1302"/>
                  <String HEIGHT="50"
                          WIDTH="164"
                          VPOS="339"
                          HPOS="1261"
                          CONTENT="ratione,"/>
                  <SP HEIGHT="50" WIDTH="14" VPOS="339" HPOS="1425"/>
                  <String HEIGHT="50" WIDTH="96" VPOS="339" HPOS="1384" CONTENT="est"/>
                  <SP HEIGHT="50" WIDTH="14" VPOS="339" HPOS="1479"/>
                  <String HEIGHT="50"
                          WIDTH="123"
                          VPOS="339"
                          HPOS="1438"
                          CONTENT="causa"/>
                  <SP HEIGHT="50" WIDTH="14" VPOS="339" HPOS="1561"/>
                  <String HEIGHT="50"
                          WIDTH="109"
                          VPOS="339"
                          HPOS="1507"
                          CONTENT="consi"
                          SUBS_TYPE="HypPart1"
                          SUBS_CONTENT="considerationis"/>
                  <HYP CONTENT="-"/>
               </TextLine>
               <TextLine ID="r1l6"
                         BASELINE="441"
                         HEIGHT="53"
                         WIDTH="1498"
                         VPOS="388"
                         HPOS="125">
                  <String HEIGHT="53"
                          WIDTH="208"
                          VPOS="388"
                          HPOS="110"
                          CONTENT="derationis"
                          SUBS_TYPE="HypPart2"
                          SUBS_CONTENT="considerationis"/>
                  <SP HEIGHT="53" WIDTH="15" VPOS="388" HPOS="318"/>
                  <String HEIGHT="53" WIDTH="104" VPOS="388" HPOS="273" CONTENT="sui"/>
                  <SP HEIGHT="53" WIDTH="15" VPOS="388" HPOS="377"/>
                  <String HEIGHT="53" WIDTH="74" VPOS="388" HPOS="333" CONTENT="a"/>
                  <SP HEIGHT="53" WIDTH="15" VPOS="388" HPOS="407"/>
                  <String HEIGHT="53"
                          WIDTH="163"
                          VPOS="388"
                          HPOS="362"
                          CONTENT="ratione"/>
                  <SP HEIGHT="53" WIDTH="15" VPOS="388" HPOS="525"/>
                  <String HEIGHT="53"
                          WIDTH="178"
                          VPOS="388"
                          HPOS="481"
                          CONTENT="conuersa"/>
                  <SP HEIGHT="53" WIDTH="15" VPOS="388" HPOS="659"/>
                  <String HEIGHT="53"
                          WIDTH="133"
                          VPOS="388"
                          HPOS="614"
                          CONTENT="super"/>
                  <SP HEIGHT="53" WIDTH="15" VPOS="388" HPOS="748"/>
                  <String HEIGHT="53"
                          WIDTH="133"
                          VPOS="388"
                          HPOS="703"
                          CONTENT="illas"/>
                  <SP HEIGHT="53" WIDTH="15" VPOS="388" HPOS="837"/>
                  <String HEIGHT="53"
                          WIDTH="133"
                          VPOS="388"
                          HPOS="792"
                          CONTENT="quasi"/>
                  <SP HEIGHT="53" WIDTH="15" VPOS="388" HPOS="926"/>
                  <String HEIGHT="53"
                          WIDTH="148"
                          VPOS="388"
                          HPOS="881"
                          CONTENT="quodam"/>
                  <SP HEIGHT="53" WIDTH="15" VPOS="388" HPOS="1030"/>
                  <String HEIGHT="53"
                          WIDTH="178"
                          VPOS="388"
                          HPOS="985"
                          CONTENT="circulo."/>
                  <SP HEIGHT="53" WIDTH="15" VPOS="388" HPOS="1163"/>
                  <String HEIGHT="53"
                          WIDTH="163"
                          VPOS="388"
                          HPOS="1119"
                          CONTENT="Illarum"/>
                  <SP HEIGHT="53" WIDTH="15" VPOS="388" HPOS="1282"/>
                  <String HEIGHT="53"
                          WIDTH="119"
                          VPOS="388"
                          HPOS="1237"
                          CONTENT="vero"/>
                  <SP HEIGHT="53" WIDTH="15" VPOS="388" HPOS="1356"/>
                  <String HEIGHT="53"
                          WIDTH="119"
                          VPOS="388"
                          HPOS="1312"
                          CONTENT="quae"/>
                  <SP HEIGHT="53" WIDTH="15" VPOS="388" HPOS="1430"/>
                  <String HEIGHT="53"
                          WIDTH="119"
                          VPOS="388"
                          HPOS="1386"
                          CONTENT="sunt"/>
                  <SP HEIGHT="53" WIDTH="15" VPOS="388" HPOS="1504"/>
                  <String HEIGHT="53"
                          WIDTH="178"
                          VPOS="388"
                          HPOS="1445"
                          CONTENT="relationes"/>
               </TextLine>
               <TextLine ID="r1l7"
                         BASELINE="484"
                         HEIGHT="50"
                         WIDTH="1496"
                         VPOS="434"
                         HPOS="127">
                  <String HEIGHT="50"
                          WIDTH="195"
                          VPOS="434"
                          HPOS="111"
                          CONTENT="secundum"/>
                  <SP HEIGHT="50" WIDTH="16" VPOS="434" HPOS="306"/>
                  <String HEIGHT="50" WIDTH="114" VPOS="434" HPOS="257" CONTENT="rem"/>
                  <SP HEIGHT="50" WIDTH="16" VPOS="434" HPOS="371"/>
                  <String HEIGHT="50"
                          WIDTH="146"
                          VPOS="434"
                          HPOS="322"
                          CONTENT="veram"/>
                  <SP HEIGHT="50" WIDTH="16" VPOS="434" HPOS="468"/>
                  <String HEIGHT="50" WIDTH="114" VPOS="434" HPOS="420" CONTENT="sub"/>
                  <SP HEIGHT="50" WIDTH="16" VPOS="434" HPOS="534"/>
                  <String HEIGHT="50" WIDTH="114" VPOS="434" HPOS="485" CONTENT="vno"/>
                  <SP HEIGHT="50" WIDTH="16" VPOS="434" HPOS="599"/>
                  <String HEIGHT="50"
                          WIDTH="179"
                          VPOS="434"
                          HPOS="550"
                          CONTENT="illorum"/>
                  <SP HEIGHT="50" WIDTH="16" VPOS="434" HPOS="729"/>
                  <String HEIGHT="50"
                          WIDTH="195"
                          VPOS="434"
                          HPOS="680"
                          CONTENT="generum,"/>
                  <SP HEIGHT="50" WIDTH="16" VPOS="434" HPOS="875"/>
                  <String HEIGHT="50" WIDTH="81" VPOS="434" HPOS="826" CONTENT="&amp;"/>
                  <SP HEIGHT="50" WIDTH="16" VPOS="434" HPOS="908"/>
                  <String HEIGHT="50"
                          WIDTH="179"
                          VPOS="434"
                          HPOS="859"
                          CONTENT="illarum"/>
                  <SP HEIGHT="50" WIDTH="16" VPOS="434" HPOS="1038"/>
                  <String HEIGHT="50"
                          WIDTH="130"
                          VPOS="434"
                          HPOS="989"
                          CONTENT="quae"/>
                  <SP HEIGHT="50" WIDTH="16" VPOS="434" HPOS="1119"/>
                  <String HEIGHT="50"
                          WIDTH="195"
                          VPOS="434"
                          HPOS="1070"
                          CONTENT="secundum"/>
                  <SP HEIGHT="50" WIDTH="16" VPOS="434" HPOS="1265"/>
                  <String HEIGHT="50"
                          WIDTH="195"
                          VPOS="434"
                          HPOS="1216"
                          CONTENT="rationem"/>
                  <SP HEIGHT="50" WIDTH="16" VPOS="434" HPOS="1412"/>
                  <String HEIGHT="50" WIDTH="81" VPOS="434" HPOS="1363" CONTENT="&amp;"/>
                  <SP HEIGHT="50" WIDTH="16" VPOS="434" HPOS="1444"/>
                  <String HEIGHT="50"
                          WIDTH="114"
                          VPOS="434"
                          HPOS="1395"
                          CONTENT="rem"/>
                  <SP HEIGHT="50" WIDTH="16" VPOS="434" HPOS="1509"/>
                  <String HEIGHT="50"
                          WIDTH="179"
                          VPOS="434"
                          HPOS="1444"
                          CONTENT="diminutam"/>
               </TextLine>
               <TextLine ID="r1l8"
                         BASELINE="534"
                         HEIGHT="55"
                         WIDTH="1492"
                         VPOS="479"
                         HPOS="125">
                  <String HEIGHT="55"
                          WIDTH="114"
                          VPOS="479"
                          HPOS="111"
                          CONTENT="sunt"/>
                  <SP HEIGHT="55" WIDTH="14" VPOS="479" HPOS="224"/>
                  <String HEIGHT="55" WIDTH="99" VPOS="479" HPOS="182" CONTENT="sub"/>
                  <SP HEIGHT="55" WIDTH="14" VPOS="479" HPOS="281"/>
                  <String HEIGHT="55"
                          WIDTH="128"
                          VPOS="479"
                          HPOS="239"
                          CONTENT="aliis"/>
                  <SP HEIGHT="55" WIDTH="14" VPOS="479" HPOS="367"/>
                  <String HEIGHT="55"
                          WIDTH="199"
                          VPOS="479"
                          HPOS="324"
                          CONTENT="generibus,"/>
                  <SP HEIGHT="55" WIDTH="14" VPOS="479" HPOS="523"/>
                  <String HEIGHT="55"
                          WIDTH="213"
                          VPOS="479"
                          HPOS="480"
                          CONTENT="intellectus"/>
                  <SP HEIGHT="55" WIDTH="14" VPOS="479" HPOS="693"/>
                  <String HEIGHT="55"
                          WIDTH="227"
                          VPOS="479"
                          HPOS="651"
                          CONTENT="considerando"/>
                  <SP HEIGHT="55" WIDTH="14" VPOS="479" HPOS="878"/>
                  <String HEIGHT="55"
                          WIDTH="128"
                          VPOS="479"
                          HPOS="835"
                          CONTENT="illas"/>
                  <SP HEIGHT="55" WIDTH="14" VPOS="479" HPOS="963"/>
                  <String HEIGHT="55"
                          WIDTH="128"
                          VPOS="479"
                          HPOS="921"
                          CONTENT="inter"/>
                  <SP HEIGHT="55" WIDTH="14" VPOS="479" HPOS="1049"/>
                  <String HEIGHT="55" WIDTH="99" VPOS="479" HPOS="1006" CONTENT="se,"/>
                  <SP HEIGHT="55" WIDTH="14" VPOS="479" HPOS="1105"/>
                  <String HEIGHT="55"
                          WIDTH="185"
                          VPOS="479"
                          HPOS="1063"
                          CONTENT="conceptum"/>
                  <SP HEIGHT="55" WIDTH="14" VPOS="479" HPOS="1248"/>
                  <String HEIGHT="55"
                          WIDTH="227"
                          VPOS="479"
                          HPOS="1205"
                          CONTENT="differentiae"/>
                  <SP HEIGHT="55" WIDTH="14" VPOS="479" HPOS="1432"/>
                  <String HEIGHT="55"
                          WIDTH="156"
                          VPOS="479"
                          HPOS="1390"
                          CONTENT="illarum"/>
                  <SP HEIGHT="55" WIDTH="14" VPOS="479" HPOS="1546"/>
                  <String HEIGHT="55"
                          WIDTH="142"
                          VPOS="479"
                          HPOS="1503"
                          CONTENT="format"/>
                  <SP HEIGHT="55" WIDTH="14" VPOS="479" HPOS="1645"/>
                  <String HEIGHT="55" WIDTH="28" VPOS="479" HPOS="1589" CONTENT=""/>
               </TextLine>
               <TextLine ID="r1l9"
                         BASELINE="573"
                         HEIGHT="46"
                         WIDTH="1500"
                         VPOS="527"
                         HPOS="125">
                  <String HEIGHT="46"
                          WIDTH="180"
                          VPOS="527"
                          HPOS="110"
                          CONTENT="secundum"/>
                  <SP HEIGHT="46" WIDTH="15" VPOS="527" HPOS="290"/>
                  <String HEIGHT="46"
                          WIDTH="120"
                          VPOS="527"
                          HPOS="245"
                          CONTENT="illa"/>
                  <SP HEIGHT="46" WIDTH="15" VPOS="527" HPOS="365"/>
                  <String HEIGHT="46"
                          WIDTH="120"
                          VPOS="527"
                          HPOS="320"
                          CONTENT="quae"/>
                  <SP HEIGHT="46" WIDTH="15" VPOS="527" HPOS="440"/>
                  <String HEIGHT="46"
                          WIDTH="135"
                          VPOS="527"
                          HPOS="395"
                          CONTENT="prius"/>
                  <SP HEIGHT="46" WIDTH="15" VPOS="527" HPOS="530"/>
                  <String HEIGHT="46"
                          WIDTH="165"
                          VPOS="527"
                          HPOS="485"
                          CONTENT="operata"/>
                  <SP HEIGHT="46" WIDTH="15" VPOS="527" HPOS="650"/>
                  <String HEIGHT="46" WIDTH="105" VPOS="527" HPOS="605" CONTENT="est"/>
                  <SP HEIGHT="46" WIDTH="15" VPOS="527" HPOS="710"/>
                  <String HEIGHT="46"
                          WIDTH="150"
                          VPOS="527"
                          HPOS="665"
                          CONTENT="partim"/>
                  <SP HEIGHT="46" WIDTH="15" VPOS="527" HPOS="815"/>
                  <String HEIGHT="46"
                          WIDTH="150"
                          VPOS="527"
                          HPOS="770"
                          CONTENT="natura"/>
                  <SP HEIGHT="46" WIDTH="15" VPOS="527" HPOS="920"/>
                  <String HEIGHT="46"
                          WIDTH="150"
                          VPOS="527"
                          HPOS="875"
                          CONTENT="rerum,"/>
                  <SP HEIGHT="46" WIDTH="15" VPOS="527" HPOS="1025"/>
                  <String HEIGHT="46"
                          WIDTH="150"
                          VPOS="527"
                          HPOS="980"
                          CONTENT="partim"/>
                  <SP HEIGHT="46" WIDTH="15" VPOS="527" HPOS="1130"/>
                  <String HEIGHT="46"
                          WIDTH="225"
                          VPOS="527"
                          HPOS="1085"
                          CONTENT="intellectus"/>
                  <SP HEIGHT="46" WIDTH="15" VPOS="527" HPOS="1310"/>
                  <String HEIGHT="46"
                          WIDTH="135"
                          VPOS="527"
                          HPOS="1265"
                          CONTENT="ipse."/>
                  <SP HEIGHT="46" WIDTH="15" VPOS="527" HPOS="1400"/>
                  <String HEIGHT="46" WIDTH="75" VPOS="527" HPOS="1355" CONTENT="&amp;"/>
                  <SP HEIGHT="46" WIDTH="15" VPOS="527" HPOS="1430"/>
                  <String HEIGHT="46"
                          WIDTH="105"
                          VPOS="527"
                          HPOS="1385"
                          CONTENT="sic"/>
                  <SP HEIGHT="46" WIDTH="15" VPOS="527" HPOS="1490"/>
                  <String HEIGHT="46"
                          WIDTH="195"
                          VPOS="527"
                          HPOS="1430"
                          CONTENT="differentia"/>
               </TextLine>
               <TextLine ID="r1l10"
                         BASELINE="621"
                         HEIGHT="48"
                         WIDTH="1497"
                         VPOS="573"
                         HPOS="122">
                  <String HEIGHT="48"
                          WIDTH="165"
                          VPOS="573"
                          HPOS="107"
                          CONTENT="illarum"/>
                  <SP HEIGHT="48" WIDTH="15" VPOS="573" HPOS="272"/>
                  <String HEIGHT="48" WIDTH="105" VPOS="573" HPOS="227" CONTENT="est"/>
                  <SP HEIGHT="48" WIDTH="15" VPOS="573" HPOS="332"/>
                  <String HEIGHT="48"
                          WIDTH="135"
                          VPOS="573"
                          HPOS="287"
                          CONTENT="causa"/>
                  <SP HEIGHT="48" WIDTH="15" VPOS="573" HPOS="421"/>
                  <String HEIGHT="48"
                          WIDTH="284"
                          VPOS="573"
                          HPOS="376"
                          CONTENT="considerationis"/>
                  <SP HEIGHT="48" WIDTH="15" VPOS="573" HPOS="661"/>
                  <String HEIGHT="48"
                          WIDTH="120"
                          VPOS="573"
                          HPOS="616"
                          CONTENT="siue"/>
                  <SP HEIGHT="48" WIDTH="15" VPOS="573" HPOS="736"/>
                  <String HEIGHT="48"
                          WIDTH="195"
                          VPOS="573"
                          HPOS="691"
                          CONTENT="conceptus"/>
                  <SP HEIGHT="48" WIDTH="15" VPOS="573" HPOS="885"/>
                  <String HEIGHT="48"
                          WIDTH="240"
                          VPOS="573"
                          HPOS="841"
                          CONTENT="differentiae"/>
                  <SP HEIGHT="48" WIDTH="15" VPOS="573" HPOS="1080"/>
                  <String HEIGHT="48"
                          WIDTH="150"
                          VPOS="573"
                          HPOS="1035"
                          CONTENT="partim"/>
                  <SP HEIGHT="48" WIDTH="15" VPOS="573" HPOS="1185"/>
                  <String HEIGHT="48"
                          WIDTH="180"
                          VPOS="573"
                          HPOS="1140"
                          CONTENT="directe,"/>
                  <SP HEIGHT="48" WIDTH="15" VPOS="573" HPOS="1320"/>
                  <String HEIGHT="48"
                          WIDTH="150"
                          VPOS="573"
                          HPOS="1275"
                          CONTENT="partim"/>
                  <SP HEIGHT="48" WIDTH="15" VPOS="573" HPOS="1424"/>
                  <String HEIGHT="48"
                          WIDTH="180"
                          VPOS="573"
                          HPOS="1379"
                          CONTENT="circulo."/>
                  <SP HEIGHT="48" WIDTH="15" VPOS="573" HPOS="1559"/>
                  <String HEIGHT="48" WIDTH="90" VPOS="573" HPOS="1514" CONTENT="De"/>
                  <SP HEIGHT="48" WIDTH="15" VPOS="573" HPOS="1604"/>
                  <String HEIGHT="48" WIDTH="75" VPOS="573" HPOS="1544" CONTENT="dif"/>
               </TextLine>
               <TextLine ID="r1l11"
                         BASELINE="667"
                         HEIGHT="51"
                         WIDTH="1483"
                         VPOS="616"
                         HPOS="125">
                  <String HEIGHT="51"
                          WIDTH="180"
                          VPOS="616"
                          HPOS="110"
                          CONTENT="ferentia"/>
                  <SP HEIGHT="51" WIDTH="15" VPOS="616" HPOS="290"/>
                  <String HEIGHT="51"
                          WIDTH="135"
                          VPOS="616"
                          HPOS="245"
                          CONTENT="autem"/>
                  <SP HEIGHT="51" WIDTH="15" VPOS="616" HPOS="380"/>
                  <String HEIGHT="51"
                          WIDTH="210"
                          VPOS="616"
                          HPOS="335"
                          CONTENT="relationum"/>
                  <SP HEIGHT="51" WIDTH="15" VPOS="616" HPOS="544"/>
                  <String HEIGHT="51"
                          WIDTH="195"
                          VPOS="616"
                          HPOS="499"
                          CONTENT="communium"/>
                  <SP HEIGHT="51" WIDTH="15" VPOS="616" HPOS="694"/>
                  <String HEIGHT="51"
                          WIDTH="135"
                          VPOS="616"
                          HPOS="649"
                          CONTENT="inter"/>
                  <SP HEIGHT="51" WIDTH="15" VPOS="616" HPOS="784"/>
                  <String HEIGHT="51" WIDTH="105" VPOS="616" HPOS="739" CONTENT="se,"/>
                  <SP HEIGHT="51" WIDTH="15" VPOS="616" HPOS="844"/>
                  <String HEIGHT="51"
                          WIDTH="165"
                          VPOS="616"
                          HPOS="799"
                          CONTENT="patebit"/>
                  <SP HEIGHT="51" WIDTH="15" VPOS="616" HPOS="964"/>
                  <String HEIGHT="51" WIDTH="90" VPOS="616" HPOS="919" CONTENT="in"/>
                  <SP HEIGHT="51" WIDTH="15" VPOS="616" HPOS="1009"/>
                  <String HEIGHT="51"
                          WIDTH="180"
                          VPOS="616"
                          HPOS="964"
                          CONTENT="sequenti"/>
                  <SP HEIGHT="51" WIDTH="15" VPOS="616" HPOS="1144"/>
                  <String HEIGHT="51"
                          WIDTH="195"
                          VPOS="616"
                          HPOS="1099"
                          CONTENT="articulo."/>
                  <SP HEIGHT="51" WIDTH="15" VPOS="616" HPOS="1293"/>
                  <String HEIGHT="51"
                          WIDTH="120"
                          VPOS="616"
                          HPOS="1248"
                          CONTENT="Quia"/>
                  <SP HEIGHT="51" WIDTH="15" VPOS="616" HPOS="1368"/>
                  <String HEIGHT="51"
                          WIDTH="120"
                          VPOS="616"
                          HPOS="1323"
                          CONTENT="ergo"/>
                  <SP HEIGHT="51" WIDTH="15" VPOS="616" HPOS="1443"/>
                  <String HEIGHT="51"
                          WIDTH="210"
                          VPOS="616"
                          HPOS="1398"
                          CONTENT="relationes"/>
                  <SP HEIGHT="51" WIDTH="15" VPOS="616" HPOS="1608"/>
                  <String HEIGHT="51" WIDTH="60" VPOS="616" HPOS="1548" CONTENT="in"/>
               </TextLine>
               <TextLine ID="r1l12"
                         BASELINE="717"
                         HEIGHT="55"
                         WIDTH="1485"
                         VPOS="662"
                         HPOS="131">
                  <String HEIGHT="55"
                          WIDTH="173"
                          VPOS="662"
                          HPOS="117"
                          CONTENT="singulis"/>
                  <SP HEIGHT="55" WIDTH="14" VPOS="662" HPOS="290"/>
                  <String HEIGHT="55"
                          WIDTH="187"
                          VPOS="662"
                          HPOS="246"
                          CONTENT="generibus"/>
                  <SP HEIGHT="55" WIDTH="14" VPOS="662" HPOS="434"/>
                  <String HEIGHT="55"
                          WIDTH="187"
                          VPOS="662"
                          HPOS="391"
                          CONTENT="quandoque"/>
                  <SP HEIGHT="55" WIDTH="14" VPOS="662" HPOS="578"/>
                  <String HEIGHT="55"
                          WIDTH="115"
                          VPOS="662"
                          HPOS="535"
                          CONTENT="sunt"/>
                  <SP HEIGHT="55" WIDTH="14" VPOS="662" HPOS="650"/>
                  <String HEIGHT="55"
                          WIDTH="173"
                          VPOS="662"
                          HPOS="607"
                          CONTENT="secundum"/>
                  <SP HEIGHT="55" WIDTH="14" VPOS="662" HPOS="780"/>
                  <String HEIGHT="55"
                          WIDTH="115"
                          VPOS="662"
                          HPOS="737"
                          CONTENT="rem,"/>
                  <SP HEIGHT="55" WIDTH="14" VPOS="662" HPOS="852"/>
                  <String HEIGHT="55"
                          WIDTH="187"
                          VPOS="662"
                          HPOS="809"
                          CONTENT="quandoque"/>
                  <SP HEIGHT="55" WIDTH="14" VPOS="662" HPOS="996"/>
                  <String HEIGHT="55"
                          WIDTH="173"
                          VPOS="662"
                          HPOS="953"
                          CONTENT="secundum"/>
                  <SP HEIGHT="55" WIDTH="14" VPOS="662" HPOS="1126"/>
                  <String HEIGHT="55"
                          WIDTH="187"
                          VPOS="662"
                          HPOS="1083"
                          CONTENT="rationem,"/>
                  <SP HEIGHT="55" WIDTH="14" VPOS="662" HPOS="1270"/>
                  <String HEIGHT="55" WIDTH="87" VPOS="662" HPOS="1227" CONTENT="vt"/>
                  <SP HEIGHT="55" WIDTH="14" VPOS="662" HPOS="1313"/>
                  <String HEIGHT="55"
                          WIDTH="216"
                          VPOS="662"
                          HPOS="1270"
                          CONTENT="specialiter"/>
                  <SP HEIGHT="55" WIDTH="14" VPOS="662" HPOS="1486"/>
                  <String HEIGHT="55"
                          WIDTH="159"
                          VPOS="662"
                          HPOS="1443"
                          CONTENT="patebit"/>
                  <SP HEIGHT="55" WIDTH="14" VPOS="662" HPOS="1602"/>
                  <String HEIGHT="55" WIDTH="87" VPOS="662" HPOS="1558" CONTENT="in"/>
                  <SP HEIGHT="55" WIDTH="14" VPOS="662" HPOS="1645"/>
                  <String HEIGHT="55" WIDTH="29" VPOS="662" HPOS="1587" CONTENT=""/>
               </TextLine>
               <TextLine ID="r1l13"
                         BASELINE="753"
                         HEIGHT="47"
                         WIDTH="1491"
                         VPOS="706"
                         HPOS="131">
                  <String HEIGHT="47"
                          WIDTH="148"
                          VPOS="706"
                          HPOS="116"
                          CONTENT="ferius"/>
                  <SP HEIGHT="47" WIDTH="15" VPOS="706" HPOS="264"/>
                  <String HEIGHT="47" WIDTH="89" VPOS="706" HPOS="220" CONTENT="de"/>
                  <SP HEIGHT="47" WIDTH="15" VPOS="706" HPOS="308"/>
                  <String HEIGHT="47"
                          WIDTH="236"
                          VPOS="706"
                          HPOS="264"
                          CONTENT="relationibus"/>
                  <SP HEIGHT="47" WIDTH="15" VPOS="706" HPOS="500"/>
                  <String HEIGHT="47"
                          WIDTH="221"
                          VPOS="706"
                          HPOS="456"
                          CONTENT="communibus:"/>
                  <SP HEIGHT="47" WIDTH="15" VPOS="706" HPOS="677"/>
                  <String HEIGHT="47" WIDTH="103" VPOS="706" HPOS="633" CONTENT="sed"/>
                  <SP HEIGHT="47" WIDTH="15" VPOS="706" HPOS="736"/>
                  <String HEIGHT="47"
                          WIDTH="221"
                          VPOS="706"
                          HPOS="692"
                          CONTENT="specialiter"/>
                  <SP HEIGHT="47" WIDTH="15" VPOS="706" HPOS="913"/>
                  <String HEIGHT="47" WIDTH="89" VPOS="706" HPOS="869" CONTENT="in"/>
                  <SP HEIGHT="47" WIDTH="15" VPOS="706" HPOS="958"/>
                  <String HEIGHT="47"
                          WIDTH="177"
                          VPOS="706"
                          HPOS="913"
                          CONTENT="diuinis,"/>
                  <SP HEIGHT="47" WIDTH="15" VPOS="706" HPOS="1091"/>
                  <String HEIGHT="47" WIDTH="89" VPOS="706" HPOS="1046" CONTENT="de"/>
                  <SP HEIGHT="47" WIDTH="15" VPOS="706" HPOS="1135"/>
                  <String HEIGHT="47"
                          WIDTH="148"
                          VPOS="706"
                          HPOS="1091"
                          CONTENT="quibus"/>
                  <SP HEIGHT="47" WIDTH="15" VPOS="706" HPOS="1238"/>
                  <String HEIGHT="47" WIDTH="89" VPOS="706" HPOS="1194" CONTENT="ad"/>
                  <SP HEIGHT="47" WIDTH="15" VPOS="706" HPOS="1282"/>
                  <String HEIGHT="47"
                          WIDTH="177"
                          VPOS="706"
                          HPOS="1238"
                          CONTENT="praesens"/>
                  <SP HEIGHT="47" WIDTH="15" VPOS="706" HPOS="1415"/>
                  <String HEIGHT="47"
                          WIDTH="192"
                          VPOS="706"
                          HPOS="1371"
                          CONTENT="solummodo"/>
                  <SP HEIGHT="47" WIDTH="15" VPOS="706" HPOS="1563"/>
                  <String HEIGHT="47"
                          WIDTH="118"
                          VPOS="706"
                          HPOS="1504"
                          CONTENT="inten"
                          SUBS_TYPE="HypPart1"
                          SUBS_CONTENT="intendimus:"/>
                  <HYP CONTENT="-"/>
               </TextLine>
               <TextLine ID="r1l14"
                         BASELINE="818"
                         HEIGHT="69"
                         WIDTH="1485"
                         VPOS="749"
                         HPOS="134">
                  <String HEIGHT="69"
                          WIDTH="147"
                          VPOS="749"
                          HPOS="119"
                          CONTENT="dimus:"
                          SUBS_TYPE="HypPart2"
                          SUBS_CONTENT="intendimus:"/>
                  <SP HEIGHT="69" WIDTH="15" VPOS="749" HPOS="266"/>
                  <String HEIGHT="69"
                          WIDTH="118"
                          VPOS="749"
                          HPOS="222"
                          CONTENT="ideo"/>
                  <SP HEIGHT="69" WIDTH="15" VPOS="749" HPOS="340"/>
                  <String HEIGHT="69"
                          WIDTH="206"
                          VPOS="749"
                          HPOS="296"
                          CONTENT="relationes"/>
                  <SP HEIGHT="69" WIDTH="15" VPOS="749" HPOS="502"/>
                  <String HEIGHT="69"
                          WIDTH="176"
                          VPOS="749"
                          HPOS="457"
                          CONTENT="communes"/>
                  <SP HEIGHT="69" WIDTH="15" VPOS="749" HPOS="634"/>
                  <String HEIGHT="69" WIDTH="88" VPOS="749" HPOS="590" CONTENT="ab"/>
                  <SP HEIGHT="69" WIDTH="15" VPOS="749" HPOS="678"/>
                  <String HEIGHT="69"
                          WIDTH="132"
                          VPOS="749"
                          HPOS="634"
                          CONTENT="aliis"/>
                  <SP HEIGHT="69" WIDTH="15" VPOS="749" HPOS="766"/>
                  <String HEIGHT="69"
                          WIDTH="191"
                          VPOS="749"
                          HPOS="722"
                          CONTENT="differunt"/>
                  <SP HEIGHT="69" WIDTH="15" VPOS="749" HPOS="913"/>
                  <String HEIGHT="69"
                          WIDTH="191"
                          VPOS="749"
                          HPOS="869"
                          CONTENT="quandoque"/>
                  <SP HEIGHT="69" WIDTH="15" VPOS="749" HPOS="1060"/>
                  <String HEIGHT="69"
                          WIDTH="176"
                          VPOS="749"
                          HPOS="1016"
                          CONTENT="secundum"/>
                  <SP HEIGHT="69" WIDTH="15" VPOS="749" HPOS="1193"/>
                  <String HEIGHT="69"
                          WIDTH="118"
                          VPOS="749"
                          HPOS="1149"
                          CONTENT="rem,"/>
                  <SP HEIGHT="69" WIDTH="15" VPOS="749" HPOS="1266"/>
                  <String HEIGHT="69"
                          WIDTH="191"
                          VPOS="749"
                          HPOS="1222"
                          CONTENT="quandoque"/>
                  <SP HEIGHT="69" WIDTH="15" VPOS="749" HPOS="1413"/>
                  <String HEIGHT="69"
                          WIDTH="176"
                          VPOS="749"
                          HPOS="1369"
                          CONTENT="secundum"/>
                  <SP HEIGHT="69" WIDTH="15" VPOS="749" HPOS="1545"/>
                  <String HEIGHT="69"
                          WIDTH="147"
                          VPOS="749"
                          HPOS="1501"
                          CONTENT="ratio-"/>
                  <SP HEIGHT="69" WIDTH="15" VPOS="749" HPOS="1648"/>
                  <String HEIGHT="69" WIDTH="29" VPOS="749" HPOS="1590" CONTENT=""/>
               </TextLine>
               <TextLine ID="r1l15"
                         BASELINE="847"
                         HEIGHT="50"
                         WIDTH="1363"
                         VPOS="797"
                         HPOS="141">
                  <String HEIGHT="50" WIDTH="100" VPOS="797" HPOS="127" CONTENT="nem"/>
                  <SP HEIGHT="50" WIDTH="14" VPOS="797" HPOS="227"/>
                  <String HEIGHT="50"
                          WIDTH="158"
                          VPOS="797"
                          HPOS="184"
                          CONTENT="tantum,"/>
                  <SP HEIGHT="50" WIDTH="14" VPOS="797" HPOS="342"/>
                  <String HEIGHT="50"
                          WIDTH="187"
                          VPOS="797"
                          HPOS="299"
                          CONTENT="quandoque"/>
                  <SP HEIGHT="50" WIDTH="14" VPOS="797" HPOS="485"/>
                  <String HEIGHT="50"
                          WIDTH="115"
                          VPOS="797"
                          HPOS="442"
                          CONTENT="vero"/>
                  <SP HEIGHT="50" WIDTH="14" VPOS="797" HPOS="557"/>
                  <String HEIGHT="50"
                          WIDTH="158"
                          VPOS="797"
                          HPOS="514"
                          CONTENT="mixtim."/>
                  <SP HEIGHT="50" WIDTH="14" VPOS="797" HPOS="672"/>
                  <String HEIGHT="50"
                          WIDTH="158"
                          VPOS="797"
                          HPOS="629"
                          CONTENT="Idcirco"/>
                  <SP HEIGHT="50" WIDTH="14" VPOS="797" HPOS="787"/>
                  <String HEIGHT="50"
                          WIDTH="115"
                          VPOS="797"
                          HPOS="744"
                          CONTENT="ergo"/>
                  <SP HEIGHT="50" WIDTH="14" VPOS="797" HPOS="858"/>
                  <String HEIGHT="50"
                          WIDTH="201"
                          VPOS="797"
                          HPOS="815"
                          CONTENT="rationibus"/>
                  <SP HEIGHT="50" WIDTH="14" VPOS="797" HPOS="1016"/>
                  <String HEIGHT="50" WIDTH="86" VPOS="797" HPOS="973" CONTENT="ad"/>
                  <SP HEIGHT="50" WIDTH="14" VPOS="797" HPOS="1059"/>
                  <String HEIGHT="50"
                          WIDTH="172"
                          VPOS="797"
                          HPOS="1016"
                          CONTENT="vtramque"/>
                  <SP HEIGHT="50" WIDTH="14" VPOS="797" HPOS="1188"/>
                  <String HEIGHT="50"
                          WIDTH="143"
                          VPOS="797"
                          HPOS="1145"
                          CONTENT="partem"/>
                  <SP HEIGHT="50" WIDTH="14" VPOS="797" HPOS="1289"/>
                  <String HEIGHT="50"
                          WIDTH="230"
                          VPOS="797"
                          HPOS="1246"
                          CONTENT="respondendum"/>
                  <SP HEIGHT="50" WIDTH="14" VPOS="797" HPOS="1475"/>
                  <String HEIGHT="50"
                          WIDTH="86"
                          VPOS="797"
                          HPOS="1418"
                          CONTENT="est."/>
               </TextLine>
               <TextLine ID="r1l16"
                         BASELINE="905"
                         HEIGHT="65"
                         WIDTH="1465"
                         VPOS="840"
                         HPOS="144">
                  <String HEIGHT="65" WIDTH="92" VPOS="840" HPOS="126" CONTENT=""/>
                  <SP HEIGHT="65" WIDTH="18" VPOS="840" HPOS="217"/>
                  <String HEIGHT="65"
                          WIDTH="147"
                          VPOS="840"
                          HPOS="162"
                          CONTENT="Quod"/>
                  <SP HEIGHT="65" WIDTH="18" VPOS="840" HPOS="309"/>
                  <String HEIGHT="65"
                          WIDTH="147"
                          VPOS="840"
                          HPOS="254"
                          CONTENT="ergo"/>
                  <SP HEIGHT="65" WIDTH="18" VPOS="840" HPOS="400"/>
                  <String HEIGHT="65"
                          WIDTH="220"
                          VPOS="840"
                          HPOS="345"
                          CONTENT="arguitur"/>
                  <SP HEIGHT="65" WIDTH="18" VPOS="840" HPOS="565"/>
                  <String HEIGHT="65"
                          WIDTH="183"
                          VPOS="840"
                          HPOS="510"
                          CONTENT="primo,"/>
                  <SP HEIGHT="65" WIDTH="18" VPOS="840" HPOS="693"/>
                  <String HEIGHT="65"
                          WIDTH="147"
                          VPOS="840"
                          HPOS="638"
                          CONTENT="quod"/>
                  <SP HEIGHT="65" WIDTH="18" VPOS="840" HPOS="785"/>
                  <String HEIGHT="65"
                          WIDTH="256"
                          VPOS="840"
                          HPOS="730"
                          CONTENT="relationes"/>
                  <SP HEIGHT="65" WIDTH="18" VPOS="840" HPOS="986"/>
                  <String HEIGHT="65"
                          WIDTH="220"
                          VPOS="840"
                          HPOS="931"
                          CONTENT="communes"/>
                  <SP HEIGHT="65" WIDTH="18" VPOS="840" HPOS="1151"/>
                  <String HEIGHT="65"
                          WIDTH="128"
                          VPOS="840"
                          HPOS="1096"
                          CONTENT="non"/>
                  <SP HEIGHT="65" WIDTH="18" VPOS="840" HPOS="1224"/>
                  <String HEIGHT="65"
                          WIDTH="238"
                          VPOS="840"
                          HPOS="1170"
                          CONTENT="differunt"/>
                  <SP HEIGHT="65" WIDTH="18" VPOS="840" HPOS="1408"/>
                  <String HEIGHT="65"
                          WIDTH="220"
                          VPOS="840"
                          HPOS="1353"
                          CONTENT="secundum"/>
                  <SP HEIGHT="65" WIDTH="18" VPOS="840" HPOS="1572"/>
                  <String HEIGHT="65"
                          WIDTH="110"
                          VPOS="840"
                          HPOS="1499"
                          CONTENT="rem."/>
               </TextLine>
               <TextLine ID="r1l17"
                         BASELINE="945"
                         HEIGHT="50"
                         WIDTH="1474"
                         VPOS="895"
                         HPOS="140">
                  <String HEIGHT="50" WIDTH="103" VPOS="895" HPOS="125" CONTENT="sed"/>
                  <SP HEIGHT="50" WIDTH="15" VPOS="895" HPOS="228"/>
                  <String HEIGHT="50"
                          WIDTH="133"
                          VPOS="895"
                          HPOS="184"
                          CONTENT="solum"/>
                  <SP HEIGHT="50" WIDTH="15" VPOS="895" HPOS="317"/>
                  <String HEIGHT="50"
                          WIDTH="177"
                          VPOS="895"
                          HPOS="273"
                          CONTENT="secundum"/>
                  <SP HEIGHT="50" WIDTH="15" VPOS="895" HPOS="450"/>
                  <String HEIGHT="50"
                          WIDTH="177"
                          VPOS="895"
                          HPOS="405"
                          CONTENT="rationem"/>
                  <SP HEIGHT="50" WIDTH="15" VPOS="895" HPOS="582"/>
                  <String HEIGHT="50" WIDTH="88" VPOS="895" HPOS="538" CONTENT="ab"/>
                  <SP HEIGHT="50" WIDTH="15" VPOS="895" HPOS="626"/>
                  <String HEIGHT="50"
                          WIDTH="133"
                          VPOS="895"
                          HPOS="582"
                          CONTENT="illis"/>
                  <SP HEIGHT="50" WIDTH="15" VPOS="895" HPOS="715"/>
                  <String HEIGHT="50"
                          WIDTH="118"
                          VPOS="895"
                          HPOS="671"
                          CONTENT="quae"/>
                  <SP HEIGHT="50" WIDTH="15" VPOS="895" HPOS="789"/>
                  <String HEIGHT="50"
                          WIDTH="118"
                          VPOS="895"
                          HPOS="744"
                          CONTENT="sunt"/>
                  <SP HEIGHT="50" WIDTH="15" VPOS="895" HPOS="862"/>
                  <String HEIGHT="50" WIDTH="88" VPOS="895" HPOS="818" CONTENT="in"/>
                  <SP HEIGHT="50" WIDTH="15" VPOS="895" HPOS="906"/>
                  <String HEIGHT="50"
                          WIDTH="206"
                          VPOS="895"
                          HPOS="862"
                          CONTENT="potentiis,"/>
                  <SP HEIGHT="50" WIDTH="15" VPOS="895" HPOS="1069"/>
                  <String HEIGHT="50"
                          WIDTH="118"
                          VPOS="895"
                          HPOS="1024"
                          CONTENT="quia"/>
                  <SP HEIGHT="50" WIDTH="15" VPOS="895" HPOS="1142"/>
                  <String HEIGHT="50"
                          WIDTH="118"
                          VPOS="895"
                          HPOS="1098"
                          CONTENT="sunt"/>
                  <SP HEIGHT="50" WIDTH="15" VPOS="895" HPOS="1216"/>
                  <String HEIGHT="50"
                          WIDTH="133"
                          VPOS="895"
                          HPOS="1172"
                          CONTENT="inter"/>
                  <SP HEIGHT="50" WIDTH="15" VPOS="895" HPOS="1304"/>
                  <String HEIGHT="50"
                          WIDTH="133"
                          VPOS="895"
                          HPOS="1260"
                          CONTENT="eadem"/>
                  <SP HEIGHT="50" WIDTH="15" VPOS="895" HPOS="1393"/>
                  <String HEIGHT="50"
                          WIDTH="177"
                          VPOS="895"
                          HPOS="1349"
                          CONTENT="respectu"/>
                  <SP HEIGHT="50" WIDTH="15" VPOS="895" HPOS="1526"/>
                  <String HEIGHT="50"
                          WIDTH="147"
                          VPOS="895"
                          HPOS="1467"
                          CONTENT="eiusdem:"/>
               </TextLine>
               <TextLine ID="r1l18"
                         BASELINE="996"
                         HEIGHT="56"
                         WIDTH="1481"
                         VPOS="940"
                         HPOS="139">
                  <String HEIGHT="56"
                          WIDTH="116"
                          VPOS="940"
                          HPOS="124"
                          CONTENT="Dico"/>
                  <SP HEIGHT="56" WIDTH="15" VPOS="940" HPOS="241"/>
                  <String HEIGHT="56"
                          WIDTH="116"
                          VPOS="940"
                          HPOS="197"
                          CONTENT="quod"/>
                  <SP HEIGHT="56" WIDTH="15" VPOS="940" HPOS="313"/>
                  <String HEIGHT="56"
                          WIDTH="131"
                          VPOS="940"
                          HPOS="270"
                          CONTENT="ratio"/>
                  <SP HEIGHT="56" WIDTH="15" VPOS="940" HPOS="400"/>
                  <String HEIGHT="56"
                          WIDTH="116"
                          VPOS="940"
                          HPOS="357"
                          CONTENT="ista"/>
                  <SP HEIGHT="56" WIDTH="15" VPOS="940" HPOS="473"/>
                  <String HEIGHT="56" WIDTH="102" VPOS="940" HPOS="429" CONTENT="non"/>
                  <SP HEIGHT="56" WIDTH="15" VPOS="940" HPOS="531"/>
                  <String HEIGHT="56"
                          WIDTH="145"
                          VPOS="940"
                          HPOS="487"
                          CONTENT="arguit"/>
                  <SP HEIGHT="56" WIDTH="15" VPOS="940" HPOS="633"/>
                  <String HEIGHT="56"
                          WIDTH="116"
                          VPOS="940"
                          HPOS="589"
                          CONTENT="nisi"/>
                  <SP HEIGHT="56" WIDTH="15" VPOS="940" HPOS="705"/>
                  <String HEIGHT="56" WIDTH="87" VPOS="940" HPOS="662" CONTENT="in"/>
                  <SP HEIGHT="56" WIDTH="15" VPOS="940" HPOS="749"/>
                  <String HEIGHT="56"
                          WIDTH="116"
                          VPOS="940"
                          HPOS="705"
                          CONTENT="casu"/>
                  <SP HEIGHT="56" WIDTH="15" VPOS="940" HPOS="821"/>
                  <String HEIGHT="56" WIDTH="102" VPOS="940" HPOS="778" CONTENT="quo"/>
                  <SP HEIGHT="56" WIDTH="15" VPOS="940" HPOS="880"/>
                  <String HEIGHT="56"
                          WIDTH="203"
                          VPOS="940"
                          HPOS="836"
                          CONTENT="relationes"/>
                  <SP HEIGHT="56" WIDTH="15" VPOS="940" HPOS="1039"/>
                  <String HEIGHT="56"
                          WIDTH="174"
                          VPOS="940"
                          HPOS="996"
                          CONTENT="communes"/>
                  <SP HEIGHT="56" WIDTH="15" VPOS="940" HPOS="1170"/>
                  <String HEIGHT="56"
                          WIDTH="131"
                          VPOS="940"
                          HPOS="1126"
                          CONTENT="inter"/>
                  <SP HEIGHT="56" WIDTH="15" VPOS="940" HPOS="1257"/>
                  <String HEIGHT="56"
                          WIDTH="131"
                          VPOS="940"
                          HPOS="1213"
                          CONTENT="eadem"/>
                  <SP HEIGHT="56" WIDTH="15" VPOS="940" HPOS="1344"/>
                  <String HEIGHT="56"
                          WIDTH="145"
                          VPOS="940"
                          HPOS="1301"
                          CONTENT="relata"/>
                  <SP HEIGHT="56" WIDTH="15" VPOS="940" HPOS="1446"/>
                  <String HEIGHT="56"
                          WIDTH="203"
                          VPOS="940"
                          HPOS="1402"
                          CONTENT="concurrunt"/>
                  <SP HEIGHT="56" WIDTH="15" VPOS="940" HPOS="1605"/>
                  <String HEIGHT="56" WIDTH="73" VPOS="940" HPOS="1547" CONTENT="cum"/>
               </TextLine>
               <TextLine ID="r1l19"
                         BASELINE="1047"
                         HEIGHT="59"
                         WIDTH="1471"
                         VPOS="988"
                         HPOS="134">
                  <String HEIGHT="59"
                          WIDTH="137"
                          VPOS="988"
                          HPOS="120"
                          CONTENT="aliis."/>
                  <SP HEIGHT="59" WIDTH="14" VPOS="988" HPOS="258"/>
                  <String HEIGHT="59" WIDTH="82" VPOS="988" HPOS="216" CONTENT="Et"/>
                  <SP HEIGHT="59" WIDTH="14" VPOS="988" HPOS="299"/>
                  <String HEIGHT="59"
                          WIDTH="137"
                          VPOS="988"
                          HPOS="258"
                          CONTENT="dicunt"/>
                  <SP HEIGHT="59" WIDTH="14" VPOS="988" HPOS="395"/>
                  <String HEIGHT="59"
                          WIDTH="137"
                          VPOS="988"
                          HPOS="354"
                          CONTENT="aliqui"/>
                  <SP HEIGHT="59" WIDTH="14" VPOS="988" HPOS="491"/>
                  <String HEIGHT="59"
                          WIDTH="110"
                          VPOS="988"
                          HPOS="450"
                          CONTENT="quod"/>
                  <SP HEIGHT="59" WIDTH="14" VPOS="988" HPOS="560"/>
                  <String HEIGHT="59" WIDTH="82" VPOS="988" HPOS="519" CONTENT="in"/>
                  <SP HEIGHT="59" WIDTH="14" VPOS="988" HPOS="601"/>
                  <String HEIGHT="59"
                          WIDTH="110"
                          VPOS="988"
                          HPOS="560"
                          CONTENT="isto"/>
                  <SP HEIGHT="59" WIDTH="14" VPOS="988" HPOS="670"/>
                  <String HEIGHT="59"
                          WIDTH="110"
                          VPOS="988"
                          HPOS="629"
                          CONTENT="casu"/>
                  <SP HEIGHT="59" WIDTH="14" VPOS="988" HPOS="739"/>
                  <String HEIGHT="59" WIDTH="96" VPOS="988" HPOS="698" CONTENT="non"/>
                  <SP HEIGHT="59" WIDTH="14" VPOS="988" HPOS="794"/>
                  <String HEIGHT="59"
                          WIDTH="234"
                          VPOS="988"
                          HPOS="753"
                          CONTENT="distinguuntur"/>
                  <SP HEIGHT="59" WIDTH="14" VPOS="988" HPOS="986"/>
                  <String HEIGHT="59"
                          WIDTH="110"
                          VPOS="988"
                          HPOS="945"
                          CONTENT="nisi"/>
                  <SP HEIGHT="59" WIDTH="14" VPOS="988" HPOS="1055"/>
                  <String HEIGHT="59"
                          WIDTH="165"
                          VPOS="988"
                          HPOS="1014"
                          CONTENT="secundum"/>
                  <SP HEIGHT="59" WIDTH="14" VPOS="988" HPOS="1179"/>
                  <String HEIGHT="59"
                          WIDTH="165"
                          VPOS="988"
                          HPOS="1138"
                          CONTENT="rationem"/>
                  <SP HEIGHT="59" WIDTH="14" VPOS="988" HPOS="1303"/>
                  <String HEIGHT="59"
                          WIDTH="151"
                          VPOS="988"
                          HPOS="1261"
                          CONTENT="tantum."/>
                  <SP HEIGHT="59" WIDTH="14" VPOS="988" HPOS="1413"/>
                  <String HEIGHT="59"
                          WIDTH="137"
                          VPOS="988"
                          HPOS="1371"
                          CONTENT="Dicunt"/>
                  <SP HEIGHT="59" WIDTH="14" VPOS="988" HPOS="1509"/>
                  <String HEIGHT="59"
                          WIDTH="110"
                          VPOS="988"
                          HPOS="1468"
                          CONTENT="enim"/>
                  <SP HEIGHT="59" WIDTH="14" VPOS="988" HPOS="1578"/>
                  <String HEIGHT="59"
                          WIDTH="82"
                          VPOS="988"
                          HPOS="1523"
                          CONTENT="gene"/>
               </TextLine>
               <TextLine ID="r1l20"
                         BASELINE="1083"
                         HEIGHT="54"
                         WIDTH="1487"
                         VPOS="1029"
                         HPOS="127">
                  <String HEIGHT="54"
                          WIDTH="165"
                          VPOS="1029"
                          HPOS="112"
                          CONTENT="raliter"/>
                  <SP HEIGHT="54" WIDTH="15" VPOS="1029" HPOS="277"/>
                  <String HEIGHT="54"
                          WIDTH="120"
                          VPOS="1029"
                          HPOS="232"
                          CONTENT="quod"/>
                  <SP HEIGHT="54" WIDTH="15" VPOS="1029" HPOS="352"/>
                  <String HEIGHT="54"
                          WIDTH="240"
                          VPOS="1029"
                          HPOS="307"
                          CONTENT="quandocumque"/>
                  <SP HEIGHT="54" WIDTH="15" VPOS="1029" HPOS="548"/>
                  <String HEIGHT="54"
                          WIDTH="135"
                          VPOS="1029"
                          HPOS="503"
                          CONTENT="inter"/>
                  <SP HEIGHT="54" WIDTH="15" VPOS="1029" HPOS="638"/>
                  <String HEIGHT="54"
                          WIDTH="135"
                          VPOS="1029"
                          HPOS="593"
                          CONTENT="eadem"/>
                  <SP HEIGHT="54" WIDTH="15" VPOS="1029" HPOS="728"/>
                  <String HEIGHT="54"
                          WIDTH="150"
                          VPOS="1029"
                          HPOS="683"
                          CONTENT="relata"/>
                  <SP HEIGHT="54" WIDTH="15" VPOS="1029" HPOS="833"/>
                  <String HEIGHT="54"
                          WIDTH="210"
                          VPOS="1029"
                          HPOS="788"
                          CONTENT="concurrunt"/>
                  <SP HEIGHT="54" WIDTH="15" VPOS="1029" HPOS="998"/>
                  <String HEIGHT="54"
                          WIDTH="165"
                          VPOS="1029"
                          HPOS="953"
                          CONTENT="diuersa"/>
                  <SP HEIGHT="54" WIDTH="15" VPOS="1029" HPOS="1118"/>
                  <String HEIGHT="54"
                          WIDTH="150"
                          VPOS="1029"
                          HPOS="1073"
                          CONTENT="genera"/>
                  <SP HEIGHT="54" WIDTH="15" VPOS="1029" HPOS="1223"/>
                  <String HEIGHT="54"
                          WIDTH="225"
                          VPOS="1029"
                          HPOS="1178"
                          CONTENT="relationum,"/>
                  <SP HEIGHT="54" WIDTH="15" VPOS="1029" HPOS="1404"/>
                  <String HEIGHT="54"
                          WIDTH="135"
                          VPOS="1029"
                          HPOS="1359"
                          CONTENT="omnes"/>
                  <SP HEIGHT="54" WIDTH="15" VPOS="1029" HPOS="1494"/>
                  <String HEIGHT="54"
                          WIDTH="180"
                          VPOS="1029"
                          HPOS="1434"
                          CONTENT="coincidunt"/>
               </TextLine>
               <TextLine ID="r1l21"
                         BASELINE="1130"
                         HEIGHT="53"
                         WIDTH="1492"
                         VPOS="1077"
                         HPOS="128">
                  <String HEIGHT="53" WIDTH="98" VPOS="1077" HPOS="112" CONTENT="in"/>
                  <SP HEIGHT="53" WIDTH="16" VPOS="1077" HPOS="210"/>
                  <String HEIGHT="53"
                          WIDTH="148"
                          VPOS="1077"
                          HPOS="161"
                          CONTENT="vnam,"/>
                  <SP HEIGHT="53" WIDTH="16" VPOS="1077" HPOS="308"/>
                  <String HEIGHT="53"
                          WIDTH="131"
                          VPOS="1077"
                          HPOS="259"
                          CONTENT="puta"/>
                  <SP HEIGHT="53" WIDTH="16" VPOS="1077" HPOS="390"/>
                  <String HEIGHT="53" WIDTH="98" VPOS="1077" HPOS="341" CONTENT="in"/>
                  <SP HEIGHT="53" WIDTH="16" VPOS="1077" HPOS="440"/>
                  <String HEIGHT="53"
                          WIDTH="262"
                          VPOS="1077"
                          HPOS="390"
                          CONTENT="relationibus"/>
                  <SP HEIGHT="53" WIDTH="16" VPOS="1077" HPOS="653"/>
                  <String HEIGHT="53"
                          WIDTH="197"
                          VPOS="1077"
                          HPOS="603"
                          CONTENT="secundum"/>
                  <SP HEIGHT="53" WIDTH="16" VPOS="1077" HPOS="800"/>
                  <String HEIGHT="53"
                          WIDTH="213"
                          VPOS="1077"
                          HPOS="751"
                          CONTENT="potentiam"/>
                  <SP HEIGHT="53" WIDTH="16" VPOS="1077" HPOS="964"/>
                  <String HEIGHT="53"
                          WIDTH="180"
                          VPOS="1077"
                          HPOS="915"
                          CONTENT="actiuam"/>
                  <SP HEIGHT="53" WIDTH="16" VPOS="1077" HPOS="1095"/>
                  <String HEIGHT="53" WIDTH="82" VPOS="1077" HPOS="1046" CONTENT="&amp;"/>
                  <SP HEIGHT="53" WIDTH="16" VPOS="1077" HPOS="1128"/>
                  <String HEIGHT="53"
                          WIDTH="213"
                          VPOS="1077"
                          HPOS="1079"
                          CONTENT="passiuam,"/>
                  <SP HEIGHT="53" WIDTH="16" VPOS="1077" HPOS="1292"/>
                  <String HEIGHT="53" WIDTH="82" VPOS="1077" HPOS="1243" CONTENT="&amp;"/>
                  <SP HEIGHT="53" WIDTH="16" VPOS="1077" HPOS="1325"/>
                  <String HEIGHT="53"
                          WIDTH="197"
                          VPOS="1077"
                          HPOS="1276"
                          CONTENT="secundum"/>
                  <SP HEIGHT="53" WIDTH="16" VPOS="1077" HPOS="1472"/>
                  <String HEIGHT="53"
                          WIDTH="213"
                          VPOS="1077"
                          HPOS="1423"
                          CONTENT="mensurans"/>
                  <SP HEIGHT="53" WIDTH="16" VPOS="1077" HPOS="1636"/>
                  <String HEIGHT="53" WIDTH="49" VPOS="1077" HPOS="1571" CONTENT="&amp;"/>
               </TextLine>
               <TextLine ID="r1l22"
                         BASELINE="1169"
                         HEIGHT="44"
                         WIDTH="1479"
                         VPOS="1125"
                         HPOS="132">
                  <String HEIGHT="44"
                          WIDTH="234"
                          VPOS="1125"
                          HPOS="116"
                          CONTENT="mensuratum:"/>
                  <SP HEIGHT="44" WIDTH="16" VPOS="1125" HPOS="350"/>
                  <String HEIGHT="44"
                          WIDTH="125"
                          VPOS="1125"
                          HPOS="303"
                          CONTENT="quae"/>
                  <SP HEIGHT="44" WIDTH="16" VPOS="1125" HPOS="428"/>
                  <String HEIGHT="44" WIDTH="93" VPOS="1125" HPOS="381" CONTENT="in"/>
                  <SP HEIGHT="44" WIDTH="16" VPOS="1125" HPOS="475"/>
                  <String HEIGHT="44"
                          WIDTH="125"
                          VPOS="1125"
                          HPOS="428"
                          CONTENT="esse"/>
                  <SP HEIGHT="44" WIDTH="16" VPOS="1125" HPOS="552"/>
                  <String HEIGHT="44"
                          WIDTH="218"
                          VPOS="1125"
                          HPOS="506"
                          CONTENT="coincidunt"/>
                  <SP HEIGHT="44" WIDTH="16" VPOS="1125" HPOS="724"/>
                  <String HEIGHT="44"
                          WIDTH="109"
                          VPOS="1125"
                          HPOS="677"
                          CONTENT="cum"/>
                  <SP HEIGHT="44" WIDTH="16" VPOS="1125" HPOS="786"/>
                  <String HEIGHT="44"
                          WIDTH="109"
                          VPOS="1125"
                          HPOS="739"
                          CONTENT="est"/>
                  <SP HEIGHT="44" WIDTH="16" VPOS="1125" HPOS="848"/>
                  <String HEIGHT="44"
                          WIDTH="171"
                          VPOS="1125"
                          HPOS="801"
                          CONTENT="relatio"/>
                  <SP HEIGHT="44" WIDTH="16" VPOS="1125" HPOS="973"/>
                  <String HEIGHT="44"
                          WIDTH="140"
                          VPOS="1125"
                          HPOS="926"
                          CONTENT="inter"/>
                  <SP HEIGHT="44" WIDTH="16" VPOS="1125" HPOS="1066"/>
                  <String HEIGHT="44"
                          WIDTH="125"
                          VPOS="1125"
                          HPOS="1019"
                          CONTENT="deum"/>
                  <SP HEIGHT="44" WIDTH="16" VPOS="1125" HPOS="1144"/>
                  <String HEIGHT="44" WIDTH="78" VPOS="1125" HPOS="1097" CONTENT="&amp;"/>
                  <SP HEIGHT="44" WIDTH="16" VPOS="1125" HPOS="1175"/>
                  <String HEIGHT="44"
                          WIDTH="218"
                          VPOS="1125"
                          HPOS="1128"
                          CONTENT="creaturam,"/>
                  <SP HEIGHT="44" WIDTH="16" VPOS="1125" HPOS="1346"/>
                  <String HEIGHT="44"
                          WIDTH="125"
                          VPOS="1125"
                          HPOS="1300"
                          CONTENT="quia"/>
                  <SP HEIGHT="44" WIDTH="16" VPOS="1125" HPOS="1424"/>
                  <String HEIGHT="44"
                          WIDTH="125"
                          VPOS="1125"
                          HPOS="1377"
                          CONTENT="deus"/>
                  <SP HEIGHT="44" WIDTH="16" VPOS="1125" HPOS="1502"/>
                  <String HEIGHT="44"
                          WIDTH="109"
                          VPOS="1125"
                          HPOS="1455"
                          CONTENT="est"/>
                  <SP HEIGHT="44" WIDTH="16" VPOS="1125" HPOS="1564"/>
                  <String HEIGHT="44"
                          WIDTH="109"
                          VPOS="1125"
                          HPOS="1502"
                          CONTENT="agens"/>
               </TextLine>
               <TextLine ID="r1l23"
                         BASELINE="1215"
                         HEIGHT="47"
                         WIDTH="1474"
                         VPOS="1168"
                         HPOS="134">
                  <String HEIGHT="47" WIDTH="74" VPOS="1168" HPOS="119" CONTENT="&amp;"/>
                  <SP HEIGHT="47" WIDTH="15" VPOS="1168" HPOS="193"/>
                  <String HEIGHT="47"
                          WIDTH="177"
                          VPOS="1168"
                          HPOS="149"
                          CONTENT="mensura,"/>
                  <SP HEIGHT="47" WIDTH="15" VPOS="1168" HPOS="326"/>
                  <String HEIGHT="47" WIDTH="74" VPOS="1168" HPOS="281" CONTENT="&amp;"/>
                  <SP HEIGHT="47" WIDTH="15" VPOS="1168" HPOS="355"/>
                  <String HEIGHT="47"
                          WIDTH="177"
                          VPOS="1168"
                          HPOS="311"
                          CONTENT="creatura"/>
                  <SP HEIGHT="47" WIDTH="15" VPOS="1168" HPOS="488"/>
                  <String HEIGHT="47"
                          WIDTH="103"
                          VPOS="1168"
                          HPOS="444"
                          CONTENT="est"/>
                  <SP HEIGHT="47" WIDTH="15" VPOS="1168" HPOS="547"/>
                  <String HEIGHT="47"
                          WIDTH="133"
                          VPOS="1168"
                          HPOS="503"
                          CONTENT="actum"/>
                  <SP HEIGHT="47" WIDTH="15" VPOS="1168" HPOS="635"/>
                  <String HEIGHT="47" WIDTH="74" VPOS="1168" HPOS="591" CONTENT="&amp;"/>
                  <SP HEIGHT="47" WIDTH="15" VPOS="1168" HPOS="665"/>
                  <String HEIGHT="47"
                          WIDTH="221"
                          VPOS="1168"
                          HPOS="620"
                          CONTENT="mensuratum:"/>
                  <SP HEIGHT="47" WIDTH="15" VPOS="1168" HPOS="842"/>
                  <String HEIGHT="47" WIDTH="88" VPOS="1168" HPOS="797" CONTENT="vt"/>
                  <SP HEIGHT="47" WIDTH="15" VPOS="1168" HPOS="886"/>
                  <String HEIGHT="47"
                          WIDTH="103"
                          VPOS="1168"
                          HPOS="842"
                          CONTENT="vna"/>
                  <SP HEIGHT="47" WIDTH="15" VPOS="1168" HPOS="945"/>
                  <String HEIGHT="47"
                          WIDTH="103"
                          VPOS="1168"
                          HPOS="900"
                          CONTENT="sit"/>
                  <SP HEIGHT="47" WIDTH="15" VPOS="1168" HPOS="1004"/>
                  <String HEIGHT="47"
                          WIDTH="162"
                          VPOS="1168"
                          HPOS="959"
                          CONTENT="relatio"/>
                  <SP HEIGHT="47" WIDTH="15" VPOS="1168" HPOS="1122"/>
                  <String HEIGHT="47"
                          WIDTH="103"
                          VPOS="1168"
                          HPOS="1077"
                          CONTENT="dei"/>
                  <SP HEIGHT="47" WIDTH="15" VPOS="1168" HPOS="1181"/>
                  <String HEIGHT="47" WIDTH="88" VPOS="1168" HPOS="1136" CONTENT="ad"/>
                  <SP HEIGHT="47" WIDTH="15" VPOS="1168" HPOS="1225"/>
                  <String HEIGHT="47"
                          WIDTH="192"
                          VPOS="1168"
                          HPOS="1181"
                          CONTENT="creaturam"/>
                  <SP HEIGHT="47" WIDTH="15" VPOS="1168" HPOS="1372"/>
                  <String HEIGHT="47"
                          WIDTH="192"
                          VPOS="1168"
                          HPOS="1328"
                          CONTENT="inquantum"/>
                  <SP HEIGHT="47" WIDTH="15" VPOS="1168" HPOS="1520"/>
                  <String HEIGHT="47"
                          WIDTH="118"
                          VPOS="1168"
                          HPOS="1475"
                          CONTENT="ipse"/>
                  <SP HEIGHT="47" WIDTH="15" VPOS="1168" HPOS="1593"/>
                  <String HEIGHT="47"
                          WIDTH="74"
                          VPOS="1168"
                          HPOS="1534"
                          CONTENT="est"/>
               </TextLine>
               <TextLine ID="r1l24"
                         BASELINE="1264"
                         HEIGHT="48"
                         WIDTH="1477"
                         VPOS="1216"
                         HPOS="128">
                  <String HEIGHT="48"
                          WIDTH="137"
                          VPOS="1216"
                          HPOS="113"
                          CONTENT="agens"/>
                  <SP HEIGHT="48" WIDTH="15" VPOS="1216" HPOS="250"/>
                  <String HEIGHT="48" WIDTH="76" VPOS="1216" HPOS="204" CONTENT="&amp;"/>
                  <SP HEIGHT="48" WIDTH="15" VPOS="1216" HPOS="280"/>
                  <String HEIGHT="48"
                          WIDTH="183"
                          VPOS="1216"
                          HPOS="235"
                          CONTENT="mensura,"/>
                  <SP HEIGHT="48" WIDTH="15" VPOS="1216" HPOS="417"/>
                  <String HEIGHT="48"
                          WIDTH="183"
                          VPOS="1216"
                          HPOS="372"
                          CONTENT="scilicet"/>
                  <SP HEIGHT="48" WIDTH="15" VPOS="1216" HPOS="554"/>
                  <String HEIGHT="48"
                          WIDTH="183"
                          VPOS="1216"
                          HPOS="509"
                          CONTENT="secundum"/>
                  <SP HEIGHT="48" WIDTH="15" VPOS="1216" HPOS="691"/>
                  <String HEIGHT="48"
                          WIDTH="198"
                          VPOS="1216"
                          HPOS="646"
                          CONTENT="rationem:"/>
                  <SP HEIGHT="48" WIDTH="15" VPOS="1216" HPOS="844"/>
                  <String HEIGHT="48"
                          WIDTH="107"
                          VPOS="1216"
                          HPOS="798"
                          CONTENT="vna"/>
                  <SP HEIGHT="48" WIDTH="15" VPOS="1216" HPOS="905"/>
                  <String HEIGHT="48"
                          WIDTH="198"
                          VPOS="1216"
                          HPOS="859"
                          CONTENT="creaturae"/>
                  <SP HEIGHT="48" WIDTH="15" VPOS="1216" HPOS="1057"/>
                  <String HEIGHT="48" WIDTH="91" VPOS="1216" HPOS="1011" CONTENT="ad"/>
                  <SP HEIGHT="48" WIDTH="15" VPOS="1216" HPOS="1103"/>
                  <String HEIGHT="48"
                          WIDTH="122"
                          VPOS="1216"
                          HPOS="1057"
                          CONTENT="deum"/>
                  <SP HEIGHT="48" WIDTH="15" VPOS="1216" HPOS="1179"/>
                  <String HEIGHT="48"
                          WIDTH="198"
                          VPOS="1216"
                          HPOS="1133"
                          CONTENT="inquantum"/>
                  <SP HEIGHT="48" WIDTH="15" VPOS="1216" HPOS="1331"/>
                  <String HEIGHT="48"
                          WIDTH="122"
                          VPOS="1216"
                          HPOS="1285"
                          CONTENT="ipsa"/>
                  <SP HEIGHT="48" WIDTH="15" VPOS="1216" HPOS="1407"/>
                  <String HEIGHT="48"
                          WIDTH="107"
                          VPOS="1216"
                          HPOS="1361"
                          CONTENT="est"/>
                  <SP HEIGHT="48" WIDTH="15" VPOS="1216" HPOS="1468"/>
                  <String HEIGHT="48"
                          WIDTH="137"
                          VPOS="1216"
                          HPOS="1422"
                          CONTENT="actum"/>
                  <SP HEIGHT="48" WIDTH="15" VPOS="1216" HPOS="1559"/>
                  <String HEIGHT="48" WIDTH="76" VPOS="1216" HPOS="1514" CONTENT="&amp;"/>
                  <SP HEIGHT="48" WIDTH="15" VPOS="1216" HPOS="1590"/>
                  <String HEIGHT="48"
                          WIDTH="76"
                          VPOS="1216"
                          HPOS="1529"
                          CONTENT="men"/>
               </TextLine>
               <TextLine ID="r1l25"
                         BASELINE="1314"
                         HEIGHT="56"
                         WIDTH="1482"
                         VPOS="1258"
                         HPOS="135">
                  <String HEIGHT="56"
                          WIDTH="174"
                          VPOS="1258"
                          HPOS="120"
                          CONTENT="suratum,"/>
                  <SP HEIGHT="56" WIDTH="15" VPOS="1258" HPOS="295"/>
                  <String HEIGHT="56"
                          WIDTH="174"
                          VPOS="1258"
                          HPOS="251"
                          CONTENT="scilicet"/>
                  <SP HEIGHT="56" WIDTH="15" VPOS="1258" HPOS="426"/>
                  <String HEIGHT="56"
                          WIDTH="174"
                          VPOS="1258"
                          HPOS="382"
                          CONTENT="secundum"/>
                  <SP HEIGHT="56" WIDTH="15" VPOS="1258" HPOS="556"/>
                  <String HEIGHT="56"
                          WIDTH="116"
                          VPOS="1258"
                          HPOS="513"
                          CONTENT="rem."/>
                  <SP HEIGHT="56" WIDTH="15" VPOS="1258" HPOS="629"/>
                  <String HEIGHT="56" WIDTH="87" VPOS="1258" HPOS="585" CONTENT="Et"/>
                  <SP HEIGHT="56" WIDTH="15" VPOS="1258" HPOS="673"/>
                  <String HEIGHT="56"
                          WIDTH="189"
                          VPOS="1258"
                          HPOS="629"
                          CONTENT="similiter"/>
                  <SP HEIGHT="56" WIDTH="15" VPOS="1258" HPOS="818"/>
                  <String HEIGHT="56" WIDTH="87" VPOS="1258" HPOS="774" CONTENT="in"/>
                  <SP HEIGHT="56" WIDTH="15" VPOS="1258" HPOS="861"/>
                  <String HEIGHT="56"
                          WIDTH="232"
                          VPOS="1258"
                          HPOS="818"
                          CONTENT="relationibus"/>
                  <SP HEIGHT="56" WIDTH="15" VPOS="1258" HPOS="1050"/>
                  <String HEIGHT="56"
                          WIDTH="218"
                          VPOS="1258"
                          HPOS="1007"
                          CONTENT="communibus,"/>
                  <SP HEIGHT="56" WIDTH="15" VPOS="1258" HPOS="1225"/>
                  <String HEIGHT="56"
                          WIDTH="116"
                          VPOS="1258"
                          HPOS="1181"
                          CONTENT="puta"/>
                  <SP HEIGHT="56" WIDTH="15" VPOS="1258" HPOS="1297"/>
                  <String HEIGHT="56"
                          WIDTH="218"
                          VPOS="1258"
                          HPOS="1254"
                          CONTENT="identitatis"/>
                  <SP HEIGHT="56" WIDTH="15" VPOS="1258" HPOS="1472"/>
                  <String HEIGHT="56"
                          WIDTH="203"
                          VPOS="1258"
                          HPOS="1414"
                          CONTENT="aequalitatis"/>
               </TextLine>
               <TextLine ID="r1l26"
                         BASELINE="1353"
                         HEIGHT="48"
                         WIDTH="1470"
                         VPOS="1305"
                         HPOS="135">
                  <String HEIGHT="48" WIDTH="99" VPOS="1305" HPOS="121" CONTENT="aut"/>
                  <SP HEIGHT="48" WIDTH="14" VPOS="1305" HPOS="220"/>
                  <String HEIGHT="48"
                          WIDTH="240"
                          VPOS="1305"
                          HPOS="177"
                          CONTENT="similitudinis"/>
                  <SP HEIGHT="48" WIDTH="14" VPOS="1305" HPOS="418"/>
                  <String HEIGHT="48"
                          WIDTH="127"
                          VPOS="1305"
                          HPOS="375"
                          CONTENT="inter"/>
                  <SP HEIGHT="48" WIDTH="14" VPOS="1305" HPOS="502"/>
                  <String HEIGHT="48"
                          WIDTH="155"
                          VPOS="1305"
                          HPOS="460"
                          CONTENT="diuinas"/>
                  <SP HEIGHT="48" WIDTH="14" VPOS="1305" HPOS="616"/>
                  <String HEIGHT="48"
                          WIDTH="184"
                          VPOS="1305"
                          HPOS="573"
                          CONTENT="personas,"/>
                  <SP HEIGHT="48" WIDTH="14" VPOS="1305" HPOS="757"/>
                  <String HEIGHT="48" WIDTH="85" VPOS="1305" HPOS="715" CONTENT="vt"/>
                  <SP HEIGHT="48" WIDTH="14" VPOS="1305" HPOS="799"/>
                  <String HEIGHT="48"
                          WIDTH="113"
                          VPOS="1305"
                          HPOS="757"
                          CONTENT="illa"/>
                  <SP HEIGHT="48" WIDTH="14" VPOS="1305" HPOS="870"/>
                  <String HEIGHT="48"
                          WIDTH="113"
                          VPOS="1305"
                          HPOS="828"
                          CONTENT="tria"/>
                  <SP HEIGHT="48" WIDTH="14" VPOS="1305" HPOS="941"/>
                  <String HEIGHT="48" WIDTH="99" VPOS="1305" HPOS="898" CONTENT="vna"/>
                  <SP HEIGHT="48" WIDTH="14" VPOS="1305" HPOS="997"/>
                  <String HEIGHT="48"
                          WIDTH="113"
                          VPOS="1305"
                          HPOS="955"
                          CONTENT="sint"/>
                  <SP HEIGHT="48" WIDTH="14" VPOS="1305" HPOS="1068"/>
                  <String HEIGHT="48"
                          WIDTH="155"
                          VPOS="1305"
                          HPOS="1025"
                          CONTENT="relatio"/>
                  <SP HEIGHT="48" WIDTH="14" VPOS="1305" HPOS="1181"/>
                  <String HEIGHT="48"
                          WIDTH="127"
                          VPOS="1305"
                          HPOS="1139"
                          CONTENT="inter"/>
                  <SP HEIGHT="48" WIDTH="14" VPOS="1305" HPOS="1266"/>
                  <String HEIGHT="48"
                          WIDTH="127"
                          VPOS="1305"
                          HPOS="1223"
                          CONTENT="illas"/>
                  <SP HEIGHT="48" WIDTH="14" VPOS="1305" HPOS="1351"/>
                  <String HEIGHT="48"
                          WIDTH="127"
                          VPOS="1305"
                          HPOS="1308"
                          CONTENT="etiam"/>
                  <SP HEIGHT="48" WIDTH="14" VPOS="1305" HPOS="1435"/>
                  <String HEIGHT="48"
                          WIDTH="170"
                          VPOS="1305"
                          HPOS="1393"
                          CONTENT="secundum"/>
                  <SP HEIGHT="48" WIDTH="14" VPOS="1305" HPOS="1563"/>
                  <String HEIGHT="48"
                          WIDTH="99"
                          VPOS="1305"
                          HPOS="1506"
                          CONTENT="ratio"/>
               </TextLine>
               <TextLine ID="r1l27"
                         BASELINE="1396"
                         HEIGHT="45"
                         WIDTH="1464"
                         VPOS="1351"
                         HPOS="134">
                  <String HEIGHT="45"
                          WIDTH="115"
                          VPOS="1351"
                          HPOS="120"
                          CONTENT="nem,"/>
                  <SP HEIGHT="45" WIDTH="14" VPOS="1351" HPOS="234"/>
                  <String HEIGHT="45"
                          WIDTH="172"
                          VPOS="1351"
                          HPOS="191"
                          CONTENT="scilicet"/>
                  <SP HEIGHT="45" WIDTH="14" VPOS="1351" HPOS="364"/>
                  <String HEIGHT="45"
                          WIDTH="201"
                          VPOS="1351"
                          HPOS="321"
                          CONTENT="identitas:"/>
                  <SP HEIGHT="45" WIDTH="14" VPOS="1351" HPOS="522"/>
                  <String HEIGHT="45" WIDTH="72" VPOS="1351" HPOS="478" CONTENT="&amp;"/>
                  <SP HEIGHT="45" WIDTH="14" VPOS="1351" HPOS="550"/>
                  <String HEIGHT="45"
                          WIDTH="187"
                          VPOS="1351"
                          HPOS="507"
                          CONTENT="transeunt"/>
                  <SP HEIGHT="45" WIDTH="14" VPOS="1351" HPOS="694"/>
                  <String HEIGHT="45"
                          WIDTH="201"
                          VPOS="1351"
                          HPOS="651"
                          CONTENT="aequalitas"/>
                  <SP HEIGHT="45" WIDTH="14" VPOS="1351" HPOS="852"/>
                  <String HEIGHT="45" WIDTH="72" VPOS="1351" HPOS="809" CONTENT="&amp;"/>
                  <SP HEIGHT="45" WIDTH="14" VPOS="1351" HPOS="880"/>
                  <String HEIGHT="45"
                          WIDTH="201"
                          VPOS="1351"
                          HPOS="837"
                          CONTENT="similitudo"/>
                  <SP HEIGHT="45" WIDTH="14" VPOS="1351" HPOS="1038"/>
                  <String HEIGHT="45" WIDTH="86" VPOS="1351" HPOS="995" CONTENT="in"/>
                  <SP HEIGHT="45" WIDTH="14" VPOS="1351" HPOS="1081"/>
                  <String HEIGHT="45"
                          WIDTH="230"
                          VPOS="1351"
                          HPOS="1038"
                          CONTENT="identitatem,"/>
                  <SP HEIGHT="45" WIDTH="14" VPOS="1351" HPOS="1268"/>
                  <String HEIGHT="45"
                          WIDTH="115"
                          VPOS="1351"
                          HPOS="1225"
                          CONTENT="quia"/>
                  <SP HEIGHT="45" WIDTH="14" VPOS="1351" HPOS="1340"/>
                  <String HEIGHT="45"
                          WIDTH="187"
                          VPOS="1351"
                          HPOS="1297"
                          CONTENT="quantitas"/>
                  <SP HEIGHT="45" WIDTH="14" VPOS="1351" HPOS="1483"/>
                  <String HEIGHT="45" WIDTH="72" VPOS="1351" HPOS="1440" CONTENT="&amp;"/>
                  <SP HEIGHT="45" WIDTH="14" VPOS="1351" HPOS="1512"/>
                  <String HEIGHT="45"
                          WIDTH="144"
                          VPOS="1351"
                          HPOS="1454"
                          CONTENT="qualitas"/>
               </TextLine>
               <TextLine ID="r1l28"
                         BASELINE="1443"
                         HEIGHT="50"
                         WIDTH="1466"
                         VPOS="1393"
                         HPOS="138">
                  <String HEIGHT="50" WIDTH="83" VPOS="1393" HPOS="124" CONTENT="in"/>
                  <SP HEIGHT="50" WIDTH="14" VPOS="1393" HPOS="207"/>
                  <String HEIGHT="50"
                          WIDTH="152"
                          VPOS="1393"
                          HPOS="166"
                          CONTENT="diuinis"/>
                  <SP HEIGHT="50" WIDTH="14" VPOS="1393" HPOS="318"/>
                  <String HEIGHT="50"
                          WIDTH="124"
                          VPOS="1393"
                          HPOS="276"
                          CONTENT="super"/>
                  <SP HEIGHT="50" WIDTH="14" VPOS="1393" HPOS="401"/>
                  <String HEIGHT="50"
                          WIDTH="111"
                          VPOS="1393"
                          HPOS="359"
                          CONTENT="quae"/>
                  <SP HEIGHT="50" WIDTH="14" VPOS="1393" HPOS="470"/>
                  <String HEIGHT="50"
                          WIDTH="166"
                          VPOS="1393"
                          HPOS="428"
                          CONTENT="fundatur"/>
                  <SP HEIGHT="50" WIDTH="14" VPOS="1393" HPOS="594"/>
                  <String HEIGHT="50"
                          WIDTH="194"
                          VPOS="1393"
                          HPOS="553"
                          CONTENT="aequalitas"/>
                  <SP HEIGHT="50" WIDTH="14" VPOS="1393" HPOS="747"/>
                  <String HEIGHT="50" WIDTH="69" VPOS="1393" HPOS="705" CONTENT="&amp;"/>
                  <SP HEIGHT="50" WIDTH="14" VPOS="1393" HPOS="774"/>
                  <String HEIGHT="50"
                          WIDTH="207"
                          VPOS="1393"
                          HPOS="733"
                          CONTENT="similitudo,"/>
                  <SP HEIGHT="50" WIDTH="14" VPOS="1393" HPOS="940"/>
                  <String HEIGHT="50"
                          WIDTH="180"
                          VPOS="1393"
                          HPOS="899"
                          CONTENT="transeunt"/>
                  <SP HEIGHT="50" WIDTH="14" VPOS="1393" HPOS="1078"/>
                  <String HEIGHT="50" WIDTH="83" VPOS="1393" HPOS="1037" CONTENT="in"/>
                  <SP HEIGHT="50" WIDTH="14" VPOS="1393" HPOS="1120"/>
                  <String HEIGHT="50"
                          WIDTH="221"
                          VPOS="1393"
                          HPOS="1078"
                          CONTENT="substantiam,"/>
                  <SP HEIGHT="50" WIDTH="14" VPOS="1393" HPOS="1300"/>
                  <String HEIGHT="50"
                          WIDTH="124"
                          VPOS="1393"
                          HPOS="1258"
                          CONTENT="super"/>
                  <SP HEIGHT="50" WIDTH="14" VPOS="1393" HPOS="1383"/>
                  <String HEIGHT="50"
                          WIDTH="111"
                          VPOS="1393"
                          HPOS="1341"
                          CONTENT="quam"/>
                  <SP HEIGHT="50" WIDTH="14" VPOS="1393" HPOS="1452"/>
                  <String HEIGHT="50"
                          WIDTH="166"
                          VPOS="1393"
                          HPOS="1410"
                          CONTENT="fundatur"/>
                  <SP HEIGHT="50" WIDTH="14" VPOS="1393" HPOS="1576"/>
                  <String HEIGHT="50"
                          WIDTH="83"
                          VPOS="1393"
                          HPOS="1521"
                          CONTENT="idem"/>
               </TextLine>
               <TextLine ID="r1l29"
                         BASELINE="1494"
                         HEIGHT="54"
                         WIDTH="1476"
                         VPOS="1440"
                         HPOS="133">
                  <String HEIGHT="54"
                          WIDTH="137"
                          VPOS="1440"
                          HPOS="119"
                          CONTENT="titas."/>
                  <SP HEIGHT="54" WIDTH="14" VPOS="1440" HPOS="256"/>
                  <String HEIGHT="54" WIDTH="82" VPOS="1440" HPOS="215" CONTENT="Vt"/>
                  <SP HEIGHT="54" WIDTH="14" VPOS="1440" HPOS="297"/>
                  <String HEIGHT="54"
                          WIDTH="109"
                          VPOS="1440"
                          HPOS="256"
                          CONTENT="ideo"/>
                  <SP HEIGHT="54" WIDTH="14" VPOS="1440" HPOS="365"/>
                  <String HEIGHT="54"
                          WIDTH="123"
                          VPOS="1440"
                          HPOS="324"
                          CONTENT="etiam"/>
                  <SP HEIGHT="54" WIDTH="14" VPOS="1440" HPOS="447"/>
                  <String HEIGHT="54" WIDTH="82" VPOS="1440" HPOS="406" CONTENT="in"/>
                  <SP HEIGHT="54" WIDTH="14" VPOS="1440" HPOS="488"/>
                  <String HEIGHT="54"
                          WIDTH="150"
                          VPOS="1440"
                          HPOS="447"
                          CONTENT="diuinis"/>
                  <SP HEIGHT="54" WIDTH="14" VPOS="1440" HPOS="598"/>
                  <String HEIGHT="54"
                          WIDTH="164"
                          VPOS="1440"
                          HPOS="557"
                          CONTENT="personae"/>
                  <SP HEIGHT="54" WIDTH="14" VPOS="1440" HPOS="721"/>
                  <String HEIGHT="54"
                          WIDTH="164"
                          VPOS="1440"
                          HPOS="680"
                          CONTENT="dicantur"/>
                  <SP HEIGHT="54" WIDTH="14" VPOS="1440" HPOS="844"/>
                  <String HEIGHT="54"
                          WIDTH="109"
                          VPOS="1440"
                          HPOS="803"
                          CONTENT="esse"/>
                  <SP HEIGHT="54" WIDTH="14" VPOS="1440" HPOS="912"/>
                  <String HEIGHT="54"
                          WIDTH="150"
                          VPOS="1440"
                          HPOS="871"
                          CONTENT="similes"/>
                  <SP HEIGHT="54" WIDTH="14" VPOS="1440" HPOS="1021"/>
                  <String HEIGHT="54" WIDTH="68" VPOS="1440" HPOS="980" CONTENT="&amp;"/>
                  <SP HEIGHT="54" WIDTH="14" VPOS="1440" HPOS="1049"/>
                  <String HEIGHT="54"
                          WIDTH="164"
                          VPOS="1440"
                          HPOS="1008"
                          CONTENT="aequales"/>
                  <SP HEIGHT="54" WIDTH="14" VPOS="1440" HPOS="1172"/>
                  <String HEIGHT="54"
                          WIDTH="164"
                          VPOS="1440"
                          HPOS="1131"
                          CONTENT="secundum"/>
                  <SP HEIGHT="54" WIDTH="14" VPOS="1440" HPOS="1295"/>
                  <String HEIGHT="54"
                          WIDTH="205"
                          VPOS="1440"
                          HPOS="1254"
                          CONTENT="substantiam"/>
                  <SP HEIGHT="54" WIDTH="14" VPOS="1440" HPOS="1459"/>
                  <String HEIGHT="54" WIDTH="82" VPOS="1440" HPOS="1418" CONTENT="ab"/>
                  <SP HEIGHT="54" WIDTH="14" VPOS="1440" HPOS="1500"/>
                  <String HEIGHT="54"
                          WIDTH="164"
                          VPOS="1440"
                          HPOS="1445"
                          CONTENT="Augustinus"/>
               </TextLine>
               <TextLine ID="r1l30"
                         BASELINE="1540"
                         HEIGHT="54"
                         WIDTH="1467"
                         VPOS="1486"
                         HPOS="141">
                  <String HEIGHT="54" WIDTH="83" VPOS="1486" HPOS="127" CONTENT="v."/>
                  <SP HEIGHT="54" WIDTH="14" VPOS="1486" HPOS="210"/>
                  <String HEIGHT="54" WIDTH="83" VPOS="1486" HPOS="169" CONTENT="de"/>
                  <SP HEIGHT="54" WIDTH="14" VPOS="1486" HPOS="252"/>
                  <String HEIGHT="54"
                          WIDTH="138"
                          VPOS="1486"
                          HPOS="210"
                          CONTENT="Trini."/>
                  <SP HEIGHT="54" WIDTH="14" VPOS="1486" HPOS="349"/>
                  <String HEIGHT="54"
                          WIDTH="111"
                          VPOS="1486"
                          HPOS="307"
                          CONTENT="cap."/>
                  <SP HEIGHT="54" WIDTH="14" VPOS="1486" HPOS="418"/>
                  <String HEIGHT="54" WIDTH="97" VPOS="1486" HPOS="376" CONTENT="vi."/>
                  <SP HEIGHT="54" WIDTH="14" VPOS="1486" HPOS="473"/>
                  <String HEIGHT="54" WIDTH="69" VPOS="1486" HPOS="432" CONTENT="&amp;"/>
                  <SP HEIGHT="54" WIDTH="14" VPOS="1486" HPOS="501"/>
                  <String HEIGHT="54"
                          WIDTH="166"
                          VPOS="1486"
                          HPOS="459"
                          CONTENT="Magister"/>
                  <SP HEIGHT="54" WIDTH="14" VPOS="1486" HPOS="625"/>
                  <String HEIGHT="54"
                          WIDTH="221"
                          VPOS="1486"
                          HPOS="584"
                          CONTENT="sententiarum"/>
                  <SP HEIGHT="54" WIDTH="14" VPOS="1486" HPOS="805"/>
                  <String HEIGHT="54"
                          WIDTH="125"
                          VPOS="1486"
                          HPOS="764"
                          CONTENT="dist."/>
                  <SP HEIGHT="54" WIDTH="14" VPOS="1486" HPOS="888"/>
                  <String HEIGHT="54"
                          WIDTH="125"
                          VPOS="1486"
                          HPOS="847"
                          CONTENT="xxxi."/>
                  <SP HEIGHT="54" WIDTH="14" VPOS="1486" HPOS="971"/>
                  <String HEIGHT="54"
                          WIDTH="125"
                          VPOS="1486"
                          HPOS="930"
                          CONTENT="dicit"/>
                  <SP HEIGHT="54" WIDTH="14" VPOS="1486" HPOS="1054"/>
                  <String HEIGHT="54"
                          WIDTH="221"
                          VPOS="1486"
                          HPOS="1013"
                          CONTENT="aequalitatem"/>
                  <SP HEIGHT="54" WIDTH="14" VPOS="1486" HPOS="1234"/>
                  <String HEIGHT="54"
                          WIDTH="111"
                          VPOS="1486"
                          HPOS="1193"
                          CONTENT="esse"/>
                  <SP HEIGHT="54" WIDTH="14" VPOS="1486" HPOS="1304"/>
                  <String HEIGHT="54"
                          WIDTH="221"
                          VPOS="1486"
                          HPOS="1262"
                          CONTENT="identitatem."/>
                  <SP HEIGHT="54" WIDTH="14" VPOS="1486" HPOS="1483"/>
                  <String HEIGHT="54"
                          WIDTH="111"
                          VPOS="1486"
                          HPOS="1442"
                          CONTENT="Vnde"/>
                  <SP HEIGHT="54" WIDTH="14" VPOS="1486" HPOS="1553"/>
                  <String HEIGHT="54" WIDTH="69" VPOS="1486" HPOS="1511" CONTENT="&amp;"/>
                  <SP HEIGHT="54" WIDTH="14" VPOS="1486" HPOS="1580"/>
                  <String HEIGHT="54"
                          WIDTH="83"
                          VPOS="1486"
                          HPOS="1525"
                          CONTENT="hanc"/>
               </TextLine>
               <TextLine ID="r1l31"
                         BASELINE="1585"
                         HEIGHT="54"
                         WIDTH="1468"
                         VPOS="1531"
                         HPOS="134">
                  <String HEIGHT="54"
                          WIDTH="277"
                          VPOS="1531"
                          HPOS="118"
                          CONTENT="coincidentiam"/>
                  <SP HEIGHT="54" WIDTH="16" VPOS="1531" HPOS="395"/>
                  <String HEIGHT="54"
                          WIDTH="228"
                          VPOS="1531"
                          HPOS="346"
                          CONTENT="relationum"/>
                  <SP HEIGHT="54" WIDTH="16" VPOS="1531" HPOS="574"/>
                  <String HEIGHT="54"
                          WIDTH="163"
                          VPOS="1531"
                          HPOS="525"
                          CONTENT="ponunt"/>
                  <SP HEIGHT="54" WIDTH="16" VPOS="1531" HPOS="689"/>
                  <String HEIGHT="54"
                          WIDTH="163"
                          VPOS="1531"
                          HPOS="640"
                          CONTENT="causam"/>
                  <SP HEIGHT="54" WIDTH="16" VPOS="1531" HPOS="803"/>
                  <String HEIGHT="54"
                          WIDTH="147"
                          VPOS="1531"
                          HPOS="754"
                          CONTENT="quare"/>
                  <SP HEIGHT="54" WIDTH="16" VPOS="1531" HPOS="901"/>
                  <String HEIGHT="54" WIDTH="98" VPOS="1531" HPOS="852" CONTENT="in"/>
                  <SP HEIGHT="54" WIDTH="16" VPOS="1531" HPOS="950"/>
                  <String HEIGHT="54"
                          WIDTH="179"
                          VPOS="1531"
                          HPOS="901"
                          CONTENT="diuinis"/>
                  <SP HEIGHT="54" WIDTH="16" VPOS="1531" HPOS="1080"/>
                  <String HEIGHT="54"
                          WIDTH="179"
                          VPOS="1531"
                          HPOS="1031"
                          CONTENT="relatio"/>
                  <SP HEIGHT="54" WIDTH="16" VPOS="1531" HPOS="1211"/>
                  <String HEIGHT="54"
                          WIDTH="196"
                          VPOS="1531"
                          HPOS="1162"
                          CONTENT="secundum"/>
                  <SP HEIGHT="54" WIDTH="16" VPOS="1531" HPOS="1357"/>
                  <String HEIGHT="54"
                          WIDTH="212"
                          VPOS="1531"
                          HPOS="1308"
                          CONTENT="potentiam"/>
                  <SP HEIGHT="54" WIDTH="16" VPOS="1531" HPOS="1520"/>
                  <String HEIGHT="54"
                          WIDTH="147"
                          VPOS="1531"
                          HPOS="1455"
                          CONTENT="actiuam"/>
               </TextLine>
               <TextLine ID="r1l32"
                         BASELINE="1633"
                         HEIGHT="54"
                         WIDTH="1483"
                         VPOS="1579"
                         HPOS="134">
                  <String HEIGHT="54" WIDTH="87" VPOS="1579" HPOS="119" CONTENT="ad"/>
                  <SP HEIGHT="54" WIDTH="15" VPOS="1579" HPOS="207"/>
                  <String HEIGHT="54"
                          WIDTH="189"
                          VPOS="1579"
                          HPOS="163"
                          CONTENT="creaturas"/>
                  <SP HEIGHT="54" WIDTH="15" VPOS="1579" HPOS="352"/>
                  <String HEIGHT="54"
                          WIDTH="102"
                          VPOS="1579"
                          HPOS="308"
                          CONTENT="non"/>
                  <SP HEIGHT="54" WIDTH="15" VPOS="1579" HPOS="410"/>
                  <String HEIGHT="54"
                          WIDTH="102"
                          VPOS="1579"
                          HPOS="367"
                          CONTENT="est"/>
                  <SP HEIGHT="54" WIDTH="15" VPOS="1579" HPOS="468"/>
                  <String HEIGHT="54"
                          WIDTH="174"
                          VPOS="1579"
                          HPOS="425"
                          CONTENT="secundum"/>
                  <SP HEIGHT="54" WIDTH="15" VPOS="1579" HPOS="599"/>
                  <String HEIGHT="54"
                          WIDTH="116"
                          VPOS="1579"
                          HPOS="556"
                          CONTENT="rem,"/>
                  <SP HEIGHT="54" WIDTH="15" VPOS="1579" HPOS="672"/>
                  <String HEIGHT="54"
                          WIDTH="131"
                          VPOS="1579"
                          HPOS="628"
                          CONTENT="sicut"/>
                  <SP HEIGHT="54" WIDTH="15" VPOS="1579" HPOS="759"/>
                  <String HEIGHT="54"
                          WIDTH="102"
                          VPOS="1579"
                          HPOS="716"
                          CONTENT="est"/>
                  <SP HEIGHT="54" WIDTH="15" VPOS="1579" HPOS="817"/>
                  <String HEIGHT="54" WIDTH="87" VPOS="1579" HPOS="774" CONTENT="in"/>
                  <SP HEIGHT="54" WIDTH="15" VPOS="1579" HPOS="861"/>
                  <String HEIGHT="54"
                          WIDTH="204"
                          VPOS="1579"
                          HPOS="817"
                          CONTENT="creaturis,"/>
                  <SP HEIGHT="54" WIDTH="15" VPOS="1579" HPOS="1021"/>
                  <String HEIGHT="54"
                          WIDTH="102"
                          VPOS="1579"
                          HPOS="977"
                          CONTENT="sed"/>
                  <SP HEIGHT="54" WIDTH="15" VPOS="1579" HPOS="1079"/>
                  <String HEIGHT="54"
                          WIDTH="174"
                          VPOS="1579"
                          HPOS="1035"
                          CONTENT="secundum"/>
                  <SP HEIGHT="54" WIDTH="15" VPOS="1579" HPOS="1210"/>
                  <String HEIGHT="54"
                          WIDTH="174"
                          VPOS="1579"
                          HPOS="1166"
                          CONTENT="rationem"/>
                  <SP HEIGHT="54" WIDTH="15" VPOS="1579" HPOS="1341"/>
                  <String HEIGHT="54"
                          WIDTH="160"
                          VPOS="1579"
                          HPOS="1297"
                          CONTENT="tantum,"/>
                  <SP HEIGHT="54" WIDTH="15" VPOS="1579" HPOS="1457"/>
                  <String HEIGHT="54"
                          WIDTH="116"
                          VPOS="1579"
                          HPOS="1413"
                          CONTENT="quia"/>
                  <SP HEIGHT="54" WIDTH="15" VPOS="1579" HPOS="1530"/>
                  <String HEIGHT="54"
                          WIDTH="145"
                          VPOS="1579"
                          HPOS="1472"
                          CONTENT="scilicet"/>
               </TextLine>
               <TextLine ID="r1l33"
                         BASELINE="1676"
                         HEIGHT="59"
                         WIDTH="1479"
                         VPOS="1617"
                         HPOS="137">
                  <String HEIGHT="59"
                          WIDTH="121"
                          VPOS="1617"
                          HPOS="122"
                          CONTENT="idem"/>
                  <SP HEIGHT="59" WIDTH="15" VPOS="1617" HPOS="243"/>
                  <String HEIGHT="59"
                          WIDTH="106"
                          VPOS="1617"
                          HPOS="197"
                          CONTENT="est"/>
                  <SP HEIGHT="59" WIDTH="15" VPOS="1617" HPOS="303"/>
                  <String HEIGHT="59"
                          WIDTH="181"
                          VPOS="1617"
                          HPOS="258"
                          CONTENT="iudicium"/>
                  <SP HEIGHT="59" WIDTH="15" VPOS="1617" HPOS="439"/>
                  <String HEIGHT="59" WIDTH="91" VPOS="1617" HPOS="394" CONTENT="in"/>
                  <SP HEIGHT="59" WIDTH="15" VPOS="1617" HPOS="484"/>
                  <String HEIGHT="59"
                          WIDTH="106"
                          VPOS="1617"
                          HPOS="439"
                          CONTENT="deo"/>
                  <SP HEIGHT="59" WIDTH="15" VPOS="1617" HPOS="544"/>
                  <String HEIGHT="59" WIDTH="91" VPOS="1617" HPOS="499" CONTENT="de"/>
                  <SP HEIGHT="59" WIDTH="15" VPOS="1617" HPOS="590"/>
                  <String HEIGHT="59"
                          WIDTH="166"
                          VPOS="1617"
                          HPOS="544"
                          CONTENT="mensura"/>
                  <SP HEIGHT="59" WIDTH="15" VPOS="1617" HPOS="710"/>
                  <String HEIGHT="59" WIDTH="75" VPOS="1617" HPOS="665" CONTENT="&amp;"/>
                  <SP HEIGHT="59" WIDTH="15" VPOS="1617" HPOS="741"/>
                  <String HEIGHT="59" WIDTH="91" VPOS="1617" HPOS="695" CONTENT="de"/>
                  <SP HEIGHT="59" WIDTH="15" VPOS="1617" HPOS="786"/>
                  <String HEIGHT="59"
                          WIDTH="181"
                          VPOS="1617"
                          HPOS="741"
                          CONTENT="actione."/>
                  <SP HEIGHT="59" WIDTH="15" VPOS="1617" HPOS="922"/>
                  <String HEIGHT="59" WIDTH="75" VPOS="1617" HPOS="877" CONTENT="&amp;"/>
                  <SP HEIGHT="59" WIDTH="15" VPOS="1617" HPOS="952"/>
                  <String HEIGHT="59"
                          WIDTH="166"
                          VPOS="1617"
                          HPOS="907"
                          CONTENT="relatio"/>
                  <SP HEIGHT="59" WIDTH="15" VPOS="1617" HPOS="1073"/>
                  <String HEIGHT="59"
                          WIDTH="181"
                          VPOS="1617"
                          HPOS="1027"
                          CONTENT="mensurae"/>
                  <SP HEIGHT="59" WIDTH="15" VPOS="1617" HPOS="1209"/>
                  <String HEIGHT="59" WIDTH="91" VPOS="1617" HPOS="1163" CONTENT="in"/>
                  <SP HEIGHT="59" WIDTH="15" VPOS="1617" HPOS="1254"/>
                  <String HEIGHT="59"
                          WIDTH="121"
                          VPOS="1617"
                          HPOS="1209"
                          CONTENT="illo"/>
                  <SP HEIGHT="59" WIDTH="15" VPOS="1617" HPOS="1329"/>
                  <String HEIGHT="59"
                          WIDTH="106"
                          VPOS="1617"
                          HPOS="1284"
                          CONTENT="est"/>
                  <SP HEIGHT="59" WIDTH="15" VPOS="1617" HPOS="1390"/>
                  <String HEIGHT="59"
                          WIDTH="181"
                          VPOS="1617"
                          HPOS="1344"
                          CONTENT="secundum"/>
                  <SP HEIGHT="59" WIDTH="15" VPOS="1617" HPOS="1525"/>
                  <String HEIGHT="59"
                          WIDTH="151"
                          VPOS="1617"
                          HPOS="1465"
                          CONTENT="rationem"/>
               </TextLine>
               <TextLine ID="r1l34"
                         BASELINE="1711"
                         HEIGHT="48"
                         WIDTH="1479"
                         VPOS="1663"
                         HPOS="138">
                  <String HEIGHT="48"
                          WIDTH="148"
                          VPOS="1663"
                          HPOS="125"
                          CONTENT="tantum:"/>
                  <SP HEIGHT="48" WIDTH="13" VPOS="1663" HPOS="272"/>
                  <String HEIGHT="48" WIDTH="94" VPOS="1663" HPOS="232" CONTENT="cum"/>
                  <SP HEIGHT="48" WIDTH="13" VPOS="1663" HPOS="326"/>
                  <String HEIGHT="48"
                          WIDTH="121"
                          VPOS="1663"
                          HPOS="286"
                          CONTENT="tamen"/>
                  <SP HEIGHT="48" WIDTH="13" VPOS="1663" HPOS="407"/>
                  <String HEIGHT="48" WIDTH="81" VPOS="1663" HPOS="367" CONTENT="in"/>
                  <SP HEIGHT="48" WIDTH="13" VPOS="1663" HPOS="447"/>
                  <String HEIGHT="48"
                          WIDTH="175"
                          VPOS="1663"
                          HPOS="407"
                          CONTENT="creaturis"/>
                  <SP HEIGHT="48" WIDTH="13" VPOS="1663" HPOS="582"/>
                  <String HEIGHT="48"
                          WIDTH="148"
                          VPOS="1663"
                          HPOS="541"
                          CONTENT="relatio"/>
                  <SP HEIGHT="48" WIDTH="13" VPOS="1663" HPOS="689"/>
                  <String HEIGHT="48"
                          WIDTH="161"
                          VPOS="1663"
                          HPOS="649"
                          CONTENT="actionis"/>
                  <SP HEIGHT="48" WIDTH="13" VPOS="1663" HPOS="810"/>
                  <String HEIGHT="48" WIDTH="94" VPOS="1663" HPOS="770" CONTENT="sit"/>
                  <SP HEIGHT="48" WIDTH="13" VPOS="1663" HPOS="864"/>
                  <String HEIGHT="48"
                          WIDTH="161"
                          VPOS="1663"
                          HPOS="824"
                          CONTENT="secundum"/>
                  <SP HEIGHT="48" WIDTH="13" VPOS="1663" HPOS="985"/>
                  <String HEIGHT="48"
                          WIDTH="108"
                          VPOS="1663"
                          HPOS="945"
                          CONTENT="rem."/>
                  <SP HEIGHT="48" WIDTH="13" VPOS="1663" HPOS="1052"/>
                  <String HEIGHT="48" WIDTH="81" VPOS="1663" HPOS="1012" CONTENT="Et"/>
                  <SP HEIGHT="48" WIDTH="13" VPOS="1663" HPOS="1093"/>
                  <String HEIGHT="48"
                          WIDTH="175"
                          VPOS="1663"
                          HPOS="1052"
                          CONTENT="similiter"/>
                  <SP HEIGHT="48" WIDTH="13" VPOS="1663" HPOS="1227"/>
                  <String HEIGHT="48"
                          WIDTH="134"
                          VPOS="1663"
                          HPOS="1187"
                          CONTENT="dicunt"/>
                  <SP HEIGHT="48" WIDTH="13" VPOS="1663" HPOS="1321"/>
                  <String HEIGHT="48"
                          WIDTH="108"
                          VPOS="1663"
                          HPOS="1281"
                          CONTENT="quod"/>
                  <SP HEIGHT="48" WIDTH="13" VPOS="1663" HPOS="1388"/>
                  <String HEIGHT="48"
                          WIDTH="108"
                          VPOS="1663"
                          HPOS="1348"
                          CONTENT="idem"/>
                  <SP HEIGHT="48" WIDTH="13" VPOS="1663" HPOS="1456"/>
                  <String HEIGHT="48"
                          WIDTH="94"
                          VPOS="1663"
                          HPOS="1415"
                          CONTENT="est"/>
                  <SP HEIGHT="48" WIDTH="13" VPOS="1663" HPOS="1509"/>
                  <String HEIGHT="48"
                          WIDTH="121"
                          VPOS="1663"
                          HPOS="1469"
                          CONTENT="causa"/>
                  <SP HEIGHT="48" WIDTH="13" VPOS="1663" HPOS="1590"/>
                  <String HEIGHT="48"
                          WIDTH="94"
                          VPOS="1663"
                          HPOS="1550"
                          CONTENT="qua"/>
                  <SP HEIGHT="48" WIDTH="13" VPOS="1663" HPOS="1644"/>
                  <String HEIGHT="48" WIDTH="27" VPOS="1663" HPOS="1590" CONTENT=""/>
               </TextLine>
               <TextLine ID="r1l35"
                         BASELINE="1761"
                         HEIGHT="51"
                         WIDTH="1476"
                         VPOS="1710"
                         HPOS="138">
                  <String HEIGHT="51" WIDTH="85" VPOS="1710" HPOS="124" CONTENT="re"/>
                  <SP HEIGHT="51" WIDTH="14" VPOS="1710" HPOS="209"/>
                  <String HEIGHT="51" WIDTH="85" VPOS="1710" HPOS="166" CONTENT="in"/>
                  <SP HEIGHT="51" WIDTH="14" VPOS="1710" HPOS="252"/>
                  <String HEIGHT="51"
                          WIDTH="156"
                          VPOS="1710"
                          HPOS="209"
                          CONTENT="diuinis"/>
                  <SP HEIGHT="51" WIDTH="14" VPOS="1710" HPOS="365"/>
                  <String HEIGHT="51"
                          WIDTH="199"
                          VPOS="1710"
                          HPOS="322"
                          CONTENT="relationes"/>
                  <SP HEIGHT="51" WIDTH="14" VPOS="1710" HPOS="521"/>
                  <String HEIGHT="51"
                          WIDTH="227"
                          VPOS="1710"
                          HPOS="479"
                          CONTENT="aequalitatis"/>
                  <SP HEIGHT="51" WIDTH="14" VPOS="1710" HPOS="706"/>
                  <String HEIGHT="51" WIDTH="71" VPOS="1710" HPOS="663" CONTENT="&amp;"/>
                  <SP HEIGHT="51" WIDTH="14" VPOS="1710" HPOS="734"/>
                  <String HEIGHT="51"
                          WIDTH="241"
                          VPOS="1710"
                          HPOS="692"
                          CONTENT="similitudinis"/>
                  <SP HEIGHT="51" WIDTH="14" VPOS="1710" HPOS="933"/>
                  <String HEIGHT="51"
                          WIDTH="114"
                          VPOS="1710"
                          HPOS="890"
                          CONTENT="sint"/>
                  <SP HEIGHT="51" WIDTH="14" VPOS="1710" HPOS="1004"/>
                  <String HEIGHT="51"
                          WIDTH="199"
                          VPOS="1710"
                          HPOS="961"
                          CONTENT="relationes"/>
                  <SP HEIGHT="51" WIDTH="14" VPOS="1710" HPOS="1160"/>
                  <String HEIGHT="51"
                          WIDTH="170"
                          VPOS="1710"
                          HPOS="1117"
                          CONTENT="secundum"/>
                  <SP HEIGHT="51" WIDTH="14" VPOS="1710" HPOS="1288"/>
                  <String HEIGHT="51"
                          WIDTH="170"
                          VPOS="1710"
                          HPOS="1245"
                          CONTENT="rationem"/>
                  <SP HEIGHT="51" WIDTH="14" VPOS="1710" HPOS="1415"/>
                  <String HEIGHT="51"
                          WIDTH="156"
                          VPOS="1710"
                          HPOS="1373"
                          CONTENT="tantum,"/>
                  <SP HEIGHT="51" WIDTH="14" VPOS="1710" HPOS="1529"/>
                  <String HEIGHT="51"
                          WIDTH="114"
                          VPOS="1710"
                          HPOS="1486"
                          CONTENT="quia"/>
                  <SP HEIGHT="51" WIDTH="14" VPOS="1710" HPOS="1600"/>
                  <String HEIGHT="51"
                          WIDTH="71"
                          VPOS="1710"
                          HPOS="1543"
                          CONTENT="sci"/>
               </TextLine>
               <TextLine ID="r1l36"
                         BASELINE="1804"
                         HEIGHT="51"
                         WIDTH="1470"
                         VPOS="1753"
                         HPOS="142">
                  <String HEIGHT="51"
                          WIDTH="130"
                          VPOS="1753"
                          HPOS="128"
                          CONTENT="licet"/>
                  <SP HEIGHT="51" WIDTH="14" VPOS="1753" HPOS="257"/>
                  <String HEIGHT="51"
                          WIDTH="115"
                          VPOS="1753"
                          HPOS="214"
                          CONTENT="idem"/>
                  <SP HEIGHT="51" WIDTH="14" VPOS="1753" HPOS="329"/>
                  <String HEIGHT="51"
                          WIDTH="101"
                          VPOS="1753"
                          HPOS="286"
                          CONTENT="est"/>
                  <SP HEIGHT="51" WIDTH="14" VPOS="1753" HPOS="387"/>
                  <String HEIGHT="51"
                          WIDTH="173"
                          VPOS="1753"
                          HPOS="344"
                          CONTENT="iudicium"/>
                  <SP HEIGHT="51" WIDTH="14" VPOS="1753" HPOS="517"/>
                  <String HEIGHT="51" WIDTH="86" VPOS="1753" HPOS="473" CONTENT="de"/>
                  <SP HEIGHT="51" WIDTH="14" VPOS="1753" HPOS="560"/>
                  <String HEIGHT="51"
                          WIDTH="216"
                          VPOS="1753"
                          HPOS="517"
                          CONTENT="aequalitate"/>
                  <SP HEIGHT="51" WIDTH="14" VPOS="1753" HPOS="733"/>
                  <String HEIGHT="51" WIDTH="72" VPOS="1753" HPOS="690" CONTENT="&amp;"/>
                  <SP HEIGHT="51" WIDTH="14" VPOS="1753" HPOS="762"/>
                  <String HEIGHT="51"
                          WIDTH="231"
                          VPOS="1753"
                          HPOS="718"
                          CONTENT="similitudine"/>
                  <SP HEIGHT="51" WIDTH="14" VPOS="1753" HPOS="949"/>
                  <String HEIGHT="51"
                          WIDTH="115"
                          VPOS="1753"
                          HPOS="906"
                          CONTENT="quod"/>
                  <SP HEIGHT="51" WIDTH="14" VPOS="1753" HPOS="1021"/>
                  <String HEIGHT="51" WIDTH="86" VPOS="1753" HPOS="978" CONTENT="de"/>
                  <SP HEIGHT="51" WIDTH="14" VPOS="1753" HPOS="1064"/>
                  <String HEIGHT="51"
                          WIDTH="216"
                          VPOS="1753"
                          HPOS="1021"
                          CONTENT="identitate:"/>
                  <SP HEIGHT="51" WIDTH="14" VPOS="1753" HPOS="1237"/>
                  <String HEIGHT="51"
                          WIDTH="115"
                          VPOS="1753"
                          HPOS="1194"
                          CONTENT="quae"/>
                  <SP HEIGHT="51" WIDTH="14" VPOS="1753" HPOS="1309"/>
                  <String HEIGHT="51" WIDTH="86" VPOS="1753" HPOS="1266" CONTENT="in"/>
                  <SP HEIGHT="51" WIDTH="14" VPOS="1753" HPOS="1353"/>
                  <String HEIGHT="51"
                          WIDTH="159"
                          VPOS="1753"
                          HPOS="1309"
                          CONTENT="diuinis"/>
                  <SP HEIGHT="51" WIDTH="14" VPOS="1753" HPOS="1468"/>
                  <String HEIGHT="51"
                          WIDTH="101"
                          VPOS="1753"
                          HPOS="1425"
                          CONTENT="est"/>
                  <SP HEIGHT="51" WIDTH="14" VPOS="1753" HPOS="1526"/>
                  <String HEIGHT="51"
                          WIDTH="144"
                          VPOS="1753"
                          HPOS="1468"
                          CONTENT="secundum"/>
               </TextLine>
               <TextLine ID="r1l37"
                         BASELINE="1859"
                         HEIGHT="59"
                         WIDTH="1457"
                         VPOS="1800"
                         HPOS="141">
                  <String HEIGHT="59"
                          WIDTH="170"
                          VPOS="1800"
                          HPOS="127"
                          CONTENT="rationem"/>
                  <SP HEIGHT="59" WIDTH="14" VPOS="1800" HPOS="297"/>
                  <String HEIGHT="59"
                          WIDTH="156"
                          VPOS="1800"
                          HPOS="254"
                          CONTENT="tantum,"/>
                  <SP HEIGHT="59" WIDTH="14" VPOS="1800" HPOS="410"/>
                  <String HEIGHT="59"
                          WIDTH="127"
                          VPOS="1800"
                          HPOS="367"
                          CONTENT="licet"/>
                  <SP HEIGHT="59" WIDTH="14" VPOS="1800" HPOS="495"/>
                  <String HEIGHT="59"
                          WIDTH="113"
                          VPOS="1800"
                          HPOS="452"
                          CONTENT="sint"/>
                  <SP HEIGHT="59" WIDTH="14" VPOS="1800" HPOS="565"/>
                  <String HEIGHT="59" WIDTH="85" VPOS="1800" HPOS="523" CONTENT="in"/>
                  <SP HEIGHT="59" WIDTH="14" VPOS="1800" HPOS="608"/>
                  <String HEIGHT="59"
                          WIDTH="184"
                          VPOS="1800"
                          HPOS="565"
                          CONTENT="creaturis"/>
                  <SP HEIGHT="59" WIDTH="14" VPOS="1800" HPOS="749"/>
                  <String HEIGHT="59"
                          WIDTH="198"
                          VPOS="1800"
                          HPOS="707"
                          CONTENT="relationes"/>
                  <SP HEIGHT="59" WIDTH="14" VPOS="1800" HPOS="905"/>
                  <String HEIGHT="59"
                          WIDTH="170"
                          VPOS="1800"
                          HPOS="862"
                          CONTENT="secundum"/>
                  <SP HEIGHT="59" WIDTH="14" VPOS="1800" HPOS="1032"/>
                  <String HEIGHT="59"
                          WIDTH="113"
                          VPOS="1800"
                          HPOS="990"
                          CONTENT="rem."/>
                  <SP HEIGHT="59" WIDTH="14" VPOS="1800" HPOS="1103"/>
                  <String HEIGHT="59"
                          WIDTH="198"
                          VPOS="1800"
                          HPOS="1060"
                          CONTENT="Reuertendo"/>
                  <SP HEIGHT="59" WIDTH="14" VPOS="1800" HPOS="1259"/>
                  <String HEIGHT="59"
                          WIDTH="113"
                          VPOS="1800"
                          HPOS="1216"
                          CONTENT="ergo"/>
                  <SP HEIGHT="59" WIDTH="14" VPOS="1800" HPOS="1329"/>
                  <String HEIGHT="59"
                          WIDTH="113"
                          VPOS="1800"
                          HPOS="1287"
                          CONTENT="vnde"/>
                  <SP HEIGHT="59" WIDTH="14" VPOS="1800" HPOS="1400"/>
                  <String HEIGHT="59"
                          WIDTH="141"
                          VPOS="1800"
                          HPOS="1358"
                          CONTENT="prius,"/>
                  <SP HEIGHT="59" WIDTH="14" VPOS="1800" HPOS="1499"/>
                  <String HEIGHT="59"
                          WIDTH="113"
                          VPOS="1800"
                          HPOS="1457"
                          CONTENT="dico"/>
                  <SP HEIGHT="59" WIDTH="14" VPOS="1800" HPOS="1570"/>
                  <String HEIGHT="59"
                          WIDTH="85"
                          VPOS="1800"
                          HPOS="1513"
                          CONTENT="quod"/>
               </TextLine>
               <TextLine ID="r1l38"
                         BASELINE="1892"
                         HEIGHT="48"
                         WIDTH="1470"
                         VPOS="1844"
                         HPOS="134">
                  <String HEIGHT="48"
                          WIDTH="124"
                          VPOS="1844"
                          HPOS="120"
                          CONTENT="dicta"/>
                  <SP HEIGHT="48" WIDTH="14" VPOS="1844" HPOS="244"/>
                  <String HEIGHT="48"
                          WIDTH="124"
                          VPOS="1844"
                          HPOS="203"
                          CONTENT="ratio"/>
                  <SP HEIGHT="48" WIDTH="14" VPOS="1844" HPOS="326"/>
                  <String HEIGHT="48" WIDTH="96" VPOS="1844" HPOS="285" CONTENT="non"/>
                  <SP HEIGHT="48" WIDTH="14" VPOS="1844" HPOS="381"/>
                  <String HEIGHT="48"
                          WIDTH="137"
                          VPOS="1844"
                          HPOS="340"
                          CONTENT="arguit"/>
                  <SP HEIGHT="48" WIDTH="14" VPOS="1844" HPOS="477"/>
                  <String HEIGHT="48"
                          WIDTH="110"
                          VPOS="1844"
                          HPOS="436"
                          CONTENT="quod"/>
                  <SP HEIGHT="48" WIDTH="14" VPOS="1844" HPOS="546"/>
                  <String HEIGHT="48"
                          WIDTH="192"
                          VPOS="1844"
                          HPOS="505"
                          CONTENT="relationes"/>
                  <SP HEIGHT="48" WIDTH="14" VPOS="1844" HPOS="697"/>
                  <String HEIGHT="48"
                          WIDTH="165"
                          VPOS="1844"
                          HPOS="656"
                          CONTENT="communes"/>
                  <SP HEIGHT="48" WIDTH="14" VPOS="1844" HPOS="821"/>
                  <String HEIGHT="48" WIDTH="96" VPOS="1844" HPOS="780" CONTENT="non"/>
                  <SP HEIGHT="48" WIDTH="14" VPOS="1844" HPOS="876"/>
                  <String HEIGHT="48"
                          WIDTH="234"
                          VPOS="1844"
                          HPOS="835"
                          CONTENT="distinguuntur"/>
                  <SP HEIGHT="48" WIDTH="14" VPOS="1844" HPOS="1068"/>
                  <String HEIGHT="48"
                          WIDTH="124"
                          VPOS="1844"
                          HPOS="1027"
                          CONTENT="aliis"/>
                  <SP HEIGHT="48" WIDTH="14" VPOS="1844" HPOS="1151"/>
                  <String HEIGHT="48"
                          WIDTH="110"
                          VPOS="1844"
                          HPOS="1109"
                          CONTENT="nisi"/>
                  <SP HEIGHT="48" WIDTH="14" VPOS="1844" HPOS="1219"/>
                  <String HEIGHT="48" WIDTH="82" VPOS="1844" HPOS="1178" CONTENT="in"/>
                  <SP HEIGHT="48" WIDTH="14" VPOS="1844" HPOS="1261"/>
                  <String HEIGHT="48"
                          WIDTH="124"
                          VPOS="1844"
                          HPOS="1219"
                          CONTENT="casu,"/>
                  <SP HEIGHT="48" WIDTH="14" VPOS="1844" HPOS="1343"/>
                  <String HEIGHT="48"
                          WIDTH="96"
                          VPOS="1844"
                          HPOS="1302"
                          CONTENT="quo"/>
                  <SP HEIGHT="48" WIDTH="14" VPOS="1844" HPOS="1398"/>
                  <String HEIGHT="48"
                          WIDTH="165"
                          VPOS="1844"
                          HPOS="1357"
                          CONTENT="scilicet"/>
                  <SP HEIGHT="48" WIDTH="14" VPOS="1844" HPOS="1522"/>
                  <String HEIGHT="48"
                          WIDTH="110"
                          VPOS="1844"
                          HPOS="1480"
                          CONTENT="sunt"/>
                  <SP HEIGHT="48" WIDTH="14" VPOS="1844" HPOS="1590"/>
                  <String HEIGHT="48" WIDTH="82" VPOS="1844" HPOS="1549" CONTENT="in"/>
                  <SP HEIGHT="48" WIDTH="14" VPOS="1844" HPOS="1631"/>
                  <String HEIGHT="48" WIDTH="27" VPOS="1844" HPOS="1577" CONTENT=""/>
               </TextLine>
               <TextLine ID="r1l39"
                         BASELINE="1942"
                         HEIGHT="52"
                         WIDTH="1470"
                         VPOS="1890"
                         HPOS="137">
                  <String HEIGHT="52" WIDTH="99" VPOS="1890" HPOS="123" CONTENT="ter"/>
                  <SP HEIGHT="52" WIDTH="14" VPOS="1890" HPOS="222"/>
                  <String HEIGHT="52"
                          WIDTH="141"
                          VPOS="1890"
                          HPOS="179"
                          CONTENT="eadem,"/>
                  <SP HEIGHT="52" WIDTH="14" VPOS="1890" HPOS="321"/>
                  <String HEIGHT="52" WIDTH="71" VPOS="1890" HPOS="278" CONTENT="&amp;"/>
                  <SP HEIGHT="52" WIDTH="14" VPOS="1890" HPOS="349"/>
                  <String HEIGHT="52" WIDTH="85" VPOS="1890" HPOS="307" CONTENT="in"/>
                  <SP HEIGHT="52" WIDTH="14" VPOS="1890" HPOS="391"/>
                  <String HEIGHT="52" WIDTH="99" VPOS="1890" HPOS="349" CONTENT="hoc"/>
                  <SP HEIGHT="52" WIDTH="14" VPOS="1890" HPOS="448"/>
                  <String HEIGHT="52"
                          WIDTH="212"
                          VPOS="1890"
                          HPOS="406"
                          CONTENT="coincidunt."/>
                  <SP HEIGHT="52" WIDTH="14" VPOS="1890" HPOS="618"/>
                  <String HEIGHT="52"
                          WIDTH="113"
                          VPOS="1890"
                          HPOS="575"
                          CONTENT="Nunc"/>
                  <SP HEIGHT="52" WIDTH="14" VPOS="1890" HPOS="688"/>
                  <String HEIGHT="52"
                          WIDTH="127"
                          VPOS="1890"
                          HPOS="646"
                          CONTENT="autem"/>
                  <SP HEIGHT="52" WIDTH="14" VPOS="1890" HPOS="773"/>
                  <String HEIGHT="52"
                          WIDTH="170"
                          VPOS="1890"
                          HPOS="731"
                          CONTENT="quaestio"/>
                  <SP HEIGHT="52" WIDTH="14" VPOS="1890" HPOS="900"/>
                  <String HEIGHT="52"
                          WIDTH="141"
                          VPOS="1890"
                          HPOS="858"
                          CONTENT="nostra"/>
                  <SP HEIGHT="52" WIDTH="14" VPOS="1890" HPOS="999"/>
                  <String HEIGHT="52"
                          WIDTH="184"
                          VPOS="1890"
                          HPOS="957"
                          CONTENT="generalis"/>
                  <SP HEIGHT="52" WIDTH="14" VPOS="1890" HPOS="1141"/>
                  <String HEIGHT="52"
                          WIDTH="99"
                          VPOS="1890"
                          HPOS="1098"
                          CONTENT="est"/>
                  <SP HEIGHT="52" WIDTH="14" VPOS="1890" HPOS="1197"/>
                  <String HEIGHT="52" WIDTH="85" VPOS="1890" HPOS="1155" CONTENT="de"/>
                  <SP HEIGHT="52" WIDTH="14" VPOS="1890" HPOS="1239"/>
                  <String HEIGHT="52"
                          WIDTH="127"
                          VPOS="1890"
                          HPOS="1197"
                          CONTENT="illis"/>
                  <SP HEIGHT="52" WIDTH="14" VPOS="1890" HPOS="1324"/>
                  <String HEIGHT="52"
                          WIDTH="226"
                          VPOS="1890"
                          HPOS="1282"
                          CONTENT="relationibus"/>
                  <SP HEIGHT="52" WIDTH="14" VPOS="1890" HPOS="1508"/>
                  <String HEIGHT="52"
                          WIDTH="113"
                          VPOS="1890"
                          HPOS="1466"
                          CONTENT="siue"/>
                  <SP HEIGHT="52" WIDTH="14" VPOS="1890" HPOS="1579"/>
                  <String HEIGHT="52"
                          WIDTH="85"
                          VPOS="1890"
                          HPOS="1522"
                          CONTENT="sint"/>
               </TextLine>
               <TextLine ID="r1l40"
                         BASELINE="1987"
                         HEIGHT="54"
                         WIDTH="1456"
                         VPOS="1933"
                         HPOS="146">
                  <String HEIGHT="54"
                          WIDTH="132"
                          VPOS="1933"
                          HPOS="131"
                          CONTENT="inter"/>
                  <SP HEIGHT="54" WIDTH="15" VPOS="1933" HPOS="264"/>
                  <String HEIGHT="54"
                          WIDTH="147"
                          VPOS="1933"
                          HPOS="220"
                          CONTENT="eadem,"/>
                  <SP HEIGHT="54" WIDTH="15" VPOS="1933" HPOS="367"/>
                  <String HEIGHT="54" WIDTH="74" VPOS="1933" HPOS="322" CONTENT="&amp;"/>
                  <SP HEIGHT="54" WIDTH="15" VPOS="1933" HPOS="396"/>
                  <String HEIGHT="54"
                          WIDTH="103"
                          VPOS="1933"
                          HPOS="352"
                          CONTENT="quo"/>
                  <SP HEIGHT="54" WIDTH="15" VPOS="1933" HPOS="455"/>
                  <String HEIGHT="54" WIDTH="88" VPOS="1933" HPOS="411" CONTENT="ad"/>
                  <SP HEIGHT="54" WIDTH="15" VPOS="1933" HPOS="499"/>
                  <String HEIGHT="54"
                          WIDTH="103"
                          VPOS="1933"
                          HPOS="455"
                          CONTENT="hoc"/>
                  <SP HEIGHT="54" WIDTH="15" VPOS="1933" HPOS="558"/>
                  <String HEIGHT="54"
                          WIDTH="221"
                          VPOS="1933"
                          HPOS="514"
                          CONTENT="coincidunt,"/>
                  <SP HEIGHT="54" WIDTH="15" VPOS="1933" HPOS="734"/>
                  <String HEIGHT="54"
                          WIDTH="118"
                          VPOS="1933"
                          HPOS="690"
                          CONTENT="siue"/>
                  <SP HEIGHT="54" WIDTH="15" VPOS="1933" HPOS="808"/>
                  <String HEIGHT="54"
                          WIDTH="132"
                          VPOS="1933"
                          HPOS="764"
                          CONTENT="inter"/>
                  <SP HEIGHT="54" WIDTH="15" VPOS="1933" HPOS="896"/>
                  <String HEIGHT="54"
                          WIDTH="176"
                          VPOS="1933"
                          HPOS="852"
                          CONTENT="diuersa,"/>
                  <SP HEIGHT="54" WIDTH="15" VPOS="1933" HPOS="1028"/>
                  <String HEIGHT="54" WIDTH="74" VPOS="1933" HPOS="984" CONTENT="&amp;"/>
                  <SP HEIGHT="54" WIDTH="15" VPOS="1933" HPOS="1058"/>
                  <String HEIGHT="54"
                          WIDTH="132"
                          VPOS="1933"
                          HPOS="1014"
                          CONTENT="nullo"/>
                  <SP HEIGHT="54" WIDTH="15" VPOS="1933" HPOS="1146"/>
                  <String HEIGHT="54"
                          WIDTH="118"
                          VPOS="1933"
                          HPOS="1102"
                          CONTENT="modo"/>
                  <SP HEIGHT="54" WIDTH="15" VPOS="1933" HPOS="1220"/>
                  <String HEIGHT="54"
                          WIDTH="221"
                          VPOS="1933"
                          HPOS="1175"
                          CONTENT="coincidunt."/>
                  <SP HEIGHT="54" WIDTH="15" VPOS="1933" HPOS="1396"/>
                  <String HEIGHT="54" WIDTH="88" VPOS="1933" HPOS="1352" CONTENT="Et"/>
                  <SP HEIGHT="54" WIDTH="15" VPOS="1933" HPOS="1440"/>
                  <String HEIGHT="54"
                          WIDTH="103"
                          VPOS="1933"
                          HPOS="1396"
                          CONTENT="ita"/>
                  <SP HEIGHT="54" WIDTH="15" VPOS="1933" HPOS="1499"/>
                  <String HEIGHT="54"
                          WIDTH="132"
                          VPOS="1933"
                          HPOS="1455"
                          CONTENT="licet"/>
                  <SP HEIGHT="54" WIDTH="15" VPOS="1933" HPOS="1587"/>
                  <String HEIGHT="54" WIDTH="88" VPOS="1933" HPOS="1543" CONTENT="in"/>
                  <SP HEIGHT="54" WIDTH="15" VPOS="1933" HPOS="1631"/>
                  <String HEIGHT="54" WIDTH="29" VPOS="1933" HPOS="1573" CONTENT=""/>
               </TextLine>
               <TextLine ID="r1l41"
                         BASELINE="2033"
                         HEIGHT="50"
                         WIDTH="1472"
                         VPOS="1983"
                         HPOS="140">
                  <String HEIGHT="50"
                          WIDTH="169"
                          VPOS="1983"
                          HPOS="125"
                          CONTENT="diuinis"/>
                  <SP HEIGHT="50" WIDTH="15" VPOS="1983" HPOS="293"/>
                  <String HEIGHT="50"
                          WIDTH="215"
                          VPOS="1983"
                          HPOS="247"
                          CONTENT="procederet"/>
                  <SP HEIGHT="50" WIDTH="15" VPOS="1983" HPOS="462"/>
                  <String HEIGHT="50"
                          WIDTH="215"
                          VPOS="1983"
                          HPOS="416"
                          CONTENT="argumentum"/>
                  <SP HEIGHT="50" WIDTH="15" VPOS="1983" HPOS="631"/>
                  <String HEIGHT="50" WIDTH="92" VPOS="1983" HPOS="585" CONTENT="in"/>
                  <SP HEIGHT="50" WIDTH="15" VPOS="1983" HPOS="677"/>
                  <String HEIGHT="50"
                          WIDTH="153"
                          VPOS="1983"
                          HPOS="631"
                          CONTENT="quibus"/>
                  <SP HEIGHT="50" WIDTH="15" VPOS="1983" HPOS="784"/>
                  <String HEIGHT="50"
                          WIDTH="215"
                          VPOS="1983"
                          HPOS="738"
                          CONTENT="coincidunt"/>
                  <SP HEIGHT="50" WIDTH="15" VPOS="1983" HPOS="953"/>
                  <String HEIGHT="50"
                          WIDTH="138"
                          VPOS="1983"
                          HPOS="907"
                          CONTENT="inter"/>
                  <SP HEIGHT="50" WIDTH="15" VPOS="1983" HPOS="1045"/>
                  <String HEIGHT="50"
                          WIDTH="153"
                          VPOS="1983"
                          HPOS="999"
                          CONTENT="easdem"/>
                  <SP HEIGHT="50" WIDTH="15" VPOS="1983" HPOS="1152"/>
                  <String HEIGHT="50"
                          WIDTH="184"
                          VPOS="1983"
                          HPOS="1106"
                          CONTENT="personas"/>
                  <SP HEIGHT="50" WIDTH="15" VPOS="1983" HPOS="1290"/>
                  <String HEIGHT="50"
                          WIDTH="215"
                          VPOS="1983"
                          HPOS="1244"
                          CONTENT="relationes"/>
                  <SP HEIGHT="50" WIDTH="15" VPOS="1983" HPOS="1459"/>
                  <String HEIGHT="50"
                          WIDTH="184"
                          VPOS="1983"
                          HPOS="1413"
                          CONTENT="communes"/>
                  <SP HEIGHT="50" WIDTH="15" VPOS="1983" HPOS="1597"/>
                  <String HEIGHT="50"
                          WIDTH="77"
                          VPOS="1983"
                          HPOS="1535"
                          CONTENT="cum"/>
               </TextLine>
               <TextLine ID="r1l42"
                         BASELINE="2083"
                         HEIGHT="52"
                         WIDTH="1456"
                         VPOS="2031"
                         HPOS="142">
                  <String HEIGHT="52"
                          WIDTH="141"
                          VPOS="2031"
                          HPOS="128"
                          CONTENT="aliis,"/>
                  <SP HEIGHT="52" WIDTH="14" VPOS="2031" HPOS="269"/>
                  <String HEIGHT="52" WIDTH="71" VPOS="2031" HPOS="227" CONTENT="&amp;"/>
                  <SP HEIGHT="52" WIDTH="14" VPOS="2031" HPOS="297"/>
                  <String HEIGHT="52"
                          WIDTH="113"
                          VPOS="2031"
                          HPOS="255"
                          CONTENT="ideo"/>
                  <SP HEIGHT="52" WIDTH="14" VPOS="2031" HPOS="368"/>
                  <String HEIGHT="52" WIDTH="99" VPOS="2031" HPOS="326" CONTENT="non"/>
                  <SP HEIGHT="52" WIDTH="14" VPOS="2031" HPOS="425"/>
                  <String HEIGHT="52"
                          WIDTH="269"
                          VPOS="2031"
                          HPOS="382"
                          CONTENT="distinguerentur"/>
                  <SP HEIGHT="52" WIDTH="14" VPOS="2031" HPOS="651"/>
                  <String HEIGHT="52"
                          WIDTH="198"
                          VPOS="2031"
                          HPOS="608"
                          CONTENT="relationes"/>
                  <SP HEIGHT="52" WIDTH="14" VPOS="2031" HPOS="806"/>
                  <String HEIGHT="52"
                          WIDTH="170"
                          VPOS="2031"
                          HPOS="764"
                          CONTENT="communes"/>
                  <SP HEIGHT="52" WIDTH="14" VPOS="2031" HPOS="934"/>
                  <String HEIGHT="52" WIDTH="85" VPOS="2031" HPOS="891" CONTENT="ab"/>
                  <SP HEIGHT="52" WIDTH="14" VPOS="2031" HPOS="976"/>
                  <String HEIGHT="52"
                          WIDTH="141"
                          VPOS="2031"
                          HPOS="934"
                          CONTENT="aliis:"/>
                  <SP HEIGHT="52" WIDTH="14" VPOS="2031" HPOS="1075"/>
                  <String HEIGHT="52" WIDTH="85" VPOS="2031" HPOS="1033" CONTENT="in"/>
                  <SP HEIGHT="52" WIDTH="14" VPOS="2031" HPOS="1117"/>
                  <String HEIGHT="52"
                          WIDTH="184"
                          VPOS="2031"
                          HPOS="1075"
                          CONTENT="creaturis"/>
                  <SP HEIGHT="52" WIDTH="14" VPOS="2031" HPOS="1259"/>
                  <String HEIGHT="52"
                          WIDTH="127"
                          VPOS="2031"
                          HPOS="1216"
                          CONTENT="tamen"/>
                  <SP HEIGHT="52" WIDTH="14" VPOS="2031" HPOS="1344"/>
                  <String HEIGHT="52" WIDTH="85" VPOS="2031" HPOS="1301" CONTENT="in"/>
                  <SP HEIGHT="52" WIDTH="14" VPOS="2031" HPOS="1386"/>
                  <String HEIGHT="52"
                          WIDTH="141"
                          VPOS="2031"
                          HPOS="1344"
                          CONTENT="quibus"/>
                  <SP HEIGHT="52" WIDTH="14" VPOS="2031" HPOS="1485"/>
                  <String HEIGHT="52"
                          WIDTH="170"
                          VPOS="2031"
                          HPOS="1428"
                          CONTENT="frequenter"/>
               </TextLine>
               <TextLine ID="r1l43"
                         BASELINE="2126"
                         HEIGHT="50"
                         WIDTH="1463"
                         VPOS="2076"
                         HPOS="142">
                  <String HEIGHT="50"
                          WIDTH="102"
                          VPOS="2076"
                          HPOS="127"
                          CONTENT="non"/>
                  <SP HEIGHT="50" WIDTH="15" VPOS="2076" HPOS="230"/>
                  <String HEIGHT="50"
                          WIDTH="219"
                          VPOS="2076"
                          HPOS="186"
                          CONTENT="coincidunt,"/>
                  <SP HEIGHT="50" WIDTH="15" VPOS="2076" HPOS="405"/>
                  <String HEIGHT="50"
                          WIDTH="117"
                          VPOS="2076"
                          HPOS="361"
                          CONTENT="bene"/>
                  <SP HEIGHT="50" WIDTH="15" VPOS="2076" HPOS="478"/>
                  <String HEIGHT="50"
                          WIDTH="190"
                          VPOS="2076"
                          HPOS="435"
                          CONTENT="distingui"/>
                  <SP HEIGHT="50" WIDTH="15" VPOS="2076" HPOS="625"/>
                  <String HEIGHT="50"
                          WIDTH="161"
                          VPOS="2076"
                          HPOS="581"
                          CONTENT="possunt"/>
                  <SP HEIGHT="50" WIDTH="15" VPOS="2076" HPOS="742"/>
                  <String HEIGHT="50"
                          WIDTH="176"
                          VPOS="2076"
                          HPOS="698"
                          CONTENT="secundum"/>
                  <SP HEIGHT="50" WIDTH="15" VPOS="2076" HPOS="874"/>
                  <String HEIGHT="50"
                          WIDTH="117"
                          VPOS="2076"
                          HPOS="830"
                          CONTENT="rem."/>
                  <SP HEIGHT="50" WIDTH="15" VPOS="2076" HPOS="947"/>
                  <String HEIGHT="50"
                          WIDTH="102"
                          VPOS="2076"
                          HPOS="903"
                          CONTENT="Sed"/>
                  <SP HEIGHT="50" WIDTH="15" VPOS="2076" HPOS="1005"/>
                  <String HEIGHT="50"
                          WIDTH="132"
                          VPOS="2076"
                          HPOS="961"
                          CONTENT="tamen"/>
                  <SP HEIGHT="50" WIDTH="15" VPOS="2076" HPOS="1093"/>
                  <String HEIGHT="50"
                          WIDTH="102"
                          VPOS="2076"
                          HPOS="1049"
                          CONTENT="nec"/>
                  <SP HEIGHT="50" WIDTH="15" VPOS="2076" HPOS="1151"/>
                  <String HEIGHT="50" WIDTH="88" VPOS="2076" HPOS="1108" CONTENT="in"/>
                  <SP HEIGHT="50" WIDTH="15" VPOS="2076" HPOS="1195"/>
                  <String HEIGHT="50"
                          WIDTH="161"
                          VPOS="2076"
                          HPOS="1151"
                          CONTENT="diuinis"/>
                  <SP HEIGHT="50" WIDTH="15" VPOS="2076" HPOS="1312"/>
                  <String HEIGHT="50"
                          WIDTH="102"
                          VPOS="2076"
                          HPOS="1269"
                          CONTENT="nec"/>
                  <SP HEIGHT="50" WIDTH="15" VPOS="2076" HPOS="1371"/>
                  <String HEIGHT="50" WIDTH="88" VPOS="2076" HPOS="1327" CONTENT="in"/>
                  <SP HEIGHT="50" WIDTH="15" VPOS="2076" HPOS="1415"/>
                  <String HEIGHT="50"
                          WIDTH="190"
                          VPOS="2076"
                          HPOS="1371"
                          CONTENT="creaturis"/>
                  <SP HEIGHT="50" WIDTH="15" VPOS="2076" HPOS="1561"/>
                  <String HEIGHT="50"
                          WIDTH="102"
                          VPOS="2076"
                          HPOS="1503"
                          CONTENT="verum"/>
               </TextLine>
               <TextLine ID="r1l44"
                         BASELINE="2169"
                         HEIGHT="53"
                         WIDTH="1468"
                         VPOS="2116"
                         HPOS="134">
                  <String HEIGHT="53"
                          WIDTH="100"
                          VPOS="2116"
                          HPOS="120"
                          CONTENT="est"/>
                  <SP HEIGHT="53" WIDTH="14" VPOS="2116" HPOS="220"/>
                  <String HEIGHT="53"
                          WIDTH="114"
                          VPOS="2116"
                          HPOS="177"
                          CONTENT="quod"/>
                  <SP HEIGHT="53" WIDTH="14" VPOS="2116" HPOS="291"/>
                  <String HEIGHT="53"
                          WIDTH="200"
                          VPOS="2116"
                          HPOS="248"
                          CONTENT="relationes"/>
                  <SP HEIGHT="53" WIDTH="14" VPOS="2116" HPOS="448"/>
                  <String HEIGHT="53"
                          WIDTH="171"
                          VPOS="2116"
                          HPOS="405"
                          CONTENT="communes"/>
                  <SP HEIGHT="53" WIDTH="14" VPOS="2116" HPOS="576"/>
                  <String HEIGHT="53"
                          WIDTH="200"
                          VPOS="2116"
                          HPOS="533"
                          CONTENT="coincidunt"/>
                  <SP HEIGHT="53" WIDTH="14" VPOS="2116" HPOS="733"/>
                  <String HEIGHT="53" WIDTH="86" VPOS="2116" HPOS="690" CONTENT="in"/>
                  <SP HEIGHT="53" WIDTH="14" VPOS="2116" HPOS="775"/>
                  <String HEIGHT="53"
                          WIDTH="143"
                          VPOS="2116"
                          HPOS="733"
                          CONTENT="alias:"/>
                  <SP HEIGHT="53" WIDTH="14" VPOS="2116" HPOS="875"/>
                  <String HEIGHT="53"
                          WIDTH="100"
                          VPOS="2116"
                          HPOS="832"
                          CONTENT="nec"/>
                  <SP HEIGHT="53" WIDTH="14" VPOS="2116" HPOS="932"/>
                  <String HEIGHT="53"
                          WIDTH="200"
                          VPOS="2116"
                          HPOS="889"
                          CONTENT="econuerso:"/>
                  <SP HEIGHT="53" WIDTH="14" VPOS="2116" HPOS="1089"/>
                  <String HEIGHT="53"
                          WIDTH="114"
                          VPOS="2116"
                          HPOS="1046"
                          CONTENT="quia"/>
                  <SP HEIGHT="53" WIDTH="14" VPOS="2116" HPOS="1160"/>
                  <String HEIGHT="53"
                          WIDTH="100"
                          VPOS="2116"
                          HPOS="1117"
                          CONTENT="cum"/>
                  <SP HEIGHT="53" WIDTH="14" VPOS="2116" HPOS="1217"/>
                  <String HEIGHT="53"
                          WIDTH="200"
                          VPOS="2116"
                          HPOS="1174"
                          CONTENT="relationes"/>
                  <SP HEIGHT="53" WIDTH="14" VPOS="2116" HPOS="1374"/>
                  <String HEIGHT="53"
                          WIDTH="171"
                          VPOS="2116"
                          HPOS="1331"
                          CONTENT="secundum"/>
                  <SP HEIGHT="53" WIDTH="14" VPOS="2116" HPOS="1502"/>
                  <String HEIGHT="53"
                          WIDTH="157"
                          VPOS="2116"
                          HPOS="1445"
                          CONTENT="potentias"/>
               </TextLine>
               <TextLine ID="r1l45"
                         BASELINE="2209"
                         HEIGHT="49"
                         WIDTH="1463"
                         VPOS="2160"
                         HPOS="140">
                  <String HEIGHT="49"
                          WIDTH="129"
                          VPOS="2160"
                          HPOS="126"
                          CONTENT="inter"/>
                  <SP HEIGHT="49" WIDTH="14" VPOS="2160" HPOS="255"/>
                  <String HEIGHT="49"
                          WIDTH="158"
                          VPOS="2160"
                          HPOS="212"
                          CONTENT="diuinas"/>
                  <SP HEIGHT="49" WIDTH="14" VPOS="2160" HPOS="369"/>
                  <String HEIGHT="49"
                          WIDTH="172"
                          VPOS="2160"
                          HPOS="326"
                          CONTENT="personas"/>
                  <SP HEIGHT="49" WIDTH="14" VPOS="2160" HPOS="499"/>
                  <String HEIGHT="49"
                          WIDTH="115"
                          VPOS="2160"
                          HPOS="456"
                          CONTENT="sint"/>
                  <SP HEIGHT="49" WIDTH="14" VPOS="2160" HPOS="570"/>
                  <String HEIGHT="49"
                          WIDTH="172"
                          VPOS="2160"
                          HPOS="527"
                          CONTENT="secundum"/>
                  <SP HEIGHT="49" WIDTH="14" VPOS="2160" HPOS="699"/>
                  <String HEIGHT="49"
                          WIDTH="115"
                          VPOS="2160"
                          HPOS="656"
                          CONTENT="rem,"/>
                  <SP HEIGHT="49" WIDTH="14" VPOS="2160" HPOS="771"/>
                  <String HEIGHT="49" WIDTH="86" VPOS="2160" HPOS="728" CONTENT="vt"/>
                  <SP HEIGHT="49" WIDTH="14" VPOS="2160" HPOS="814"/>
                  <String HEIGHT="49"
                          WIDTH="129"
                          VPOS="2160"
                          HPOS="771"
                          CONTENT="visum"/>
                  <SP HEIGHT="49" WIDTH="14" VPOS="2160" HPOS="900"/>
                  <String HEIGHT="49"
                          WIDTH="100"
                          VPOS="2160"
                          HPOS="857"
                          CONTENT="est"/>
                  <SP HEIGHT="49" WIDTH="14" VPOS="2160" HPOS="958"/>
                  <String HEIGHT="49"
                          WIDTH="143"
                          VPOS="2160"
                          HPOS="915"
                          CONTENT="supra,"/>
                  <SP HEIGHT="49" WIDTH="14" VPOS="2160" HPOS="1058"/>
                  <String HEIGHT="49" WIDTH="72" VPOS="2160" HPOS="1015" CONTENT="&amp;"/>
                  <SP HEIGHT="49" WIDTH="14" VPOS="2160" HPOS="1087"/>
                  <String HEIGHT="49"
                          WIDTH="172"
                          VPOS="2160"
                          HPOS="1044"
                          CONTENT="communes"/>
                  <SP HEIGHT="49" WIDTH="14" VPOS="2160" HPOS="1216"/>
                  <String HEIGHT="49"
                          WIDTH="115"
                          VPOS="2160"
                          HPOS="1173"
                          CONTENT="sint"/>
                  <SP HEIGHT="49" WIDTH="14" VPOS="2160" HPOS="1287"/>
                  <String HEIGHT="49"
                          WIDTH="172"
                          VPOS="2160"
                          HPOS="1244"
                          CONTENT="secundum"/>
                  <SP HEIGHT="49" WIDTH="14" VPOS="2160" HPOS="1417"/>
                  <String HEIGHT="49"
                          WIDTH="172"
                          VPOS="2160"
                          HPOS="1374"
                          CONTENT="rationem"/>
                  <SP HEIGHT="49" WIDTH="14" VPOS="2160" HPOS="1546"/>
                  <String HEIGHT="49"
                          WIDTH="115"
                          VPOS="2160"
                          HPOS="1488"
                          CONTENT="tantum"/>
               </TextLine>
               <TextLine ID="r1l46"
                         BASELINE="2265"
                         HEIGHT="61"
                         WIDTH="1470"
                         VPOS="2204"
                         HPOS="137">
                  <String HEIGHT="61" WIDTH="86" VPOS="2204" HPOS="123" CONTENT="vt"/>
                  <SP HEIGHT="61" WIDTH="14" VPOS="2204" HPOS="209"/>
                  <String HEIGHT="61"
                          WIDTH="187"
                          VPOS="2204"
                          HPOS="166"
                          CONTENT="videbitur"/>
                  <SP HEIGHT="61" WIDTH="14" VPOS="2204" HPOS="353"/>
                  <String HEIGHT="61"
                          WIDTH="144"
                          VPOS="2204"
                          HPOS="310"
                          CONTENT="infra:"/>
                  <SP HEIGHT="61" WIDTH="14" VPOS="2204" HPOS="454"/>
                  <String HEIGHT="61"
                          WIDTH="101"
                          VPOS="2204"
                          HPOS="411"
                          CONTENT="aut"/>
                  <SP HEIGHT="61" WIDTH="14" VPOS="2204" HPOS="512"/>
                  <String HEIGHT="61"
                          WIDTH="115"
                          VPOS="2204"
                          HPOS="468"
                          CONTENT="ergo"/>
                  <SP HEIGHT="61" WIDTH="14" VPOS="2204" HPOS="584"/>
                  <String HEIGHT="61"
                          WIDTH="173"
                          VPOS="2204"
                          HPOS="541"
                          CONTENT="communes"/>
                  <SP HEIGHT="61" WIDTH="14" VPOS="2204" HPOS="713"/>
                  <String HEIGHT="61"
                          WIDTH="202"
                          VPOS="2204"
                          HPOS="670"
                          CONTENT="inciderent"/>
                  <SP HEIGHT="61" WIDTH="14" VPOS="2204" HPOS="872"/>
                  <String HEIGHT="61" WIDTH="86" VPOS="2204" HPOS="829" CONTENT="in"/>
                  <SP HEIGHT="61" WIDTH="14" VPOS="2204" HPOS="915"/>
                  <String HEIGHT="61"
                          WIDTH="144"
                          VPOS="2204"
                          HPOS="872"
                          CONTENT="illas,"/>
                  <SP HEIGHT="61" WIDTH="14" VPOS="2204" HPOS="1016"/>
                  <String HEIGHT="61" WIDTH="72" VPOS="2204" HPOS="973" CONTENT="&amp;"/>
                  <SP HEIGHT="61" WIDTH="14" VPOS="2204" HPOS="1045"/>
                  <String HEIGHT="61"
                          WIDTH="101"
                          VPOS="2204"
                          HPOS="1002"
                          CONTENT="ita"/>
                  <SP HEIGHT="61" WIDTH="14" VPOS="2204" HPOS="1103"/>
                  <String HEIGHT="61"
                          WIDTH="130"
                          VPOS="2204"
                          HPOS="1059"
                          CONTENT="ipsae"/>
                  <SP HEIGHT="61" WIDTH="14" VPOS="2204" HPOS="1189"/>
                  <String HEIGHT="61"
                          WIDTH="144"
                          VPOS="2204"
                          HPOS="1146"
                          CONTENT="essent"/>
                  <SP HEIGHT="61" WIDTH="14" VPOS="2204" HPOS="1290"/>
                  <String HEIGHT="61"
                          WIDTH="202"
                          VPOS="2204"
                          HPOS="1247"
                          CONTENT="relationes"/>
                  <SP HEIGHT="61" WIDTH="14" VPOS="2204" HPOS="1448"/>
                  <String HEIGHT="61"
                          WIDTH="173"
                          VPOS="2204"
                          HPOS="1405"
                          CONTENT="secundum"/>
                  <SP HEIGHT="61" WIDTH="14" VPOS="2204" HPOS="1578"/>
                  <String HEIGHT="61"
                          WIDTH="86"
                          VPOS="2204"
                          HPOS="1521"
                          CONTENT="rem:"/>
               </TextLine>
               <TextLine ID="r1l47"
                         BASELINE="2303"
                         HEIGHT="51"
                         WIDTH="1470"
                         VPOS="2252"
                         HPOS="135">
                  <String HEIGHT="51" WIDTH="96" VPOS="2252" HPOS="121" CONTENT="aut"/>
                  <SP HEIGHT="51" WIDTH="14" VPOS="2252" HPOS="217"/>
                  <String HEIGHT="51"
                          WIDTH="124"
                          VPOS="2252"
                          HPOS="176"
                          CONTENT="illae"/>
                  <SP HEIGHT="51" WIDTH="14" VPOS="2252" HPOS="300"/>
                  <String HEIGHT="51" WIDTH="82" VPOS="2252" HPOS="259" CONTENT="in"/>
                  <SP HEIGHT="51" WIDTH="14" VPOS="2252" HPOS="341"/>
                  <String HEIGHT="51"
                          WIDTH="137"
                          VPOS="2252"
                          HPOS="300"
                          CONTENT="istas,"/>
                  <SP HEIGHT="51" WIDTH="14" VPOS="2252" HPOS="437"/>
                  <String HEIGHT="51" WIDTH="69" VPOS="2252" HPOS="396" CONTENT="&amp;"/>
                  <SP HEIGHT="51" WIDTH="14" VPOS="2252" HPOS="465"/>
                  <String HEIGHT="51" WIDTH="96" VPOS="2252" HPOS="424" CONTENT="ita"/>
                  <SP HEIGHT="51" WIDTH="14" VPOS="2252" HPOS="520"/>
                  <String HEIGHT="51"
                          WIDTH="124"
                          VPOS="2252"
                          HPOS="478"
                          CONTENT="illae"/>
                  <SP HEIGHT="51" WIDTH="14" VPOS="2252" HPOS="602"/>
                  <String HEIGHT="51"
                          WIDTH="137"
                          VPOS="2252"
                          HPOS="561"
                          CONTENT="essent"/>
                  <SP HEIGHT="51" WIDTH="14" VPOS="2252" HPOS="698"/>
                  <String HEIGHT="51"
                          WIDTH="165"
                          VPOS="2252"
                          HPOS="657"
                          CONTENT="secundum"/>
                  <SP HEIGHT="51" WIDTH="14" VPOS="2252" HPOS="822"/>
                  <String HEIGHT="51"
                          WIDTH="179"
                          VPOS="2252"
                          HPOS="781"
                          CONTENT="rationem:"/>
                  <SP HEIGHT="51" WIDTH="14" VPOS="2252" HPOS="959"/>
                  <String HEIGHT="51"
                          WIDTH="137"
                          VPOS="2252"
                          HPOS="918"
                          CONTENT="quorum"/>
                  <SP HEIGHT="51" WIDTH="14" VPOS="2252" HPOS="1055"/>
                  <String HEIGHT="51"
                          WIDTH="165"
                          VPOS="2252"
                          HPOS="1014"
                          CONTENT="vtrumque"/>
                  <SP HEIGHT="51" WIDTH="14" VPOS="2252" HPOS="1179"/>
                  <String HEIGHT="51"
                          WIDTH="137"
                          VPOS="2252"
                          HPOS="1138"
                          CONTENT="falsum"/>
                  <SP HEIGHT="51" WIDTH="14" VPOS="2252" HPOS="1275"/>
                  <String HEIGHT="51"
                          WIDTH="110"
                          VPOS="2252"
                          HPOS="1234"
                          CONTENT="est."/>
                  <SP HEIGHT="51" WIDTH="14" VPOS="2252" HPOS="1344"/>
                  <String HEIGHT="51"
                          WIDTH="137"
                          VPOS="2252"
                          HPOS="1303"
                          CONTENT="Manent"/>
                  <SP HEIGHT="51" WIDTH="14" VPOS="2252" HPOS="1440"/>
                  <String HEIGHT="51"
                          WIDTH="110"
                          VPOS="2252"
                          HPOS="1399"
                          CONTENT="enim"/>
                  <SP HEIGHT="51" WIDTH="14" VPOS="2252" HPOS="1509"/>
                  <String HEIGHT="51"
                          WIDTH="151"
                          VPOS="2252"
                          HPOS="1454"
                          CONTENT="differen"
                          SUBS_TYPE="HypPart1"
                          SUBS_CONTENT="differentes"/>
                  <HYP CONTENT="-"/>
               </TextLine>
               <TextLine ID="r1l48"
                         BASELINE="2349"
                         HEIGHT="54"
                         WIDTH="1459"
                         VPOS="2295"
                         HPOS="143">
                  <String HEIGHT="54"
                          WIDTH="96"
                          VPOS="2295"
                          HPOS="129"
                          CONTENT="tes"
                          SUBS_TYPE="HypPart2"
                          SUBS_CONTENT="differentes"/>
                  <SP HEIGHT="54" WIDTH="14" VPOS="2295" HPOS="226"/>
                  <String HEIGHT="54"
                          WIDTH="124"
                          VPOS="2295"
                          HPOS="184"
                          CONTENT="illae"/>
                  <SP HEIGHT="54" WIDTH="14" VPOS="2295" HPOS="308"/>
                  <String HEIGHT="54"
                          WIDTH="110"
                          VPOS="2295"
                          HPOS="267"
                          CONTENT="quae"/>
                  <SP HEIGHT="54" WIDTH="14" VPOS="2295" HPOS="377"/>
                  <String HEIGHT="54"
                          WIDTH="110"
                          VPOS="2295"
                          HPOS="336"
                          CONTENT="sunt"/>
                  <SP HEIGHT="54" WIDTH="14" VPOS="2295" HPOS="446"/>
                  <String HEIGHT="54" WIDTH="83" VPOS="2295" HPOS="405" CONTENT="in"/>
                  <SP HEIGHT="54" WIDTH="14" VPOS="2295" HPOS="487"/>
                  <String HEIGHT="54"
                          WIDTH="193"
                          VPOS="2295"
                          HPOS="446"
                          CONTENT="potentiis,"/>
                  <SP HEIGHT="54" WIDTH="14" VPOS="2295" HPOS="639"/>
                  <String HEIGHT="54" WIDTH="69" VPOS="2295" HPOS="597" CONTENT="&amp;"/>
                  <SP HEIGHT="54" WIDTH="14" VPOS="2295" HPOS="666"/>
                  <String HEIGHT="54"
                          WIDTH="124"
                          VPOS="2295"
                          HPOS="625"
                          CONTENT="illae"/>
                  <SP HEIGHT="54" WIDTH="14" VPOS="2295" HPOS="749"/>
                  <String HEIGHT="54"
                          WIDTH="110"
                          VPOS="2295"
                          HPOS="707"
                          CONTENT="quae"/>
                  <SP HEIGHT="54" WIDTH="14" VPOS="2295" HPOS="817"/>
                  <String HEIGHT="54"
                          WIDTH="110"
                          VPOS="2295"
                          HPOS="776"
                          CONTENT="sunt"/>
                  <SP HEIGHT="54" WIDTH="14" VPOS="2295" HPOS="886"/>
                  <String HEIGHT="54"
                          WIDTH="179"
                          VPOS="2295"
                          HPOS="845"
                          CONTENT="communes."/>
                  <SP HEIGHT="54" WIDTH="14" VPOS="2295" HPOS="1024"/>
                  <String HEIGHT="54"
                          WIDTH="138"
                          VPOS="2295"
                          HPOS="983"
                          CONTENT="Manent"/>
                  <SP HEIGHT="54" WIDTH="14" VPOS="2295" HPOS="1120"/>
                  <String HEIGHT="54"
                          WIDTH="110"
                          VPOS="2295"
                          HPOS="1079"
                          CONTENT="ergo"/>
                  <SP HEIGHT="54" WIDTH="14" VPOS="2295" HPOS="1189"/>
                  <String HEIGHT="54"
                          WIDTH="124"
                          VPOS="2295"
                          HPOS="1148"
                          CONTENT="etiam"/>
                  <SP HEIGHT="54" WIDTH="14" VPOS="2295" HPOS="1272"/>
                  <String HEIGHT="54"
                          WIDTH="206"
                          VPOS="2295"
                          HPOS="1230"
                          CONTENT="differentes"/>
                  <SP HEIGHT="54" WIDTH="14" VPOS="2295" HPOS="1437"/>
                  <String HEIGHT="54" WIDTH="83" VPOS="2295" HPOS="1396" CONTENT="in"/>
                  <SP HEIGHT="54" WIDTH="14" VPOS="2295" HPOS="1478"/>
                  <String HEIGHT="54"
                          WIDTH="151"
                          VPOS="2295"
                          HPOS="1437"
                          CONTENT="diuinis"/>
                  <SP HEIGHT="54" WIDTH="14" VPOS="2295" HPOS="1588"/>
                  <String HEIGHT="54"
                          WIDTH="69"
                          VPOS="2295"
                          HPOS="1533"
                          CONTENT="con"/>
               </TextLine>
               <TextLine ID="r1l49"
                         BASELINE="2392"
                         HEIGHT="49"
                         WIDTH="1468"
                         VPOS="2343"
                         HPOS="131">
                  <String HEIGHT="49"
                          WIDTH="125"
                          VPOS="2343"
                          HPOS="117"
                          CONTENT="munes"/>
                  <SP HEIGHT="49" WIDTH="14" VPOS="2343" HPOS="242"/>
                  <String HEIGHT="49" WIDTH="83" VPOS="2343" HPOS="200" CONTENT="ab"/>
                  <SP HEIGHT="49" WIDTH="14" VPOS="2343" HPOS="283"/>
                  <String HEIGHT="49"
                          WIDTH="125"
                          VPOS="2343"
                          HPOS="242"
                          CONTENT="aliis"/>
                  <SP HEIGHT="49" WIDTH="14" VPOS="2343" HPOS="366"/>
                  <String HEIGHT="49" WIDTH="69" VPOS="2343" HPOS="325" CONTENT="&amp;"/>
                  <SP HEIGHT="49" WIDTH="14" VPOS="2343" HPOS="394"/>
                  <String HEIGHT="49"
                          WIDTH="125"
                          VPOS="2343"
                          HPOS="353"
                          CONTENT="inter"/>
                  <SP HEIGHT="49" WIDTH="14" VPOS="2343" HPOS="477"/>
                  <String HEIGHT="49" WIDTH="97" VPOS="2343" HPOS="436" CONTENT="se:"/>
                  <SP HEIGHT="49" WIDTH="14" VPOS="2343" HPOS="533"/>
                  <String HEIGHT="49" WIDTH="69" VPOS="2343" HPOS="491" CONTENT="&amp;"/>
                  <SP HEIGHT="49" WIDTH="14" VPOS="2343" HPOS="560"/>
                  <String HEIGHT="49"
                          WIDTH="180"
                          VPOS="2343"
                          HPOS="519"
                          CONTENT="similiter"/>
                  <SP HEIGHT="49" WIDTH="14" VPOS="2343" HPOS="699"/>
                  <String HEIGHT="49"
                          WIDTH="111"
                          VPOS="2343"
                          HPOS="657"
                          CONTENT="illa"/>
                  <SP HEIGHT="49" WIDTH="14" VPOS="2343" HPOS="768"/>
                  <String HEIGHT="49"
                          WIDTH="111"
                          VPOS="2343"
                          HPOS="727"
                          CONTENT="quae"/>
                  <SP HEIGHT="49" WIDTH="14" VPOS="2343" HPOS="837"/>
                  <String HEIGHT="49" WIDTH="97" VPOS="2343" HPOS="796" CONTENT="est"/>
                  <SP HEIGHT="49" WIDTH="14" VPOS="2343" HPOS="893"/>
                  <String HEIGHT="49" WIDTH="83" VPOS="2343" HPOS="851" CONTENT="in"/>
                  <SP HEIGHT="49" WIDTH="14" VPOS="2343" HPOS="934"/>
                  <String HEIGHT="49"
                          WIDTH="166"
                          VPOS="2343"
                          HPOS="893"
                          CONTENT="potentia"/>
                  <SP HEIGHT="49" WIDTH="14" VPOS="2343" HPOS="1059"/>
                  <String HEIGHT="49"
                          WIDTH="152"
                          VPOS="2343"
                          HPOS="1017"
                          CONTENT="actiua,"/>
                  <SP HEIGHT="49" WIDTH="14" VPOS="2343" HPOS="1170"/>
                  <String HEIGHT="49" WIDTH="83" VPOS="2343" HPOS="1128" CONTENT="ab"/>
                  <SP HEIGHT="49" WIDTH="14" VPOS="2343" HPOS="1211"/>
                  <String HEIGHT="49"
                          WIDTH="111"
                          VPOS="2343"
                          HPOS="1170"
                          CONTENT="illa"/>
                  <SP HEIGHT="49" WIDTH="14" VPOS="2343" HPOS="1280"/>
                  <String HEIGHT="49"
                          WIDTH="111"
                          VPOS="2343"
                          HPOS="1239"
                          CONTENT="quae"/>
                  <SP HEIGHT="49" WIDTH="14" VPOS="2343" HPOS="1350"/>
                  <String HEIGHT="49"
                          WIDTH="97"
                          VPOS="2343"
                          HPOS="1308"
                          CONTENT="est"/>
                  <SP HEIGHT="49" WIDTH="14" VPOS="2343" HPOS="1405"/>
                  <String HEIGHT="49" WIDTH="83" VPOS="2343" HPOS="1364" CONTENT="in"/>
                  <SP HEIGHT="49" WIDTH="14" VPOS="2343" HPOS="1447"/>
                  <String HEIGHT="49"
                          WIDTH="152"
                          VPOS="2343"
                          HPOS="1405"
                          CONTENT="mensura"/>
                  <SP HEIGHT="49" WIDTH="14" VPOS="2343" HPOS="1557"/>
                  <String HEIGHT="49"
                          WIDTH="97"
                          VPOS="2343"
                          HPOS="1502"
                          CONTENT="inter"/>
               </TextLine>
               <TextLine ID="r1l50"
                         BASELINE="2435"
                         HEIGHT="52"
                         WIDTH="1467"
                         VPOS="2383"
                         HPOS="138">
                  <String HEIGHT="52" WIDTH="90" VPOS="2383" HPOS="123" CONTENT="se"/>
                  <SP HEIGHT="52" WIDTH="15" VPOS="2383" HPOS="213"/>
                  <String HEIGHT="52" WIDTH="75" VPOS="2383" HPOS="168" CONTENT="&amp;"/>
                  <SP HEIGHT="52" WIDTH="15" VPOS="2383" HPOS="243"/>
                  <String HEIGHT="52" WIDTH="90" VPOS="2383" HPOS="198" CONTENT="ab"/>
                  <SP HEIGHT="52" WIDTH="15" VPOS="2383" HPOS="288"/>
                  <String HEIGHT="52"
                          WIDTH="150"
                          VPOS="2383"
                          HPOS="243"
                          CONTENT="aliis."/>
                  <SP HEIGHT="52" WIDTH="15" VPOS="2383" HPOS="392"/>
                  <String HEIGHT="52" WIDTH="90" VPOS="2383" HPOS="348" CONTENT="Et"/>
                  <SP HEIGHT="52" WIDTH="15" VPOS="2383" HPOS="437"/>
                  <String HEIGHT="52"
                          WIDTH="105"
                          VPOS="2383"
                          HPOS="392"
                          CONTENT="sic"/>
                  <SP HEIGHT="52" WIDTH="15" VPOS="2383" HPOS="497"/>
                  <String HEIGHT="52"
                          WIDTH="180"
                          VPOS="2383"
                          HPOS="452"
                          CONTENT="secundum"/>
                  <SP HEIGHT="52" WIDTH="15" VPOS="2383" HPOS="632"/>
                  <String HEIGHT="52"
                          WIDTH="135"
                          VPOS="2383"
                          HPOS="587"
                          CONTENT="modum"/>
                  <SP HEIGHT="52" WIDTH="15" VPOS="2383" HPOS="722"/>
                  <String HEIGHT="52"
                          WIDTH="105"
                          VPOS="2383"
                          HPOS="677"
                          CONTENT="iam"/>
                  <SP HEIGHT="52" WIDTH="15" VPOS="2383" HPOS="782"/>
                  <String HEIGHT="52"
                          WIDTH="150"
                          VPOS="2383"
                          HPOS="737"
                          CONTENT="dictum"/>
                  <SP HEIGHT="52" WIDTH="15" VPOS="2383" HPOS="886"/>
                  <String HEIGHT="52"
                          WIDTH="210"
                          VPOS="2383"
                          HPOS="842"
                          CONTENT="relationes"/>
                  <SP HEIGHT="52" WIDTH="15" VPOS="2383" HPOS="1051"/>
                  <String HEIGHT="52"
                          WIDTH="180"
                          VPOS="2383"
                          HPOS="1006"
                          CONTENT="communes"/>
                  <SP HEIGHT="52" WIDTH="15" VPOS="2383" HPOS="1186"/>
                  <String HEIGHT="52"
                          WIDTH="135"
                          VPOS="2383"
                          HPOS="1141"
                          CONTENT="inter"/>
                  <SP HEIGHT="52" WIDTH="15" VPOS="2383" HPOS="1276"/>
                  <String HEIGHT="52"
                          WIDTH="150"
                          VPOS="2383"
                          HPOS="1231"
                          CONTENT="easdem"/>
                  <SP HEIGHT="52" WIDTH="15" VPOS="2383" HPOS="1380"/>
                  <String HEIGHT="52"
                          WIDTH="180"
                          VPOS="2383"
                          HPOS="1336"
                          CONTENT="personas"/>
                  <SP HEIGHT="52" WIDTH="15" VPOS="2383" HPOS="1515"/>
                  <String HEIGHT="52" WIDTH="90" VPOS="2383" HPOS="1470" CONTENT="ab"/>
                  <SP HEIGHT="52" WIDTH="15" VPOS="2383" HPOS="1560"/>
                  <String HEIGHT="52"
                          WIDTH="105"
                          VPOS="2383"
                          HPOS="1500"
                          CONTENT="aliis"/>
               </TextLine>
               <TextLine ID="r1l51"
                         BASELINE="2482"
                         HEIGHT="50"
                         WIDTH="1485"
                         VPOS="2432"
                         HPOS="130">
                  <String HEIGHT="50" WIDTH="71" VPOS="2432" HPOS="116" CONTENT="&amp;"/>
                  <SP HEIGHT="50" WIDTH="14" VPOS="2432" HPOS="187"/>
                  <String HEIGHT="50"
                          WIDTH="129"
                          VPOS="2432"
                          HPOS="144"
                          CONTENT="inter"/>
                  <SP HEIGHT="50" WIDTH="14" VPOS="2432" HPOS="273"/>
                  <String HEIGHT="50" WIDTH="86" VPOS="2432" HPOS="230" CONTENT="se"/>
                  <SP HEIGHT="50" WIDTH="14" VPOS="2432" HPOS="316"/>
                  <String HEIGHT="50"
                          WIDTH="186"
                          VPOS="2432"
                          HPOS="273"
                          CONTENT="differunt"/>
                  <SP HEIGHT="50" WIDTH="14" VPOS="2432" HPOS="458"/>
                  <String HEIGHT="50"
                          WIDTH="243"
                          VPOS="2432"
                          HPOS="416"
                          CONTENT="quantumcumque"/>
                  <SP HEIGHT="50" WIDTH="14" VPOS="2432" HPOS="658"/>
                  <String HEIGHT="50"
                          WIDTH="214"
                          VPOS="2432"
                          HPOS="615"
                          CONTENT="coincidant."/>
                  <SP HEIGHT="50" WIDTH="14" VPOS="2432" HPOS="830"/>
                  <String HEIGHT="50" WIDTH="86" VPOS="2432" HPOS="787" CONTENT="Et"/>
                  <SP HEIGHT="50" WIDTH="14" VPOS="2432" HPOS="873"/>
                  <String HEIGHT="50"
                          WIDTH="186"
                          VPOS="2432"
                          HPOS="830"
                          CONTENT="similiter"/>
                  <SP HEIGHT="50" WIDTH="14" VPOS="2432" HPOS="1015"/>
                  <String HEIGHT="50" WIDTH="86" VPOS="2432" HPOS="972" CONTENT="in"/>
                  <SP HEIGHT="50" WIDTH="14" VPOS="2432" HPOS="1058"/>
                  <String HEIGHT="50"
                          WIDTH="186"
                          VPOS="2432"
                          HPOS="1015"
                          CONTENT="creaturis"/>
                  <SP HEIGHT="50" WIDTH="14" VPOS="2432" HPOS="1201"/>
                  <String HEIGHT="50"
                          WIDTH="143"
                          VPOS="2432"
                          HPOS="1158"
                          CONTENT="quando"/>
                  <SP HEIGHT="50" WIDTH="14" VPOS="2432" HPOS="1301"/>
                  <String HEIGHT="50"
                          WIDTH="214"
                          VPOS="2432"
                          HPOS="1258"
                          CONTENT="calefaciens"/>
                  <SP HEIGHT="50" WIDTH="14" VPOS="2432" HPOS="1472"/>
                  <String HEIGHT="50"
                          WIDTH="171"
                          VPOS="2432"
                          HPOS="1429"
                          CONTENT="refertur"/>
                  <SP HEIGHT="50" WIDTH="14" VPOS="2432" HPOS="1601"/>
                  <String HEIGHT="50" WIDTH="86" VPOS="2432" HPOS="1558" CONTENT="ad"/>
                  <SP HEIGHT="50" WIDTH="14" VPOS="2432" HPOS="1644"/>
                  <String HEIGHT="50" WIDTH="29" VPOS="2432" HPOS="1586" CONTENT=""/>
               </TextLine>
               <TextLine ID="r1l52"
                         BASELINE="2534"
                         HEIGHT="56"
                         WIDTH="1470"
                         VPOS="2478"
                         HPOS="143">
                  <String HEIGHT="56"
                          WIDTH="208"
                          VPOS="2478"
                          HPOS="128"
                          CONTENT="calefactum"/>
                  <SP HEIGHT="56" WIDTH="15" VPOS="2478" HPOS="336"/>
                  <String HEIGHT="56"
                          WIDTH="178"
                          VPOS="2478"
                          HPOS="291"
                          CONTENT="secundum"/>
                  <SP HEIGHT="56" WIDTH="15" VPOS="2478" HPOS="470"/>
                  <String HEIGHT="56"
                          WIDTH="208"
                          VPOS="2478"
                          HPOS="425"
                          CONTENT="relationem"/>
                  <SP HEIGHT="56" WIDTH="15" VPOS="2478" HPOS="633"/>
                  <String HEIGHT="56"
                          WIDTH="148"
                          VPOS="2478"
                          HPOS="588"
                          CONTENT="actiui"/>
                  <SP HEIGHT="56" WIDTH="15" VPOS="2478" HPOS="737"/>
                  <String HEIGHT="56" WIDTH="74" VPOS="2478" HPOS="692" CONTENT="&amp;"/>
                  <SP HEIGHT="56" WIDTH="15" VPOS="2478" HPOS="767"/>
                  <String HEIGHT="56"
                          WIDTH="178"
                          VPOS="2478"
                          HPOS="722"
                          CONTENT="passiui,"/>
                  <SP HEIGHT="56" WIDTH="15" VPOS="2478" HPOS="900"/>
                  <String HEIGHT="56" WIDTH="74" VPOS="2478" HPOS="856" CONTENT="&amp;"/>
                  <SP HEIGHT="56" WIDTH="15" VPOS="2478" HPOS="930"/>
                  <String HEIGHT="56"
                          WIDTH="134"
                          VPOS="2478"
                          HPOS="885"
                          CONTENT="etiam"/>
                  <SP HEIGHT="56" WIDTH="15" VPOS="2478" HPOS="1019"/>
                  <String HEIGHT="56"
                          WIDTH="178"
                          VPOS="2478"
                          HPOS="975"
                          CONTENT="secundum"/>
                  <SP HEIGHT="56" WIDTH="15" VPOS="2478" HPOS="1153"/>
                  <String HEIGHT="56"
                          WIDTH="208"
                          VPOS="2478"
                          HPOS="1108"
                          CONTENT="relationem"/>
                  <SP HEIGHT="56" WIDTH="15" VPOS="2478" HPOS="1316"/>
                  <String HEIGHT="56"
                          WIDTH="267"
                          VPOS="2478"
                          HPOS="1271"
                          CONTENT="similitudinis,"/>
                  <SP HEIGHT="56" WIDTH="15" VPOS="2478" HPOS="1539"/>
                  <String HEIGHT="56"
                          WIDTH="134"
                          VPOS="2478"
                          HPOS="1479"
                          CONTENT="inquan"
                          SUBS_TYPE="HypPart1"
                          SUBS_CONTENT="inquantum"/>
                  <HYP CONTENT="-"/>
               </TextLine>
               <TextLine ID="r1l53"
                         BASELINE="2567"
                         HEIGHT="44"
                         WIDTH="1470"
                         VPOS="2523"
                         HPOS="136">
                  <String HEIGHT="44"
                          WIDTH="96"
                          VPOS="2523"
                          HPOS="122"
                          CONTENT="tum"
                          SUBS_TYPE="HypPart2"
                          SUBS_CONTENT="inquantum"/>
                  <SP HEIGHT="44" WIDTH="14" VPOS="2523" HPOS="218"/>
                  <String HEIGHT="44"
                          WIDTH="165"
                          VPOS="2523"
                          HPOS="177"
                          CONTENT="vtrumque"/>
                  <SP HEIGHT="44" WIDTH="14" VPOS="2523" HPOS="342"/>
                  <String HEIGHT="44"
                          WIDTH="151"
                          VPOS="2523"
                          HPOS="301"
                          CONTENT="illorum"/>
                  <SP HEIGHT="44" WIDTH="14" VPOS="2523" HPOS="452"/>
                  <String HEIGHT="44" WIDTH="96" VPOS="2523" HPOS="411" CONTENT="est"/>
                  <SP HEIGHT="44" WIDTH="14" VPOS="2523" HPOS="507"/>
                  <String HEIGHT="44"
                          WIDTH="165"
                          VPOS="2523"
                          HPOS="466"
                          CONTENT="calidum,"/>
                  <SP HEIGHT="44" WIDTH="14" VPOS="2523" HPOS="631"/>
                  <String HEIGHT="44"
                          WIDTH="110"
                          VPOS="2523"
                          HPOS="589"
                          CONTENT="quae"/>
                  <SP HEIGHT="44" WIDTH="14" VPOS="2523" HPOS="699"/>
                  <String HEIGHT="44" WIDTH="96" VPOS="2523" HPOS="658" CONTENT="est"/>
                  <SP HEIGHT="44" WIDTH="14" VPOS="2523" HPOS="754"/>
                  <String HEIGHT="44"
                          WIDTH="151"
                          VPOS="2523"
                          HPOS="713"
                          CONTENT="relatio"/>
                  <SP HEIGHT="44" WIDTH="14" VPOS="2523" HPOS="864"/>
                  <String HEIGHT="44"
                          WIDTH="179"
                          VPOS="2523"
                          HPOS="823"
                          CONTENT="communis,"/>
                  <SP HEIGHT="44" WIDTH="14" VPOS="2523" HPOS="1002"/>
                  <String HEIGHT="44"
                          WIDTH="137"
                          VPOS="2523"
                          HPOS="960"
                          CONTENT="neutra"/>
                  <SP HEIGHT="44" WIDTH="14" VPOS="2523" HPOS="1098"/>
                  <String HEIGHT="44"
                          WIDTH="151"
                          VPOS="2523"
                          HPOS="1056"
                          CONTENT="illarum"/>
                  <SP HEIGHT="44" WIDTH="14" VPOS="2523" HPOS="1208"/>
                  <String HEIGHT="44"
                          WIDTH="151"
                          VPOS="2523"
                          HPOS="1166"
                          CONTENT="incidit"/>
                  <SP HEIGHT="44" WIDTH="14" VPOS="2523" HPOS="1317"/>
                  <String HEIGHT="44" WIDTH="82" VPOS="2523" HPOS="1276" CONTENT="in"/>
                  <SP HEIGHT="44" WIDTH="14" VPOS="2523" HPOS="1359"/>
                  <String HEIGHT="44"
                          WIDTH="137"
                          VPOS="2523"
                          HPOS="1317"
                          CONTENT="aliam,"/>
                  <SP HEIGHT="44" WIDTH="14" VPOS="2523" HPOS="1455"/>
                  <String HEIGHT="44"
                          WIDTH="124"
                          VPOS="2523"
                          HPOS="1414"
                          CONTENT="licet"/>
                  <SP HEIGHT="44" WIDTH="14" VPOS="2523" HPOS="1537"/>
                  <String HEIGHT="44"
                          WIDTH="96"
                          VPOS="2523"
                          HPOS="1496"
                          CONTENT="per"/>
                  <SP HEIGHT="44" WIDTH="14" VPOS="2523" HPOS="1592"/>
                  <String HEIGHT="44"
                          WIDTH="69"
                          VPOS="2523"
                          HPOS="1537"
                          CONTENT="hoc"/>
               </TextLine>
               <TextLine ID="r1l54"
                         BASELINE="2623"
                         HEIGHT="55"
                         WIDTH="1457"
                         VPOS="2568"
                         HPOS="144">
                  <String HEIGHT="55"
                          WIDTH="103"
                          VPOS="2568"
                          HPOS="131"
                          CONTENT="quod"/>
                  <SP HEIGHT="55" WIDTH="13" VPOS="2568" HPOS="234"/>
                  <String HEIGHT="55"
                          WIDTH="193"
                          VPOS="2568"
                          HPOS="196"
                          CONTENT="calefaciens"/>
                  <SP HEIGHT="55" WIDTH="13" VPOS="2568" HPOS="389"/>
                  <String HEIGHT="55"
                          WIDTH="142"
                          VPOS="2568"
                          HPOS="350"
                          CONTENT="generat"/>
                  <SP HEIGHT="55" WIDTH="13" VPOS="2568" HPOS="492"/>
                  <String HEIGHT="55"
                          WIDTH="142"
                          VPOS="2568"
                          HPOS="453"
                          CONTENT="calorem"/>
                  <SP HEIGHT="55" WIDTH="13" VPOS="2568" HPOS="595"/>
                  <String HEIGHT="55" WIDTH="77" VPOS="2568" HPOS="557" CONTENT="in"/>
                  <SP HEIGHT="55" WIDTH="13" VPOS="2568" HPOS="634"/>
                  <String HEIGHT="55"
                          WIDTH="181"
                          VPOS="2568"
                          HPOS="595"
                          CONTENT="calefacto,"/>
                  <SP HEIGHT="55" WIDTH="13" VPOS="2568" HPOS="776"/>
                  <String HEIGHT="55"
                          WIDTH="116"
                          VPOS="2568"
                          HPOS="737"
                          CONTENT="facit"/>
                  <SP HEIGHT="55" WIDTH="13" VPOS="2568" HPOS="853"/>
                  <String HEIGHT="55"
                          WIDTH="116"
                          VPOS="2568"
                          HPOS="814"
                          CONTENT="illud"/>
                  <SP HEIGHT="55" WIDTH="13" VPOS="2568" HPOS="931"/>
                  <String HEIGHT="55"
                          WIDTH="155"
                          VPOS="2568"
                          HPOS="892"
                          CONTENT="calidum:"/>
                  <SP HEIGHT="55" WIDTH="13" VPOS="2568" HPOS="1047"/>
                  <String HEIGHT="55" WIDTH="77" VPOS="2568" HPOS="1008" CONTENT="ad"/>
                  <SP HEIGHT="55" WIDTH="13" VPOS="2568" HPOS="1085"/>
                  <String HEIGHT="55"
                          WIDTH="103"
                          VPOS="2568"
                          HPOS="1047"
                          CONTENT="quid"/>
                  <SP HEIGHT="55" WIDTH="13" VPOS="2568" HPOS="1150"/>
                  <String HEIGHT="55"
                          WIDTH="155"
                          VPOS="2568"
                          HPOS="1111"
                          CONTENT="sequitur"/>
                  <SP HEIGHT="55" WIDTH="13" VPOS="2568" HPOS="1266"/>
                  <String HEIGHT="55"
                          WIDTH="103"
                          VPOS="2568"
                          HPOS="1227"
                          CONTENT="quod"/>
                  <SP HEIGHT="55" WIDTH="13" VPOS="2568" HPOS="1330"/>
                  <String HEIGHT="55"
                          WIDTH="90"
                          VPOS="2568"
                          HPOS="1292"
                          CONTENT="sit"/>
                  <SP HEIGHT="55" WIDTH="13" VPOS="2568" HPOS="1382"/>
                  <String HEIGHT="55"
                          WIDTH="129"
                          VPOS="2568"
                          HPOS="1343"
                          CONTENT="simile"/>
                  <SP HEIGHT="55" WIDTH="13" VPOS="2568" HPOS="1472"/>
                  <String HEIGHT="55"
                          WIDTH="181"
                          VPOS="2568"
                          HPOS="1420"
                          CONTENT="calefacienti"/>
               </TextLine>
               <TextLine ID="r1l55"
                         BASELINE="2671"
                         HEIGHT="59"
                         WIDTH="1456"
                         VPOS="2612"
                         HPOS="148">
                  <String HEIGHT="59"
                          WIDTH="109"
                          VPOS="2612"
                          HPOS="134"
                          CONTENT="Quia"/>
                  <SP HEIGHT="59" WIDTH="14" VPOS="2612" HPOS="243"/>
                  <String HEIGHT="59" WIDTH="82" VPOS="2612" HPOS="202" CONTENT="si"/>
                  <SP HEIGHT="59" WIDTH="14" VPOS="2612" HPOS="284"/>
                  <String HEIGHT="59"
                          WIDTH="122"
                          VPOS="2612"
                          HPOS="243"
                          CONTENT="etiam"/>
                  <SP HEIGHT="59" WIDTH="14" VPOS="2612" HPOS="366"/>
                  <String HEIGHT="59"
                          WIDTH="204"
                          VPOS="2612"
                          HPOS="325"
                          CONTENT="contingeret"/>
                  <SP HEIGHT="59" WIDTH="14" VPOS="2612" HPOS="529"/>
                  <String HEIGHT="59"
                          WIDTH="109"
                          VPOS="2612"
                          HPOS="488"
                          CONTENT="quod"/>
                  <SP HEIGHT="59" WIDTH="14" VPOS="2612" HPOS="597"/>
                  <String HEIGHT="59"
                          WIDTH="136"
                          VPOS="2612"
                          HPOS="556"
                          CONTENT="ordine"/>
                  <SP HEIGHT="59" WIDTH="14" VPOS="2612" HPOS="692"/>
                  <String HEIGHT="59"
                          WIDTH="150"
                          VPOS="2612"
                          HPOS="651"
                          CONTENT="naturae"/>
                  <SP HEIGHT="59" WIDTH="14" VPOS="2612" HPOS="801"/>
                  <String HEIGHT="59"
                          WIDTH="191"
                          VPOS="2612"
                          HPOS="760"
                          CONTENT="calefactum"/>
                  <SP HEIGHT="59" WIDTH="14" VPOS="2612" HPOS="951"/>
                  <String HEIGHT="59" WIDTH="95" VPOS="2612" HPOS="910" CONTENT="non"/>
                  <SP HEIGHT="59" WIDTH="14" VPOS="2612" HPOS="1005"/>
                  <String HEIGHT="59"
                          WIDTH="136"
                          VPOS="2612"
                          HPOS="964"
                          CONTENT="posset"/>
                  <SP HEIGHT="59" WIDTH="14" VPOS="2612" HPOS="1101"/>
                  <String HEIGHT="59"
                          WIDTH="163"
                          VPOS="2612"
                          HPOS="1060"
                          CONTENT="recipere"/>
                  <SP HEIGHT="59" WIDTH="14" VPOS="2612" HPOS="1223"/>
                  <String HEIGHT="59"
                          WIDTH="150"
                          VPOS="2612"
                          HPOS="1182"
                          CONTENT="calorem"/>
                  <SP HEIGHT="59" WIDTH="14" VPOS="2612" HPOS="1332"/>
                  <String HEIGHT="59" WIDTH="68" VPOS="2612" HPOS="1291" CONTENT="a"/>
                  <SP HEIGHT="59" WIDTH="14" VPOS="2612" HPOS="1359"/>
                  <String HEIGHT="59"
                          WIDTH="218"
                          VPOS="2612"
                          HPOS="1318"
                          CONTENT="calefaciente"/>
                  <SP HEIGHT="59" WIDTH="14" VPOS="2612" HPOS="1536"/>
                  <String HEIGHT="59"
                          WIDTH="109"
                          VPOS="2612"
                          HPOS="1495"
                          CONTENT="nisi"/>
                  <SP HEIGHT="59" WIDTH="14" VPOS="2612" HPOS="1604"/>
                  <String HEIGHT="59" WIDTH="54" VPOS="2612" HPOS="1550" CONTENT="se"/>
               </TextLine>
               <TextLine ID="r1l56"
                         BASELINE="2714"
                         HEIGHT="61"
                         WIDTH="1479"
                         VPOS="2653"
                         HPOS="131">
                  <String HEIGHT="61"
                          WIDTH="159"
                          VPOS="2653"
                          HPOS="115"
                          CONTENT="cundum"/>
                  <SP HEIGHT="61" WIDTH="16" VPOS="2653" HPOS="274"/>
                  <String HEIGHT="61"
                          WIDTH="159"
                          VPOS="2653"
                          HPOS="226"
                          CONTENT="gradum"/>
                  <SP HEIGHT="61" WIDTH="16" VPOS="2653" HPOS="385"/>
                  <String HEIGHT="61"
                          WIDTH="239"
                          VPOS="2653"
                          HPOS="338"
                          CONTENT="inferiorem,"/>
                  <SP HEIGHT="61" WIDTH="16" VPOS="2653" HPOS="576"/>
                  <String HEIGHT="61" WIDTH="80" VPOS="2653" HPOS="529" CONTENT="&amp;"/>
                  <SP HEIGHT="61" WIDTH="16" VPOS="2653" HPOS="608"/>
                  <String HEIGHT="61"
                          WIDTH="111"
                          VPOS="2653"
                          HPOS="560"
                          CONTENT="sic"/>
                  <SP HEIGHT="61" WIDTH="16" VPOS="2653" HPOS="672"/>
                  <String HEIGHT="61"
                          WIDTH="223"
                          VPOS="2653"
                          HPOS="624"
                          CONTENT="calefactum"/>
                  <SP HEIGHT="61" WIDTH="16" VPOS="2653" HPOS="847"/>
                  <String HEIGHT="61"
                          WIDTH="175"
                          VPOS="2653"
                          HPOS="799"
                          CONTENT="ratione"/>
                  <SP HEIGHT="61" WIDTH="16" VPOS="2653" HPOS="974"/>
                  <String HEIGHT="61"
                          WIDTH="159"
                          VPOS="2653"
                          HPOS="926"
                          CONTENT="gradus"/>
                  <SP HEIGHT="61" WIDTH="16" VPOS="2653" HPOS="1085"/>
                  <String HEIGHT="61"
                          WIDTH="159"
                          VPOS="2653"
                          HPOS="1037"
                          CONTENT="illius"/>
                  <SP HEIGHT="61" WIDTH="16" VPOS="2653" HPOS="1197"/>
                  <String HEIGHT="61"
                          WIDTH="223"
                          VPOS="2653"
                          HPOS="1149"
                          CONTENT="referretur"/>
                  <SP HEIGHT="61" WIDTH="16" VPOS="2653" HPOS="1371"/>
                  <String HEIGHT="61" WIDTH="95" VPOS="2653" HPOS="1324" CONTENT="vt"/>
                  <SP HEIGHT="61" WIDTH="16" VPOS="2653" HPOS="1419"/>
                  <String HEIGHT="61"
                          WIDTH="223"
                          VPOS="2653"
                          HPOS="1371"
                          CONTENT="mensuratum"/>
                  <SP HEIGHT="61" WIDTH="16" VPOS="2653" HPOS="1594"/>
                  <String HEIGHT="61" WIDTH="95" VPOS="2653" HPOS="1546" CONTENT="ad"/>
                  <SP HEIGHT="61" WIDTH="16" VPOS="2653" HPOS="1642"/>
                  <String HEIGHT="61" WIDTH="32" VPOS="2653" HPOS="1578" CONTENT=""/>
               </TextLine>
               <TextLine ID="r1l57"
                         BASELINE="2767"
                         HEIGHT="67"
                         WIDTH="1474"
                         VPOS="2700"
                         HPOS="131">
                  <String HEIGHT="67"
                          WIDTH="241"
                          VPOS="2700"
                          HPOS="117"
                          CONTENT="calefacientem"/>
                  <SP HEIGHT="67" WIDTH="14" VPOS="2700" HPOS="358"/>
                  <String HEIGHT="67"
                          WIDTH="128"
                          VPOS="2700"
                          HPOS="315"
                          CONTENT="sicut"/>
                  <SP HEIGHT="67" WIDTH="14" VPOS="2700" HPOS="443"/>
                  <String HEIGHT="67" WIDTH="85" VPOS="2700" HPOS="400" CONTENT="ad"/>
                  <SP HEIGHT="67" WIDTH="14" VPOS="2700" HPOS="485"/>
                  <String HEIGHT="67"
                          WIDTH="184"
                          VPOS="2700"
                          HPOS="443"
                          CONTENT="mensuram,"/>
                  <SP HEIGHT="67" WIDTH="14" VPOS="2700" HPOS="627"/>
                  <String HEIGHT="67" WIDTH="85" VPOS="2700" HPOS="585" CONTENT="vt"/>
                  <SP HEIGHT="67" WIDTH="14" VPOS="2700" HPOS="670"/>
                  <String HEIGHT="67"
                          WIDTH="128"
                          VPOS="2700"
                          HPOS="627"
                          CONTENT="esset"/>
                  <SP HEIGHT="67" WIDTH="14" VPOS="2700" HPOS="755"/>
                  <String HEIGHT="67"
                          WIDTH="128"
                          VPOS="2700"
                          HPOS="712"
                          CONTENT="inter"/>
                  <SP HEIGHT="67" WIDTH="14" VPOS="2700" HPOS="840"/>
                  <String HEIGHT="67"
                          WIDTH="213"
                          VPOS="2700"
                          HPOS="797"
                          CONTENT="calefaciens"/>
                  <SP HEIGHT="67" WIDTH="14" VPOS="2700" HPOS="1010"/>
                  <String HEIGHT="67" WIDTH="71" VPOS="2700" HPOS="967" CONTENT="&amp;"/>
                  <SP HEIGHT="67" WIDTH="14" VPOS="2700" HPOS="1038"/>
                  <String HEIGHT="67"
                          WIDTH="198"
                          VPOS="2700"
                          HPOS="996"
                          CONTENT="calefactum"/>
                  <SP HEIGHT="67" WIDTH="14" VPOS="2700" HPOS="1194"/>
                  <String HEIGHT="67"
                          WIDTH="156"
                          VPOS="2700"
                          HPOS="1151"
                          CONTENT="relatio"/>
                  <SP HEIGHT="67" WIDTH="14" VPOS="2700" HPOS="1307"/>
                  <String HEIGHT="67"
                          WIDTH="184"
                          VPOS="2700"
                          HPOS="1265"
                          CONTENT="triplicis"/>
                  <SP HEIGHT="67" WIDTH="14" VPOS="2700" HPOS="1449"/>
                  <String HEIGHT="67"
                          WIDTH="170"
                          VPOS="2700"
                          HPOS="1407"
                          CONTENT="generis,"/>
                  <SP HEIGHT="67" WIDTH="14" VPOS="2700" HPOS="1577"/>
                  <String HEIGHT="67"
                          WIDTH="85"
                          VPOS="2700"
                          HPOS="1520"
                          CONTENT="sci"/>
               </TextLine>
            </TextBlock>
         </PrintSpace>
      </Page>
   </Layout>
</alto>
