2017 3128
136 238 207 61 dupliciter
299 238 133 61 habet
387 238 236 61 considerari.
579 238 103 61 vno
638 238 118 61 modo
712 238 177 61 secundum
845 238 103 61 se,
904 238 236 61 abstractione
1095 238 221 61 mathematica
1273 238 162 61 ratione
1391 238 118 61 suae
1450 238 162 61 perfectio

146 299 100 47 nis
203 299 71 47 &
231 299 243 47 indiuisionis.
431 299 114 47 alio
503 299 114 47 modo
574 299 86 47 vt
617 299 129 47 habet
703 299 114 47 esse
774 299 86 47 in
817 299 129 47 aliis
903 299 143 47 rebus,
1003 299 71 47 &
1031 299 100 47 eas
1088 299 157 47 ratione
1203 299 229 47 perfectionis
1388 299 71 47 &
1417 299 114 47 suae
1474 299 143 47 indiuisi

144 340 195 47 bilitatis
294 340 225 47 determinat.
474 340 135 47 Primo
563 340 120 47 modo
638 340 240 47 consideratur
833 340 90 47 vt
878 340 90 47 ab
923 340 90 47 eo
968 340 180 47 procedit
1103 340 240 47 materialiter
1297 340 105 47 per
1357 340 120 47 eius
1417 340 195 47 replicatio-

145 383 104 61 nem
205 383 134 61 omnis
294 383 178 61 numerus,
427 383 74 61 &
457 383 74 61 a
486 383 223 61 perfectione
664 383 163 61 formali
783 383 119 61 quae
857 383 193 61 consistit
1006 383 89 61 in
1050 383 104 61 sua
1110 383 297 61 indiuisibilitate
1362 383 163 61 deficit
1480 383 134 61 omnis
1555 383 59 61 nu

144 430 159 53 merus.
255 430 80 53 &
287 430 111 53 per
351 430 111 53 hoc
414 430 223 53 comparatur
589 430 95 53 vt
637 430 175 53 mensura
764 430 95 53 ad
812 430 175 53 numerum
939 430 143 53 penes
1035 430 191 53 secundum
1178 430 143 53 genus
1273 430 239 53 relationis.
1464 430 175 53 Secundo

144 472 139 49 autem
236 472 124 49 modo
314 472 217 49 comparatur
484 472 93 49 vt
530 472 201 49 descendit
685 472 93 49 in
732 472 139 49 omnia
825 472 124 49 alia
902 472 186 49 secundum
1041 472 139 49 modum
1134 472 155 49 tactum
1243 472 124 49 ante
1320 472 139 49 finem
1397 472 217 49 praecedentis

146 515 237 53 quaestionis,
339 515 74 53 &
369 515 104 53 hoc
428 515 104 53 non
487 515 133 53 solum
576 515 89 53 vt
621 515 133 53 ipsum
710 515 119 53 vnum
784 515 178 53 secundum
917 515 178 53 rationem
1051 515 119 53 suae
1125 515 237 53 perfectionis
1317 515 193 53 completae
1466 515 89 53 in
1495 515 119 53 seipso

151 563 190 49 descendit
298 563 88 49 in
342 563 132 49 alia,
429 563 205 49 denominans
590 563 161 49 vnitate
707 563 205 49 quodcumque
868 563 176 49 aliorum,
1000 563 102 49 sed
1058 563 132 49 etiam
1146 563 88 49 vt
1190 563 132 49 ipsum
1278 563 176 49 secundum
1409 563 176 49 rationem
1526 563 88 49 suae

147 612 247 48 perfectionis
347 612 232 48 deficientis
533 612 93 48 in
579 612 155 48 numero
688 612 124 48 siue
765 612 139 48 multo
858 612 201 48 descendit
1012 612 93 48 in
1059 612 139 48 eadem
1151 612 185 48 secundum
1290 612 139 48 modum
1383 612 170 48 tactum,
1507 612 139 48 deno-

141 653 160 49 minando
258 653 117 49 alia
331 653 204 49 dualitate,
491 653 189 49 ternario,
637 653 73 49 &
666 653 102 49 sic
724 653 87 49 de
768 653 189 49 caeteris:
914 653 73 49 &
943 653 102 49 hoc
1001 653 87 49 vt
1045 653 160 49 mensura
1161 653 102 49 qua
1220 653 102 49 res
1278 653 175 49 alterius
1409 653 160 49 generis
1511 653 102 49 habet

145 701 257 58 quantitatem.
354 701 96 58 Et
402 701 113 58 sic
466 701 96 58 ad
515 701 113 58 hoc
579 701 225 58 argumentum
756 701 257 58 respondendum
965 701 113 58 est
1029 701 96 58 ad
1077 701 145 58 modum
1174 701 113 58 quo
1238 701 209 58 responsum
1399 701 113 58 est
1463 701 96 58 ad
1495 701 113 58 secun

150 740 113 52 dum
214 740 225 52 argumentum
391 740 242 52 quaestionis
569 740 242 52 praecedentis.

415 785 112 61 lrca
485 785 154 61 tertium
597 785 168 61 arguitur
722 785 112 61 quod
792 785 196 61 relationes
946 785 168 61 communes
1071 785 84 61 ab
1113 785 126 61 aliis
1197 785 98 61 non
1253 785 237 61 distinguuntur
1448 785 168 61 secundum
1560 785 56 61 ge

395 832 102 46 nus
454 832 102 46 aut
512 832 175 46 speciem,
644 832 117 46 sic.
717 832 205 46 Distinctio
878 832 131 46 rerum
965 832 131 46 vnius
1053 832 161 46 generis
1170 832 102 46 per
1228 832 102 46 res
1287 832 175 46 alterius
1418 832 161 46 generis
1535 832 102 46 non

409 876 97 48 est
464 876 166 48 secundum
589 876 124 48 genus
672 876 97 48 aut
727 876 166 48 speciem,
851 876 111 48 quia
920 876 97 48 est
976 876 97 48 per
1031 876 180 48 accidens.
1169 876 97 48 Sic
1224 876 111 48 enim
1293 876 235 48 distinguuntur
1487 876 124 48 inter
1556 876 55 48 se

414 923 187 56 indiuidua
557 923 100 56 sub
615 923 100 56 vna
672 923 144 56 specie
772 923 230 56 substantiae,
959 923 172 56 scilicet
1088 923 100 56 per
1146 923 129 56 album
1232 923 72 56 &
1261 923 158 56 nigrum,
1375 923 144 56 longum
1476 923 144 56 breue,
1562 923 43 56 &

411 960 213 52 huiusmodi.
578 960 106 52 Hoc
639 960 137 52 autem
730 960 121 52 modo
805 960 197 52 solummodo
957 960 258 52 distinguuntur
1170 960 213 52 relationes
1337 960 182 52 communes
1473 960 91 52 ab
1504 960 106 52 aliis

386 1012 121 52 quia
462 1012 91 52 si
507 1012 228 52 substractis
689 1012 228 52 fundamentis
871 1012 121 52 quae
947 1012 121 52 sunt
1023 1012 106 52 res
1084 1012 167 52 aliorum
1205 1012 182 52 generum,
1342 1012 273 52 considerentur:
1554 1012 61 52 ni

396 1059 108 54 ihil
463 1059 121 54 manet
544 1059 81 54 in
584 1059 121 54 illis
665 1059 108 54 nisi
733 1059 108 54 pura
800 1059 121 54 ratio
881 1059 108 54 quae
949 1059 94 54 est
1003 1059 81 54 ad
1043 1059 121 54 aliud
1124 1059 121 54 esse:
1205 1059 94 54 sub
1259 1059 94 54 qua
1313 1059 94 54 non
1367 1059 243 54 distinguuntur:
1556 1059 54 54 im

151 1100 87 56 mo
195 1100 116 56 ipsa
268 1100 174 56 vnitatem
398 1100 160 56 quantum
514 1100 102 56 est
572 1100 87 56 de
616 1100 87 56 se
659 1100 131 56 habet
746 1100 87 56 in
790 1100 174 56 omnibus,
921 1100 87 56 vt
964 1100 145 56 tactum
1066 1100 102 56 est
1124 1100 145 56 supra,
1225 1100 116 56 ergo
1298 1100 102 56 &c.
1385 1100 160 56 Secundo
1501 1100 116 56 sic.
1559 1100 58 56 ea

147 1140 115 54 quae
218 1140 201 54 circuneunt
376 1140 115 54 omne
448 1140 144 54 genus,
549 1140 72 54 a
577 1140 129 54 nullo
663 1140 244 54 distinguuntur
864 1140 172 54 secundum
994 1140 129 54 genus
1080 1140 100 54 aut
1137 1140 172 54 speciem,
1266 1140 86 54 vt
1310 1140 129 54 patet
1396 1140 86 54 de
1439 1140 115 54 ente
1511 1140 72 54 &
1539 1140 100 54 vno

150 1188 118 49 quod
224 1188 104 49 cum
283 1188 118 49 illo
357 1188 237 49 conuertitur.
550 1188 207 49 relationes
712 1188 178 49 communes
846 1188 207 49 circuneunt
1008 1188 118 49 omne
1082 1188 148 49 genus,
1186 1188 163 49 quoniam
1304 1188 192 49 sequuntur
1452 1188 118 49 vnum
1526 1188 74 49 &
1541 1188 74 49 mul

147 1237 114 47 tum,
218 1237 114 47 quae
289 1237 171 47 diuidunt
417 1237 128 47 totum
502 1237 114 47 ens.
573 1237 114 47 ergo
644 1237 100 47 &c.
730 1237 85 47 In
772 1237 199 47 contrarium
929 1237 100 47 est
986 1237 114 47 quod
1057 1237 199 47 relationes
1213 1237 171 47 communes
1341 1237 185 47 differunt
1483 1237 85 47 ab
1511 1237 100 47 aliis

151 1273 170 49 secundum
278 1273 128 49 dicta
364 1273 71 49 &
392 1273 99 49 iam
449 1273 199 49 declarata,
605 1273 71 49 &
633 1273 199 49 conveniunt
789 1273 85 49 in
832 1273 241 49 generalissimo
1030 1273 213 49 relationis.
1201 1273 71 49 &
1229 1273 156 49 constat
1342 1273 113 49 quod
1413 1273 99 49 non
1456 1273 156 49 differunt

148 1318 117 49 solo
222 1318 161 49 numero:
339 1318 132 49 talia
427 1318 132 49 autem
514 1318 205 49 necessario
676 1318 190 49 differunt
822 1318 146 49 genere
924 1318 103 49 aut
983 1318 161 49 specie.
1100 1318 117 49 ergo
1159 1318 73 49 &c.

177 1366 133 67 Hic
253 1366 114 67 ad
310 1366 228 67 videndum
481 1366 323 67 distinctionem
748 1366 266 67 relationum
957 1366 247 67 communium
1147 1366 114 67 ab
1204 1366 171 67 aliis
1319 1366 228 67 secundum
1471 1366 133 67 genus

147 1417 101 54 aut
204 1417 173 54 speciem:
334 1417 159 54 oportet
449 1417 144 54 videre
550 1417 245 54 distinctionem
752 1417 245 54 praedicamenti
954 1417 202 54 relationis
1112 1417 101 54 per
1170 1417 130 54 dicta
1256 1417 115 54 tria
1328 1417 144 54 genera
1415 1417 187 54 relationum.

144 1463 119 53 Dico
219 1463 119 53 ergo
293 1463 179 53 secundum
427 1463 134 53 alias
517 1463 75 53 &
547 1463 104 53 iam
606 1463 134 53 supra
696 1463 209 53 declarata:
860 1463 119 53 quod
934 1463 89 53 id
979 1463 119 53 quod
1053 1463 164 53 relatio
1173 1463 179 53 proprium
1307 1463 134 53 habet
1396 1463 89 53 de
1441 1463 164 53 ratione
1545 1463 75 53 sui

145 1510 259 55 praedicamenti,
360 1510 86 55 vt
403 1510 129 55 ipsum
490 1510 201 55 distinctum
648 1510 101 55 est
705 1510 144 55 omnino
806 1510 72 55 a
835 1510 173 55 quolibet
964 1510 115 55 alio
1036 1510 259 55 praedicamento,
1252 1510 72 55 &
1280 1510 129 55 nihil
1367 1510 230 55 communitatis
1539 1510 72 55 est

151 1551 166 58 alicuius
276 1551 111 58 quod
345 1551 97 58 est
401 1551 166 58 alterius
525 1551 249 58 praedicamenti:
733 1551 97 58 non
789 1551 97 58 est
844 1551 111 58 nisi
913 1551 125 58 ratio
996 1551 152 58 quaedam
1107 1551 111 58 quae
1176 1551 97 58 est
1232 1551 83 58 ad
1273 1551 125 58 aliud
1357 1551 125 58 esse:
1426 1551 180 58 quemadmodum

145 1595 129 46 ratio
230 1595 286 46 praedicamentorum
473 1595 214 46 absolutorum
645 1595 171 46 conmunis
773 1595 186 46 differens
916 1595 71 46 a
945 1595 157 46 ratione
1059 1595 157 46 propria
1173 1595 243 46 praedicamenti
1373 1595 200 46 relationis
1530 1595 114 46 quae

145 1640 89 51 est
196 1640 76 51 ad
234 1640 114 51 aliud
310 1640 114 51 esse,
386 1640 89 51 est
437 1640 76 51 ad
475 1640 76 51 se
513 1640 101 51 siue
577 1640 152 51 secundum
691 1640 76 51 se
729 1640 114 51 esse.
805 1640 152 51 Secundum
919 1640 101 51 quem
983 1640 114 51 modum
1059 1640 76 51 in
1097 1640 101 51 illa
1160 1640 127 51 omnino
1249 1640 89 51 non
1300 1640 114 51 cadit
1376 1640 178 51 distinctio
1516 1640 76 51 in
1541 1640 76 51 prae

157 1685 179 53 dicamento
295 1685 207 53 relationis,
460 1685 124 53 neque
543 1685 165 53 secundum
667 1685 138 53 genera
763 1685 207 53 subalterna,
928 1685 124 53 neque
1011 1685 165 53 secundum
1135 1685 165 53 species,
1259 1685 124 53 neque
1342 1685 165 53 secundum
1466 1685 179 53 indiuidua

150 1728 130 60 sicut
236 1728 130 60 neque
323 1728 87 60 in
366 1728 245 60 praedicamento
568 1728 216 60 substantiae
741 1728 130 60 cadit
828 1728 144 60 aliqua
929 1728 202 60 distinctio
1088 1728 173 60 secundum
1217 1728 173 60 proprium
1347 1728 130 60 modum
1434 1728 144 60 illius
1535 1728 101 60 qui

139 1774 102 58 est
198 1774 87 58 ad
241 1774 102 58 se.
299 1774 116 58 Quia
372 1774 87 58 ad
416 1774 87 58 se
459 1774 73 58 &
488 1774 87 58 in
532 1774 87 58 se
576 1774 116 58 esse
648 1774 145 58 quidem
750 1774 102 58 est
808 1774 73 58 a
837 1774 262 58 praedicamentis
1055 1774 204 58 absolutis,
1215 1774 145 58 quibus
1317 1774 116 58 vnus
1390 1774 131 58 modus
1463 1774 145 58 communis

152 1816 110 46 est,
221 1816 165 46 scilicet
344 1816 82 46 in
386 1816 110 46 alio
454 1816 124 46 esse,
537 1816 96 46 sub
592 1816 96 46 quo
646 1816 233 46 distinguuntur
839 1816 233 46 praedicamenta
1031 1816 206 46 quantitatis
1195 1816 69 46 &
1223 1816 192 46 qualitatis
1374 1816 165 46 secundum
1497 1816 110 46 duos
1552 1816 69 46 pro

147 1860 127 54 prios
232 1860 71 54 &
260 1860 169 54 diuersos
387 1860 127 54 modos
471 1860 155 54 essendi
584 1860 85 54 in
627 1860 127 54 alio:
711 1860 99 54 sed
768 1860 85 54 si
810 1860 141 54 aliqua
909 1860 197 54 distinctio
1064 1860 127 54 cadit
1148 1860 85 54 in
1191 1860 113 54 illo
1261 1860 240 54 praedicamento
1445 1860 169 54 relationis

148 1912 119 52 illa
222 1912 208 52 necessario
386 1912 163 52 sumitur
504 1912 178 52 secundum
638 1912 104 52 res
697 1912 163 52 aliorum
816 1912 312 52 praedicamentorum.
1084 1912 119 52 Vnde
1158 1912 134 52 sicut
1247 1912 104 52 hoc
1306 1912 104 52 est
1366 1912 89 52 de
1410 1912 163 52 ratione
1529 1912 119 52 modo

150 1949 102 50 rum
209 1949 292 50 praedicamentorum
457 1949 233 50 absolutorum,
646 1949 117 50 quod
719 1949 219 50 vniformiter
894 1949 248 50 concomitantur
1098 1949 160 50 singula
1215 1949 117 50 quae
1288 1949 117 50 sunt
1361 1949 88 50 in
1405 1949 131 50 aliis
1478 1949 131 50 praedi-

142 1994 188 53 camentis,
286 1994 101 53 nec
344 1994 173 53 secundum
474 1994 130 53 illos
560 1994 246 53 distinguuntur
763 1994 144 53 aliqua
864 1994 173 53 contenta
994 1994 87 53 in
1037 1994 130 53 aliis
1124 1994 274 53 praedicamentis,
1355 1994 101 53 sed
1413 1994 188 53 solummodo
1543 1994 72 53 per

150 2038 98 56 res
206 2038 183 56 absolutas
347 2038 169 56 illorum:
473 2038 98 56 sic
530 2038 112 56 idem
600 2038 98 56 est
656 2038 84 56 de
698 2038 155 56 ratione
811 2038 155 56 propria
923 2038 239 56 praedicamento
1120 2038 197 56 relationis
1275 2038 112 56 quae
1345 2038 98 56 est
1401 2038 84 56 ad
1443 2038 127 56 aliud
1514 2038 98 56 esse,

151 2081 163 47 scilicet
273 2081 108 47 quod
341 2081 203 47 vniformiter
504 2081 176 47 descendit
639 2081 81 47 in
680 2081 149 47 singula
788 2081 163 47 contenta
910 2081 81 47 in
951 2081 230 47 praedicamento
1141 2081 203 47 relationis,
1303 2081 68 47 &
1330 2081 81 47 ea
1371 2081 190 47 comitatur.
1520 2081 81 47 Et
1547 2081 68 47 sic

144 2128 133 51 penes
233 2128 133 51 illum
321 2128 133 51 modum
410 2128 89 51 in
454 2128 118 51 illa
528 2128 148 51 potest
631 2128 148 51 omnino
734 2128 148 51 haberi
838 2128 207 51 distinctio
1000 2128 221 51 contentorum
1177 2128 89 51 in
1221 2128 251 51 praedicamento
1413 2128 192 51 relationis.

150 2170 115 54 lmmo
222 2170 86 54 si
265 2170 159 54 relatio
380 2170 86 54 vt
423 2170 101 54 est
481 2170 130 54 nomen
568 2170 259 54 praedicamenti,
784 2170 72 54 &
813 2170 86 54 vt
856 2170 130 54 dicit
942 2170 187 54 solummodo
1087 2170 173 54 rationem
1216 2170 115 54 quae
1288 2170 101 54 est
1346 2170 86 54 ad
1389 2170 130 54 aliud
1476 2170 130 54 esse,
1548 2170 72 54 de-

147 2213 111 49 beat
216 2213 180 49 distingui
355 2213 69 49 &
382 2213 138 49 diuidi
479 2213 97 49 per
535 2213 221 49 differentias
715 2213 138 49 quibus
811 2213 83 49 ad
853 2213 152 49 species
964 2213 221 49 contrahitur:
1144 2213 152 49 oportet
1254 2213 111 49 quod
1323 2213 125 49 illas
1406 2213 83 49 ab
1448 2213 125 49 aliis
1517 2213 97 49 prae-

150 2259 203 57 dicamentis
309 2259 203 57 contrahat,
468 2259 72 57 &
497 2259 101 57 per
555 2259 159 57 illarum
671 2259 246 57 distinctionem
874 2259 246 57 distinguatur,
1076 2259 188 57 inquantum
1221 2259 174 57 scilicet
1351 2259 130 57 super
1438 2259 101 57 res
1482 2259 130 57 illorum

146 2303 212 49 fundatur.
309 2303 81 49 &
341 2303 114 49 hoc
406 2303 244 49 quemadmodum
602 2303 212 49 passiones
765 2303 147 49 rerum
863 2303 293 49 mathematicarum
1107 2303 261 49 contrahuntur
1319 2303 98 49 vt
1368 2303 130 49 sint
1433 2303 179 49 passiones

148 2348 131 53 rerum
236 2348 218 53 naturalium,
410 2348 102 53 per
469 2348 116 53 ipsa
541 2348 175 53 subiecta
672 2348 189 53 naturalia
818 2348 87 53 in
861 2348 146 53 quibus
963 2348 131 53 sunt,
1051 2348 116 53 puta
1123 2348 146 53 curuum
1225 2348 116 53 quod
1298 2348 102 53 est
1356 2348 146 53 passio
1458 2348 146 53 lineae
1545 2348 73 53 con

147 2392 145 52 traria
248 2392 145 52 recto,
349 2392 217 52 contrahitur
523 2392 87 52 ad
566 2392 202 52 simitatem,
725 2392 72 52 &
754 2392 130 52 ipsum
841 2392 116 52 quod
913 2392 101 52 est
971 2392 145 52 curuum
1072 2392 101 52 fit
1130 2392 130 52 simum
1217 2392 101 52 per
1274 2392 188 52 subiectum
1419 2392 174 52 naturale
1549 2392 87 52 in

151 2439 96 56 quo
206 2439 110 56 est,
275 2439 165 56 scilicet
399 2439 96 56 per
454 2439 138 56 nasum.
550 2439 96 56 Est
605 2439 110 56 enim
674 2439 151 56 simitas
784 2439 165 56 curuitas
908 2439 110 56 nasi
976 2439 110 56 siue
1045 2439 83 56 in
1086 2439 124 56 naso.
1169 2439 124 56 Sicut
1251 2439 110 56 enim
1320 2439 165 56 curuitas
1430 2439 179 56 simpliciter

147 2483 86 58 in
190 2483 214 58 definitione
361 2483 114 58 nasi
433 2483 100 58 est
490 2483 129 58 genus
576 2483 114 58 siue
647 2483 172 58 rationem
776 2483 157 58 generis
890 2483 143 58 habet,
990 2483 71 58 &
1019 2483 172 58 rationem
1147 2483 229 58 differentiae
1333 2483 172 58 importat
1462 2483 129 58 ipsum
1534 2483 71 58 sub

144 2528 141 54 iectum
242 2528 183 54 naturale,
383 2528 84 54 vt
425 2528 84 54 ex
468 2528 127 54 illis
552 2528 141 54 duobus
651 2528 225 54 constituatur
834 2528 155 54 simitas
946 2528 155 54 tanquam
1059 2528 155 54 species
1172 2528 183 54 passionis
1312 2528 197 54 naturalis,
1467 2528 70 54 &
1481 2528 127 54 definia

154 2572 99 54 tur
210 2572 99 54 per
267 2572 113 54 illa
337 2572 84 54 vt
379 2572 99 54 per
435 2572 127 54 genus
520 2572 70 54 &
548 2572 239 54 differentiam:
745 2572 99 54 Sic
801 2572 155 54 relatio
914 2572 211 54 simpliciter
1083 2572 155 54 ratione
1196 2572 113 54 modi
1266 2572 99 54 qui
1322 2572 99 54 est
1379 2572 84 54 ad
1421 2572 127 54 aliud
1505 2572 113 54 esse
1562 2572 56 54 vt

148 2615 214 47 indistincte
319 2615 214 47 considerata
490 2615 128 47 circa
576 2615 228 47 indistinctas
761 2615 100 47 res
818 2615 285 47 praedicamentorum
1061 2615 214 47 absolutorum
1232 2615 100 47 aut
1289 2615 243 47 praedicamenta
1474 2615 143 47 relatio-

158 2656 100 74 num
215 2656 115 74 quae
287 2656 115 74 sunt
359 2656 86 74 ad
402 2656 144 74 aliud,
502 2656 115 74 siue
574 2656 187 74 relatiua,
717 2656 100 74 est
775 2656 129 74 genus
861 2656 72 74 &
890 2656 172 74 rationem
1019 2656 158 74 generis
1133 2656 158 74 habens.
1248 2656 86 74 Et
1291 2656 129 74 circa
1377 2656 129 74 ipsam
1449 2656 158 74 huiusmodi
