2017 3125
159 235 98 73 vel
215 235 155 73 virtute
328 235 141 73 tantum
426 235 84 73 vt
468 235 98 73 sol
525 235 169 73 calidus,
651 235 98 73 vel
708 235 155 73 virtute
820 235 70 73 &
848 235 127 73 forma
933 235 141 73 simul,
1031 235 84 73 vt
1073 235 127 73 ignis
1158 235 169 73 calidus.
1284 235 155 73 Idcirco
1397 235 169 73 potentia
1524 235 113 73 quae

163 295 85 56 in
205 295 184 56 diuisione
346 295 127 56 entis
431 295 127 56 cadit
516 295 99 56 cum
572 295 127 56 actu,
657 295 99 56 est
713 295 169 56 potentia
841 295 169 56 passiua,
968 295 71 56 &
996 295 127 56 actus
1081 295 113 56 ille
1151 295 169 56 includit
1278 295 184 56 potentiam
1419 295 169 56 actiuam:
1546 295 99 56 qui

148 342 99 56 bus
204 342 184 56 (scilicet
346 342 170 56 potentia
473 342 155 56 passiua
586 342 71 56 &
614 342 155 56 actiua)
727 342 212 56 naturaliter
897 342 113 56 sese
968 342 198 56 respiciunt
1123 342 85 56 in
1166 342 170 56 quolibet
1293 342 141 56 genere
1392 342 127 56 entis
1477 342 85 56 in
1519 342 99 56 quo
1561 342 57 56 na

150 386 88 52 ta
194 386 117 52 sunt
268 386 117 52 esse
341 386 147 52 actiui
444 386 73 52 &
473 386 176 52 passiui,
605 386 117 52 siue
679 386 103 52 ens
737 386 88 52 in
781 386 191 52 potentia,
928 386 73 52 &
958 386 103 52 ens
1016 386 176 52 secundum
1148 386 147 52 actum.
1251 386 117 52 Vnum
1324 386 132 52 etiam
1413 386 88 52 in
1457 386 161 52 vtroque
1559 386 59 52 ge

156 432 114 53 nere
227 432 99 53 est
284 432 142 53 primum
383 432 85 53 in
426 432 99 53 quo
482 432 185 53 consistit
624 432 128 53 ratio
709 432 142 53 illius
809 432 156 53 generis
922 432 256 53 perfectissime.
1135 432 142 53 Multum
1235 432 128 53 autem
1320 432 99 53 est
1377 432 128 53 illud
1462 432 85 53 in
1504 432 99 53 quo
1547 432 71 53 per

158 474 143 54 fectio
258 474 114 54 illa
329 474 228 54 aliquantulum
515 474 171 54 deficit,
643 474 171 54 secundum
772 474 200 54 praedicta.
929 474 100 54 per
986 474 114 54 quod
1057 474 214 54 naturaliter
1229 474 143 54 multum
1328 474 171 54 respicit
1457 474 128 54 vnum.
1528 474 86 54 Quia

168 519 128 61 gitur
253 519 114 61 omne
324 519 114 61 quod
395 519 85 61 ex
437 519 85 61 se
480 519 156 61 deficit
594 519 71 61 a
622 519 213 61 perfectione
792 519 142 61 aliqua
892 519 128 61 nihil
977 519 156 61 habendo
1090 519 85 61 de
1133 519 128 61 illa,
1218 519 199 61 necessario
1374 519 128 61 vadit
1459 519 128 61 primo
1530 519 71 61 pei

155 564 189 59 actionem
297 564 189 59 perfecti
439 564 95 59 de
487 564 189 59 potentia
629 564 95 59 in
676 564 142 59 actum
771 564 253 59 imperfectum:
976 564 79 59 &
1008 564 126 59 tunc
1087 564 142 59 demum
1182 564 111 59 per
1245 564 142 59 actum
1340 564 237 59 imperfectum
1513 564 95 59 quem

154 618 147 44 habet,
257 618 191 44 ordinatur
404 618 132 44 ipsum
492 618 205 44 perfectum:
653 618 161 44 idcirco
770 618 220 44 naturaliter
946 618 147 44 (sicut
1049 618 147 44 tactum
1152 618 103 44 est
1210 618 147 44 supra)
1313 618 205 44 relationis
1474 618 176 44 habitudo

153 656 129 58 primo
239 656 172 58 fundatur
368 656 86 58 in
411 656 129 58 rebus
497 656 187 58 absolutis
641 656 172 58 secundum
770 656 172 58 rationem
899 656 187 58 potentiae
1043 656 187 58 passiuae,
1186 656 72 58 &
1215 656 144 58 actus.
1316 656 86 58 i.
1359 656 187 58 potentiae
1488 656 129 58 actiuae

161 704 103 55 qua
220 704 176 55 existens
352 704 191 55 perfectum
499 704 88 55 in
543 704 132 55 actu,
631 704 132 55 natum
719 704 103 55 est
777 704 205 55 imperfecto
938 704 176 55 conferre
1070 704 249 55 perfectionem:
1276 704 117 55 quam
1349 704 132 55 tamen
1422 704 191 55 imperfectum

156 735 102 58 non
215 735 102 58 est
273 735 131 58 natum
361 735 190 58 recipere,
507 735 131 58 idest
595 735 190 58 defectiue
741 735 131 58 habet
828 735 131 58 illam
916 735 175 58 secundum
1047 735 175 58 rationem
1179 735 190 58 mensurati
1325 735 73 58 &
1354 735 190 58 mensurae:
1500 735 117 58 quae
1559 735 58 58 se

149 782 150 62 habent
254 782 135 62 inter
344 782 90 62 se
389 782 180 62 secundum
525 782 180 62 rationem
660 782 180 62 perfecti
795 782 75 62 &
825 782 225 62 imperfecti.
1006 782 90 62 Et
1051 782 180 62 secundum
1186 782 105 62 hoc
1246 782 241 62 distinctione
1442 782 135 62 prima
1532 782 75 62 &
1547 782 60 62 na

158 833 151 50 turali
264 833 166 50 relatio
385 833 121 50 quae
460 833 106 50 est
521 833 272 50 generalissimum
748 833 76 50 &
778 833 136 50 nomen
869 833 227 50 habitudinis
1050 833 106 50 non
1111 833 182 50 secundum
1247 833 91 50 se
1292 833 91 50 ad
1338 833 136 50 aliud
1413 833 197 50 existentis,

155 877 108 57 sed
216 877 201 57 solummodo
371 877 93 57 in
417 877 124 57 suis
494 877 216 57 contentis:
664 877 201 57 diuiditur
819 877 93 57 in
865 877 124 57 duas
943 877 155 57 primas
1051 877 232 57 habitudines
1236 877 108 57 duo
1298 877 139 57 prima
1391 877 155 57 genera
1483 877 124 57 subal-

160 920 117 52 terna
238 920 234 52 constituentes,
433 920 156 52 scilicet
550 920 78 52 in
589 920 182 52 relationem
732 920 195 52 potentialem
888 920 78 52 id
928 920 91 52 iet
980 920 104 52 quae
1045 920 169 52 consistit
1175 920 78 52 in
1214 920 182 52 potentiis,
1357 920 156 52 scilicet
1474 920 78 52 in
1500 920 117 52 actiuis

155 963 73 57 &
185 963 190 57 passiuis,
331 963 73 57 &
360 963 88 57 in
404 963 205 57 relationem
565 963 219 57 mensuralem,
740 963 132 57 idest
828 963 117 57 quae
901 963 190 57 consistit
1048 963 88 57 in
1091 963 293 57 mensurationibus,
1340 963 176 57 scilicet
1472 963 88 57 in
1501 963 117 57 mensu-

154 1014 117 51 ris
221 1014 84 51 &
255 1014 251 51 mensuratis:
455 1014 234 51 communiter
639 1014 184 51 sumendo
773 1014 201 51 mensuram
924 1014 201 51 secundum
1074 1014 134 51 duos
1158 1014 151 51 modos
1258 1014 234 51 mensurandi
1442 1014 151 51 supra
1526 1014 100 51 expo

154 1054 141 51 sitos.
253 1054 155 51 Relatio
366 1054 127 51 autem
451 1054 113 51 illa
521 1054 113 51 quae
592 1054 155 51 fundata
705 1054 99 51 est
762 1054 85 51 in
804 1054 184 51 potentiis
945 1054 155 51 actiuis
1059 1054 71 51 &
1087 1054 184 51 passiuis,
1228 1054 184 51 diuiditur
1370 1054 99 51 per
1426 1054 170 51 diuersas
1553 1054 99 51 ha-

154 1095 211 57 bitudines
316 1095 195 57 secundum
462 1095 260 57 diuersitatem
673 1095 244 57 potentiarum
868 1095 211 57 actiuarum
1031 1095 325 57 correspondentium
1307 1095 130 57 sibi
1388 1095 146 57 mutuo
1485 1095 97 57 in
1518 1095 97 57 acti

161 1146 112 48 uis
225 1146 80 48 &
257 1146 193 48 passiuis
402 1146 225 48 diuersorum
579 1146 177 48 generum
707 1146 80 48 &
739 1146 225 48 diuersarum
916 1146 209 48 specierum
1077 1146 177 48 illorum
1205 1146 321 48 praedicamentorum
1478 1146 96 48 in
1527 1146 129 48 qui-

164 1186 104 53 bus
224 1186 223 53 mensurantur
402 1186 179 53 potentia
536 1186 149 53 actiua
640 1186 74 53 &
670 1186 164 53 passiua
789 1186 119 53 sibi
864 1186 313 53 correspondentium,
1132 1186 74 53 &
1162 1186 104 53 hoc
1221 1186 134 53 vsque
1310 1186 89 53 ad
1355 1186 238 53 indiuiduales
1549 1186 104 53 ha-

162 1234 205 52 bitudines
320 1234 142 52 inter
415 1234 173 52 agentia
541 1234 79 52 &
572 1234 221 52 patientia,
746 1234 126 52 puta
825 1234 126 52 quae
903 1234 110 52 est
966 1234 142 52 huius
1061 1234 173 52 hominis
1187 1234 221 52 generantis
1361 1234 95 52 ad
1408 1234 126 52 hunc
1471 1234 142 52 hominem

156 1270 222 64 generatum,
331 1270 79 64 &
363 1270 143 64 huius
458 1270 127 64 equi
537 1270 222 64 generantis
712 1270 95 64 ad
760 1270 127 64 hunc
839 1270 143 64 equum
934 1270 222 64 generatum,
1109 1270 79 64 &
1141 1270 143 64 huius
1236 1270 270 64 calefacientis
1458 1270 95 64 ad
1506 1270 111 64 hoc
1553 1270 64 64 ca

157 1319 181 57 lefactum,
296 1319 69 57 &
324 1319 97 57 sic
379 1319 83 57 de
421 1319 181 57 caeteris.
560 1319 97 57 ita
616 1319 111 57 quod
685 1319 181 57 quodlibet
824 1319 125 57 genus
907 1319 69 57 &
935 1319 181 57 quaelibet
1074 1319 153 57 species
1185 1319 69 57 &
1213 1319 181 57 quodlibet
1352 1319 195 57 indiuiduum
1505 1319 83 57 in
1533 1319 83 57 prae

152 1369 200 54 dicamento
305 1369 215 54 relationis
474 1369 108 54 est
536 1369 184 54 habitudo
674 1369 200 54 continens
827 1369 123 54 duas
904 1369 215 54 relationes
1073 1369 123 54 sibi
1150 1369 169 54 inuicem
1273 1369 200 54 oppositas
1426 1369 108 54 vel
1472 1369 154 54 secundum

158 1407 134 68 genus
247 1407 104 68 vel
307 1407 179 68 secundum
441 1407 164 68 species
560 1407 104 68 vel
620 1407 179 68 secundum
754 1407 179 68 numerum,
888 1407 74 68 &
917 1407 104 68 hoc
977 1407 104 68 non
1036 1407 134 68 solum
1126 1407 89 68 in
1170 1407 164 68 actiuis
1289 1407 74 68 &
1319 1407 194 68 passiuis:
1468 1407 104 68 sed
1513 1407 104 68 etiam

149 1450 90 60 in
194 1450 151 60 aliis.
300 1450 166 60 Relatio
420 1450 136 60 autem
510 1450 166 60 fundata
631 1450 90 60 in
676 1450 286 60 mensurationibus
917 1450 121 60 siue
992 1450 90 60 in
1038 1450 105 60 vno
1098 1450 75 60 &
1128 1450 151 60 multo,
1233 1450 121 60 siue
1309 1450 181 60 perfecto
1444 1450 75 60 &
1459 1450 151 60 imperfe-

161 1500 119 51 cto:
236 1500 239 51 distinguitur
429 1500 179 51 secundum
564 1500 119 51 quod
638 1500 119 51 vnum
713 1500 75 51 &
742 1500 149 51 multum
847 1500 209 51 ordinantur
1011 1500 224 51 dupliciter.
1190 1500 104 51 Vno
1249 1500 119 51 enim
1324 1500 119 51 modo
1398 1500 209 51 ordinantur
1562 1500 89 51 in

150 1538 109 62 ter
213 1538 109 62 se,
275 1538 125 62 vnum
353 1538 187 62 scilicet
494 1538 94 62 ad
541 1538 172 62 multum,
666 1538 78 62 &
697 1538 234 62 econtrario,
884 1538 78 62 &
915 1538 109 62 hoc
978 1538 94 62 vt
1025 1538 125 62 vnum
1103 1538 141 62 eorum
1196 1538 219 62 mensuratur
1368 1538 94 62 ab
1415 1538 172 62 altero.
1524 1538 94 62 Alio

155 1584 138 56 autem
247 1584 123 56 modo
323 1584 92 56 vt
369 1584 123 56 ambo
446 1584 215 56 ordinantur
614 1584 92 56 ad
660 1584 261 56 praedicamenta
875 1584 138 56 alia,
967 1584 77 56 &
998 1584 107 56 hoc
1059 1584 92 56 vt
1105 1584 138 56 illis
1197 1584 184 56 ambobus,
1335 1584 184 56 scilicet
1473 1584 107 56 vno
1534 1584 77 56 &
1549 1584 77 56 mul

155 1630 89 58 to
200 1630 238 58 mensurantur,
393 1630 134 58 sicut
482 1630 149 58 tactum
586 1630 104 58 est
646 1630 89 58 in
690 1630 119 58 fine
765 1630 238 58 praecedentis
958 1630 238 58 quaestionis.
1151 1630 89 58 Et
1196 1630 178 58 secundum
1330 1630 104 58 hoc
1389 1630 238 58 distinguitur
1568 1630 59 58 ge

156 1675 101 55 nus
213 1675 217 55 subalternum
387 1675 202 55 relationis
546 1675 116 55 quod
618 1675 188 55 consistit
763 1675 87 55 in
806 1675 275 55 mensurationibus
1038 1675 217 55 generaliter
1211 1675 159 55 dictis,
1327 1675 87 55 in
1370 1675 116 55 duas
1428 1675 188 55 habitudines

153 1717 216 60 relationis,
326 1717 173 60 scilicet
456 1717 87 60 in
499 1717 202 60 relationem
657 1717 216 60 mensuralem,
831 1717 115 60 quae
903 1717 173 60 scilicet
1033 1717 101 60 est
1090 1717 87 60 in
1134 1717 202 60 substantia
1292 1717 188 60 numerorum
1436 1717 130 60 inter
1509 1717 115 60 vnita-

154 1772 119 50 tem
222 1772 255 50 mensurantem
426 1772 187 50 numerum
562 1772 136 50 siue
647 1772 170 50 multum
766 1772 255 50 mensuratum,
969 1772 85 50 &
1003 1772 204 50 continet
1156 1772 170 50 tantum
1275 1772 204 50 secundum
1428 1772 153 50 genus
1513 1772 102 50 rela

158 1808 169 57 tionis,
281 1808 77 57 &
311 1808 92 57 in
358 1808 215 57 relationem
527 1808 292 57 commensurabilem
773 1808 123 57 quae
850 1808 108 57 est
911 1808 92 57 in
958 1808 246 57 accidentibus
1158 1808 200 57 numerorum
1311 1808 277 57 consequentibus
1527 1808 92 57 vnum

162 1855 81 61 &
194 1855 177 61 multum,
323 1855 129 61 quae
404 1855 113 61 est
468 1855 145 61 inter
565 1855 210 61 mensurata
726 1855 113 61 vno
791 1855 81 61 &
823 1855 161 61 multo,
936 1855 81 61 &
968 1855 193 61 continet
1113 1855 161 61 tantum
1226 1855 226 61 relationes
1403 1855 210 61 communes.
1549 1855 64 61 Et

157 1893 170 60 relatio
280 1893 263 60 mensurationis
497 1893 248 60 subdiuiditur
699 1893 108 60 per
761 1893 186 60 diuersas
900 1893 232 60 habitudines
1086 1893 186 60 secundum
1225 1893 248 60 diuersitatem
1427 1893 186 60 vnitatum
1551 1893 77 60 men

158 1941 197 55 surantium
309 1941 167 55 diuersa
431 1941 151 55 multa,
537 1941 76 55 &
567 1941 197 55 specierum
718 1941 227 55 contentarum
900 1941 106 55 sub
961 1941 136 55 illis
1052 1941 91 55 in
1097 1941 182 55 singulis
1233 1941 273 55 praedicamentis
1461 1941 91 55 in
1491 1941 121 55 quibus

164 1983 246 57 inueniuntur
360 1983 148 57 ratio
459 1983 197 57 mensurae
606 1983 197 57 secundum
754 1983 131 57 vnum
836 1983 230 57 mensurans,
1016 1983 82 57 &
1049 1983 164 57 multum
1164 1983 246 57 mensuratum,
1361 1983 82 57 &
1393 1983 115 57 hoc
1459 1983 148 57 vsque
1557 1983 98 57 ad

160 2036 249 48 indiuiduales
363 2036 234 48 habitudines
550 2036 140 48 inter
644 2036 187 48 vnitates
784 2036 78 48 &
815 2036 249 48 multitudines
1018 2036 249 48 indiuiduales
1221 2036 234 48 mensurantes
1408 2036 78 48 &
1423 2036 203 48 mensuratas.

154 2084 93 47 De
201 2084 249 47 distinctione
403 2084 140 47 autem
497 2084 218 47 relationum
668 2084 202 47 communium
823 2084 124 47 erit
901 2084 140 47 sermo
994 2084 202 47 inferius.
1181 2084 187 47 Breuiter
1321 2084 124 47 ergo
1398 2084 124 47 dico
1476 2084 93 47 ad
1507 2084 109 47 quae-

158 2113 160 68 stionem
275 2113 117 68 quod
348 2113 204 68 relationes
508 2113 175 68 communes
640 2113 102 68 sub
698 2113 248 68 generalissimo
902 2113 204 68 relationis
1063 2113 248 68 distinguuntur
1267 2113 175 68 secundum
1398 2113 131 68 genus
1471 2113 146 68 subalter

152 2162 97 62 num
208 2162 83 62 ab
249 2162 139 62 aliis:
347 2162 83 62 in
389 2162 97 62 hoc
444 2162 181 62 videlicet
583 2162 111 62 quod
653 2162 139 62 primum
750 2162 125 62 genus
834 2162 195 62 relationis
987 2162 209 62 subalternum
1154 2162 111 62 est:
1223 2162 111 62 quod
1293 2162 97 62 est
1349 2162 83 62 in
1390 2162 153 62 actiuis
1502 2162 70 62 &
1516 2162 97 62 passi

167 2203 126 59 uis:
246 2203 79 59 &
277 2203 189 59 secundum
419 2203 236 59 condiuidens
608 2203 126 59 idem
687 2203 142 59 genus
781 2203 283 59 generalissimum
1017 2203 157 59 contra
1127 2203 142 59 illud
1222 2203 157 59 primum
1332 2203 205 59 diuiditur
1489 2203 94 59 in
1521 2203 94 59 duas

154 2252 166 65 species
275 2252 241 65 subalternas:
471 2252 151 65 quarum
576 2252 136 65 prima
667 2252 106 65 est
727 2252 91 65 in
772 2252 211 65 substantia
938 2252 196 65 numerorum
1089 2252 136 65 inter
1180 2252 121 65 vnum
1255 2252 75 65 &
1285 2252 166 65 multum:
1406 2252 166 65 secunda
1511 2252 106 65 inter

159 2299 195 54 accidentia
312 2299 181 54 numerorum
451 2299 153 54 causata
562 2299 83 54 ab
604 2299 97 54 vno
660 2299 70 54 &
687 2299 139 54 multo:
785 2299 111 54 quae
854 2299 167 54 vlterius
979 2299 83 54 in
1021 2299 153 54 species
1132 2299 250 54 distinguuntur,
1341 2299 83 54 vt
1383 2299 125 54 infra
1452 2299 167 54 videbitur.

155 2337 85 64 Et
197 2337 169 64 secundum
324 2337 99 64 hoc
381 2337 198 64 concedenda
536 2337 99 64 est
592 2337 141 64 tertia
691 2337 127 64 ratio
776 2337 99 64 pro
832 2337 113 64 ista
903 2337 127 64 parte
988 2337 169 64 adducta.
1143 2337 113 64 Sunt
1214 2337 127 64 autem
1298 2337 85 64 ex
1341 2337 141 64 dictis
1439 2337 99 64 hic
1482 2337 141 64 aduertem

159 2384 85 55 da
201 2384 114 55 duo:
273 2384 142 55 quorum
372 2384 142 55 primum
472 2384 114 55 est,
543 2384 114 55 quod
614 2384 128 55 magis
699 2384 185 55 differunt
841 2384 171 55 secundum
969 2384 128 55 genus
1054 2384 199 55 relationum
1211 2384 71 55 &
1239 2384 156 55 tertium
1353 2384 71 55 a
1381 2384 142 55 primo,
1481 2384 114 55 quam
1538 2384 85 55 ipsa

162 2433 172 53 scilicet
291 2433 172 53 secundum
420 2433 129 53 genus
507 2433 201 53 relationum
665 2433 72 53 &
693 2433 158 53 tertium
808 2433 129 53 inter
895 2433 101 53 se.
952 2433 72 53 &
981 2433 101 53 hoc
1038 2433 86 53 eo
1081 2433 115 53 quod
1153 2433 115 53 haec
1225 2433 101 53 duo
1282 2433 101 53 sub
1340 2433 101 53 vna
1397 2433 216 53 differentia
1556 2433 57 53 ca

157 2476 124 57 dunt.
240 2476 111 57 quod
309 2476 124 57 etiam
392 2476 124 57 magis
475 2476 180 57 differunt
613 2476 124 57 inter
696 2476 83 57 se
738 2476 166 57 relatiua
862 2476 124 57 primo
945 2476 138 57 genere
1042 2476 193 57 relationis
1194 2476 111 57 quam
1263 2476 152 57 secundo
1373 2476 97 57 aut
1429 2476 152 57 tertio,
1539 2476 69 57 &
1553 2476 69 57 hoc

159 2524 117 56 quia
233 2524 176 56 potentia
364 2524 73 56 &
393 2524 132 56 actus
481 2524 117 56 sunt
554 2524 263 56 principaliores
774 2524 234 56 differentiae
964 2524 132 56 entis
1052 2524 117 56 quam
1125 2524 117 56 vnum
1198 2524 73 56 &
1227 2524 161 56 multum.
1344 2524 161 56 Propter
1461 2524 117 56 quod
1520 2524 102 56 compa

153 2564 127 56 rando
238 2564 85 56 in
280 2564 184 56 creaturis
422 2564 170 56 relatiua
549 2564 127 56 primo
634 2564 141 56 genere
733 2564 198 56 relationis
888 2564 71 56 &
917 2564 141 56 tertio
1016 2564 127 56 inter
1101 2564 99 56 se:
1157 2564 127 56 dicit
1242 2564 170 56 Boethius
1369 2564 113 56 libo
1440 2564 85 56 i.
1483 2564 85 56 de
1511 2564 113 56 Trini.

168 2607 112 53 cap.
238 2607 140 53 xiiii.
336 2607 168 53 Sciendum
463 2607 98 53 est
519 2607 98 53 non
575 2607 126 53 talem
659 2607 140 53 semper
758 2607 112 53 esse
828 2607 253 53 praedicationem
1038 2607 197 53 relatiuam,
1193 2607 84 53 vt
1235 2607 140 53 semper
1333 2607 84 53 ad
1375 2607 225 53 differentias
1544 2607 84 53 prae

153 2652 151 74 dicetur,
267 2652 113 74 sicut
342 2652 113 74 serus
418 2652 88 74 est
468 2652 76 74 ad
506 2652 151 74 dominum.
620 2652 139 74 Commen.
721 2652 101 74 Haec
784 2652 101 74 enim
847 2652 126 74 nomina
935 2652 63 74 &
960 2652 88 74 res
1010 2652 113 74 illae
1086 2652 214 74 significatae,
1263 2652 151 74 scilicet
1376 2652 151 74 seruitus
1489 2652 63 74 &
1502 2652 126 74 dominium
