2017 3226
120 277 112 68 uina
190 277 140 68 natura
289 277 126 68 vltra
373 277 126 68 omnem
457 277 140 68 gradum
555 277 155 68 excedit
668 277 140 68 gradum
766 277 155 68 naturae
879 277 197 68 angelorum.
1033 277 84 68 vt
1075 277 183 68 propterea
1216 277 84 68 in
1258 277 183 68 infinitum
1398 277 155 68 fortior
1511 277 70 68 &
1525 277 70 68 fir

119 342 101 49 mior
183 342 89 49 sit
233 342 152 49 libertas
348 342 177 49 voluntatis
487 342 76 49 in
525 342 89 49 deo
576 342 101 49 quam
639 342 76 49 in
677 342 139 49 agelis:
779 342 63 49 &
804 342 101 49 ideo
867 342 127 49 omnino
956 342 216 49 inuariabilis:
1134 342 76 49 vt
1172 342 114 49 nullo
1248 342 101 49 modo
1311 342 127 49 possit
1400 342 152 49 incliare
1514 342 76 49 in
1539 342 51 49 mo

121 377 91 57 tum
173 377 117 57 alium
251 377 104 57 quam
317 377 157 57 directum
434 377 78 57 in
473 377 144 57 seipsum
578 377 78 57 vt
617 377 91 57 est
669 377 131 57 omnium
761 377 117 57 finis
839 377 157 57 vltimus.
956 377 78 57 Et
996 377 91 57 hoc
1048 377 157 57 convenit
1165 377 78 57 ei
1204 377 78 57 ex
1244 377 170 57 firmitate
1374 377 65 57 &
1400 377 196 57 fortitudine
1544 377 52 57 li

122 426 163 59 bertatis:
248 426 138 59 propter
349 426 101 59 quod
412 426 63 59 &
437 426 151 59 libertas
550 426 176 59 voluntatis
688 426 101 59 suae
751 426 113 59 summa
826 426 101 59 est:
889 426 63 59 a
914 426 101 59 quae
977 426 138 59 deficit
1078 426 151 59 libertas
1191 426 163 59 angelorum
1316 426 163 59 inquantum
1442 426 126 59 aliquo
1518 426 75 59 modo

120 466 141 63 variari
222 466 128 63 potest
312 466 77 63 in
350 466 141 63 actione
452 466 89 63 sua
503 466 64 63 &
529 466 179 63 electione,
670 466 77 63 vt
708 466 89 63 pti
759 466 77 63 ex
797 466 89 63 iam
848 466 141 63 dictis.
951 466 102 63 Vnde
1014 466 102 63 quia
1078 466 64 63 a
1104 466 217 63 variabilitate
1283 466 102 63 quae
1347 466 153 63 voluntas
1461 466 128 63 angeli
1538 466 64 63 vel

127 514 144 61 hominis
232 514 170 61 declinare
363 514 131 61 potest
454 514 118 61 motum
533 514 65 61 a
559 514 105 61 fine
625 514 144 61 vltimo,
729 514 157 61 procedit
847 514 157 61 potentia
965 514 170 61 peccandi:
1096 514 105 61 ideo
1162 514 157 61 Anselmus
1280 514 131 61 optime
1371 514 118 61 dicit
1450 514 79 61 in
1476 514 118 61 princi.

122 559 106 57 lib.
188 559 79 57 de
228 559 119 57 libe.
307 559 106 57 arb.
373 559 93 57 Nec
426 559 172 57 libertas,
558 559 93 57 nec
611 559 106 57 pers
677 559 185 57 libertatis
822 559 93 57 est
875 559 159 57 peccandi
994 559 172 57 potestas.
1126 559 66 57 â‹
1153 559 79 57 Ad
1192 559 198 57 quaestionem
1351 559 106 57 ergo
1417 559 159 57 dicendum
1523 559 66 57 sim

127 605 158 60 pliciter
245 605 66 60 &
272 605 158 60 absolute
390 605 105 60 quod
456 605 132 60 diuina
548 605 158 60 voluntas
667 605 132 60 libera
759 605 92 60 est
812 605 198 60 simpliciter
970 605 66 60 &
996 605 158 60 absolute
1115 605 79 60 in
1154 605 105 60 actu
1220 605 92 60 suo
1273 605 158 60 volendi,
1391 605 92 60 non
1431 605 171 60 distinguen-

121 651 76 62 do
159 651 101 62 quod
222 651 176 62 libertatem
361 651 113 62 habet
436 651 76 62 in
474 651 138 62 volendo
575 651 101 62 alia
637 651 63 62 a
663 651 88 62 se:
713 651 101 62 quia
776 651 113 62 nulla
851 651 189 62 necessitate
1002 651 101 62 vult
1065 651 138 62 aliquod
1166 651 151 62 illorum:
1279 651 88 62 non
1330 651 113 62 autem
1405 651 76 62 in
1443 651 138 62 volendo
1531 651 63 62 se:

121 695 101 67 quia
184 695 113 67 habet
260 695 201 67 necessitatem
423 695 138 67 volendi
524 695 151 67 seipsum:
637 695 151 67 secundum
750 695 101 67 quod
813 695 101 67 haec
876 695 113 67 infra
951 695 126 67 debent
1039 695 176 67 declarari.
1178 695 101 67 immo
1240 695 101 67 quia
1303 695 88 67 non
1354 695 101 67 vult
1416 695 101 67 alia
1479 695 63 67 a
1504 695 75 67 se
1530 695 75 67 nisi

120 750 144 56 volendo
225 750 157 56 seipsum,
343 750 118 56 sicut
422 750 118 56 neque
500 750 105 56 scit
566 750 105 56 alia
631 750 66 56 a
658 750 79 56 se
697 750 105 56 nisi
763 750 144 56 sciendo
868 750 157 56 seipsum:
986 750 79 56 vt
1025 750 171 56 declarari
1156 750 118 56 debet
1235 750 171 56 inferius.
1366 750 79 56 Et
1405 750 118 56 sicut
1484 750 92 56 non
1523 750 79 56 ali-

126 796 89 52 ter
177 796 101 52 scit
240 796 76 52 se
278 796 63 52 &
304 796 114 52 alia,
380 796 89 52 sic
430 796 89 52 non
481 796 127 52 aliter
570 796 101 52 vult
633 796 76 52 se
671 796 63 52 &
696 796 114 52 alia:
772 796 89 52 sed
823 796 114 52 aeque
899 796 139 52 libere:
1001 796 101 52 quia
1064 796 89 52 per
1115 796 177 52 voluntatis
1254 796 228 52 complacentiam:
1444 796 89 52 non
1495 796 89 52 per
1533 796 63 52 na-

126 837 122 57 turae
208 837 163 57 inpetum:
331 837 95 57 nec
385 837 95 57 per
439 837 150 57 obiecti
548 837 150 57 aliquam
657 837 245 57 deteriationem.
861 837 68 57 &
888 837 95 57 hoc
943 837 136 57 quanto
1038 837 136 57 diuina
1133 837 163 57 cognitio
1256 837 68 57 &
1283 837 109 57 eius
1351 837 177 57 appetitus
1474 837 122 57 propter

118 880 148 60 obiecti
225 880 229 60 simplicitatem
414 880 67 60 &
441 880 229 60 abstractionem
629 880 67 60 a
656 880 148 60 matuia,
764 880 108 60 quid
831 880 94 60 est
885 880 188 60 singularis
1033 880 135 60 deitas
1127 880 108 60 quae
1194 880 67 60 a
1221 880 94 60 deo
1275 880 202 60 cognoscitur
1436 880 67 60 &
1450 880 148 60 appetitur

114 935 85 49 sub
162 935 133 49 ratione
259 935 170 49 singlaris,
393 935 133 49 excedit
489 935 182 49 cognitionem
635 935 61 49 &
659 935 158 49 appetitum
780 935 158 49 creaturae
901 935 133 49 propter
998 935 133 49 obiecti
1095 935 206 49 matialitatem,
1265 935 97 49 quid
1325 935 85 49 est
1374 935 170 49 vniversale
1495 935 97 49 abstra

128 969 106 57 ctum
194 969 66 57 a
220 969 211 57 singlaribus.
392 969 79 57 Ex
432 969 93 57 hoc
485 969 106 57 enim
551 969 93 57 est
604 969 119 57 quasi
683 969 159 57 matiale:
802 969 66 57 &
828 969 172 57 similiter
960 969 159 57 virtutes
1079 969 185 57 cognitiuae
1225 969 66 57 &
1251 969 198 57 appetitiuae
1410 969 93 57 per
1463 969 79 57 se
1502 969 66 57 &
1515 969 93 57 primo

122 1018 163 62 vniversali
250 1018 81 62 sub
297 1018 128 62 ratione
389 1018 174 62 vniversalis
529 1018 93 62 sunt
587 1018 105 62 quasi
657 1018 139 62 matiales
761 1018 139 62 respectu
866 1018 139 62 virtutis
970 1018 128 62 diuinae
1063 1018 163 62 cognitiuae
1191 1018 58 62 &
1214 1018 186 62 appetitiuae:
1365 1018 93 62 quae
1423 1018 81 62 per
1469 1018 70 62 se
1504 1018 58 62 &
1516 1018 81 62 primo

120 1071 96 54 non
175 1071 179 54 cognoscit
313 1071 96 54 nec
368 1071 151 54 appetit
477 1071 110 54 nisi
546 1071 165 54 singlare
670 1071 192 54 abstractum
821 1071 137 54 omnino
917 1071 96 54 sub
972 1071 151 54 ratione
1082 1071 192 54 singlaris,
1233 1071 179 54 cuiusmodi
1370 1071 96 54 est
1425 1071 110 54 ipsa
1480 1071 124 54 deitas.

123 1106 84 66 â‹
157 1106 100 66 Ad
207 1106 151 66 illud
307 1106 134 66 ergo
391 1106 134 66 quod
475 1106 201 66 arguitur
625 1106 151 66 primo
726 1106 100 66 in
776 1106 234 66 oppositum:
960 1106 134 66 quod
1044 1106 167 66 libera
1161 1106 201 66 voluntas
1311 1106 100 66 se
1362 1106 151 66 habet
1462 1106 100 66 ad
1496 1106 100 66 oppo

122 1164 117 52 sita:
200 1164 65 52 &
226 1164 91 52 ita
278 1164 169 52 mutabilis
407 1164 104 52 est:
472 1164 91 52 &c.
524 1164 156 52 Dicendum
641 1164 104 52 quod
705 1164 104 52 sunt
770 1164 143 52 quaedam
874 1164 156 52 opposita
991 1164 78 52 in
1030 1164 130 52 genere
1120 1164 130 52 moris:
1211 1164 65 52 &
1237 1164 143 52 quaedam
1341 1164 78 52 in
1380 1164 130 52 genere
1470 1164 156 52 naturae.

120 1206 67 57 in
153 1206 112 57 genere
232 1206 101 57 moris
299 1206 134 57 secundum
399 1206 179 57 philosophum,
544 1206 101 57 Bonum
611 1206 56 57 &
634 1206 101 57 malum
701 1206 78 57 non
745 1206 89 57 sunt
801 1206 67 57 in
835 1206 123 57 genere:
924 1206 78 57 sed
969 1206 89 57 sunt
1024 1206 112 57 genera
1103 1206 134 57 aliorum:
1203 1206 101 57 quia.
1270 1206 134 57 scilicet
1371 1206 78 57 sub
1415 1206 101 57 ipsis
1482 1206 101 57 omnia
1538 1206 56 57 ope

123 1259 137 53 posita
219 1259 82 53 in
261 1259 137 53 genere
357 1259 124 53 moris
439 1259 220 53 continentur:
618 1259 69 53 &
645 1259 110 53 sunt
714 1259 179 53 solummodo
851 1259 165 53 virtutis
975 1259 69 53 &
1002 1259 151 53 peccati
1112 1259 124 53 opea.
1195 1259 82 53 In
1236 1259 137 53 genere
1332 1259 151 53 naturae
1442 1259 110 53 sunt
1497 1259 96 53 decen

121 1299 131 53 genera
213 1299 276 53 praedicamentorum:
449 1299 92 53 sub
502 1299 131 53 quibus
594 1299 118 53 omnia
673 1299 158 53 opposita
791 1299 66 53 &
817 1299 145 53 diuersa
923 1299 66 53 &
949 1299 171 53 contraria
1080 1299 79 53 in
1120 1299 118 53 rerum
1199 1299 131 53 natura
1291 1299 184 53 existentia
1422 1299 171 53 continentur

114 1342 176 62 Loquaendo
250 1342 81 62 de
291 1342 176 62 oppositis
427 1342 122 62 primo
508 1342 122 62 modo,
589 1342 122 62 patet
671 1342 95 62 per
725 1342 95 62 iam
779 1342 122 62 dicta
861 1342 109 62 quod
929 1342 81 62 de
969 1342 149 62 ratione
1078 1342 190 62 libertatis
1227 1342 95 62 non
1281 1342 95 62 est
1336 1342 81 62 se
1376 1342 136 62 habere
1471 1342 81 62 ad
1498 1342 109 62 opposi

124 1395 92 51 ta:
176 1395 105 51 quia
242 1395 118 51 posse
320 1395 144 51 peccare
425 1395 92 51 (vt
478 1395 131 51 dictum
569 1395 105 51 est)
635 1395 92 51 nec
687 1395 92 51 est
740 1395 170 51 libertas:
871 1395 118 51 neque
949 1395 105 51 pers
1015 1395 196 51 libertatis:
1172 1395 65 51 &
1198 1395 157 51 voluntas
1316 1395 105 51 quae
1381 1395 92 51 sic
1434 1395 79 51 se
1473 1395 118 51 habet
1552 1395 79 51 ad

119 1434 162 54 opposita,
243 1434 162 54 mutabilis
367 1434 99 54 est,
429 1434 174 54 cuiusmodoi
566 1434 87 54 non
616 1434 87 54 est
666 1434 149 54 voluntas
777 1434 99 54 dei:
840 1434 87 54 sed
889 1434 112 54 ageli
964 1434 87 54 aut
1014 1434 137 54 hominis
1113 1434 137 54 tantum,
1213 1434 75 54 vt
1250 1434 112 54 patet
1324 1434 75 54 ex
1362 1434 186 54 praedictis.
1499 1434 99 54 Loquen

120 1479 77 59 do
159 1479 103 59 vero
223 1479 77 59 de
261 1479 167 59 oppositis
389 1479 141 59 secundo
492 1479 115 59 modo,
569 1479 154 59 voluntas
684 1479 115 59 valet
761 1479 77 59 ad
799 1479 154 59 opposita
915 1479 192 59 dupliciter:
1069 1479 90 59 vel
1120 1479 90 59 sub
1171 1479 141 59 ratione
1274 1479 192 59 incomplexi,
1427 1479 154 59 vniversl
1530 1479 64 59 sub

118 1527 142 57 ratione
222 1527 168 57 complexi.
351 1527 117 57 Primo
429 1527 104 57 modo
494 1527 78 57 de
532 1527 168 57 libertate
662 1527 181 57 voluntatis
804 1527 91 57 est
856 1527 78 57 se
895 1527 91 57 hre
947 1527 78 57 ad
985 1527 168 57 opposita:
1115 1527 104 57 quia
1180 1527 78 57 de
1219 1527 142 57 ratione
1322 1527 181 57 libertatis
1465 1527 91 57 est
1503 1527 91 57 posse

128 1577 109 52 velle
201 1577 97 52 omne
262 1577 158 52 volibile.
383 1577 146 52 Quicquod
492 1577 109 52 autem
565 1577 85 52 est
614 1577 85 52 res
662 1577 61 52 &
687 1577 122 52 natura
772 1577 122 52 aliqua
857 1577 219 52 praedicamenti,
1039 1577 73 52 in
1076 1577 73 52 eo
1112 1577 97 52 quod
1173 1577 109 52 bonum
1246 1577 134 52 quoddam
1343 1577 85 52 est
1391 1577 146 52 volibile
1501 1577 97 52 est.
1549 1577 49 52 Et

115 1616 96 57 hoc
170 1616 110 57 modo
239 1616 110 57 deus
307 1616 233 57 immutabiliter
499 1616 151 57 volendo
608 1616 96 57 se,
663 1616 110 57 vult
732 1616 123 57 omnem
814 1616 192 57 creaturam:
964 1616 110 57 quia
1033 1616 123 57 omnia
1115 1616 82 57 in
1156 1616 137 57 natura
1252 1616 68 57 &
1279 1616 164 57 essentia
1403 1616 96 57 sua
1457 1616 151 57 placent
1553 1616 55 57 vo

120 1663 150 58 luntati
229 1663 164 58 diuinae:
352 1663 109 58 quia
420 1663 123 58 vidit
502 1663 109 58 deus
570 1663 136 58 cuncta
666 1663 109 58 quae
734 1663 164 58 fecerat,
856 1663 68 58 &
884 1663 123 58 erant
965 1663 123 58 valde
1047 1663 123 58 bona.
1129 1663 123 58 Gene.
1211 1663 82 58 i.
1252 1663 150 58 Secundo
1361 1663 109 58 modo
1415 1663 191 58 subdistiguem

120 1706 104 58 dum:
185 1706 104 58 quia
250 1706 143 58 quaedam
354 1706 104 58 sunt
420 1706 208 58 complexiones
589 1706 117 58 super
667 1706 104 58 quas
732 1706 91 58 non
784 1706 117 58 cadit
862 1706 104 58 nisi
928 1706 156 58 voluntas
1045 1706 156 58 vitiosa,
1162 1706 78 58 vt
1201 1706 117 58 super
1279 1706 91 58 hoc
1331 1706 104 58 quod
1397 1706 91 58 est
1449 1706 143 58 hominem
1540 1706 65 58 pec

114 1759 119 50 care.
193 1759 119 50 Aliae
273 1759 106 50 sunt
339 1759 212 50 complexiones
512 1759 119 50 super
591 1759 119 50 quaes
671 1759 119 50 cadit
750 1759 159 50 voluntas
870 1759 133 50 absque
962 1759 106 50 omni
1029 1759 133 50 vitio:
1122 1759 80 50 vt
1161 1759 119 50 super
1241 1759 93 50 hoc
1294 1759 106 50 quod
1360 1759 93 50 est
1413 1759 133 50 Sortem
1493 1759 106 50 curre-

113 1803 82 54 re
154 1803 95 54 vel
209 1803 95 54 non
263 1803 163 54 currere.
386 1803 218 54 Complexiones
563 1803 123 54 primo
644 1803 109 54 modo
712 1803 123 54 velle
794 1803 95 54 non
848 1803 163 54 pertinet
971 1803 82 54 ad
1012 1803 204 54 libertatem,
1175 1803 109 54 quia
1243 1803 109 54 sunt
1311 1803 82 54 in
1352 1803 136 54 vitio.
1447 1803 95 54 Sed
1488 1803 109 54 comple

117 1843 130 57 xiones
208 1843 143 57 secundo
313 1843 117 57 modo,
391 1843 104 57 quia
456 1843 78 57 de
495 1843 78 57 se
534 1843 104 57 sunt
600 1843 222 57 indifferentia
782 1843 65 57 &
808 1843 183 57 ordiabilia
952 1843 65 57 &
978 1843 91 57 non
1030 1843 183 57 ordiabilia
1174 1843 78 57 ad
1213 1843 117 57 bonum
1291 1843 157 57 vltimum,
1408 1843 157 57 secundum
1513 1843 91 57 diuer

120 1897 93 50 sos
173 1897 133 50 status
266 1897 133 50 rerum,
359 1897 93 50 hoc
413 1897 107 50 modo
479 1897 80 50 se
519 1897 93 50 hre
573 1897 80 50 ad
612 1897 160 50 opposita
732 1897 160 50 pertinet
852 1897 80 50 ad
892 1897 186 50 libertatem
1039 1897 173 50 arbitrii:
1172 1897 67 50 &
1198 1897 93 50 hoc
1252 1897 107 50 modo
1318 1897 107 50 deus
1385 1897 120 50 praet
1465 1897 120 50 velle
1531 1897 67 50 hoc

129 1933 91 55 vel
181 1933 117 55 illud
259 1933 91 55 vel
311 1933 117 55 ambo,
390 1933 91 55 vel
442 1933 156 55 neutrum:
559 1933 65 55 &
585 1933 91 55 hoc
637 1933 104 55 sine
703 1933 104 55 omni
768 1933 209 55 mutabilitate
937 1933 78 55 in
976 1933 91 55 suo
1028 1933 104 55 actu
1094 1933 156 55 volendi:
1211 1933 91 55 sed
1263 1933 117 55 solum
1341 1933 117 55 circa
1420 1933 143 55 volita,
1524 1933 104 55 quae

121 1981 103 57 sunt
186 1981 168 57 exteriora
315 1981 168 57 connotata
444 1981 116 57 circa
521 1981 116 57 actum
598 1981 142 57 volendi
702 1981 103 57 dei,
766 1981 155 57 secundum
882 1981 103 57 quod
947 1981 90 57 hoc
998 1981 155 57 inferius
1115 1981 116 57 debet
1192 1981 181 57 declarari.
1334 1981 77 57 Et
1373 1981 90 57 cum
1424 1981 90 57 hoc
1476 1981 103 57 quod
1527 1981 65 57 sic

126 2026 165 58 voluntas
250 2026 124 58 valet
333 2026 83 58 ad
374 2026 179 58 opposita,
511 2026 83 58 de
553 2026 96 58 hoc
608 2026 124 58 nihil
690 2026 83 58 ad
731 2026 193 58 voluntatis
883 2026 206 58 libertatem:
1048 2026 96 58 sed
1103 2026 83 58 ad
1144 2026 193 58 libertatem
1295 2026 165 58 arbitrii
1419 2026 83 58 in
1447 2026 151 58 voluntate

119 2067 113 61 Haec
189 2067 113 61 enim
260 2067 127 61 inter
345 2067 85 61 se
387 2067 184 61 differunt
528 2067 155 61 multum,
641 2067 85 61 vt
684 2067 85 61 in
726 2067 155 61 patebit
839 2067 198 61 quaestione
994 2067 184 61 sequenti.
1135 2067 71 61 â‹
1164 2067 85 61 Ad
1206 2067 169 61 secundum
1333 2067 113 61 quod
1403 2067 127 61 illud
1474 2067 113 61 glorio

108 2123 101 60 sius
171 2123 138 60 habetur
272 2123 101 60 quod
335 2123 138 60 habetur
435 2123 189 60 necessitate
586 2123 138 60 naturae
687 2123 101 60 quam
750 2123 101 60 quod
812 2123 101 60 alio
875 2123 113 60 modo:
951 2123 151 60 Dicendum
1064 2123 101 60 quod
1127 2123 75 60 ly
1165 2123 75 60 de
1202 2123 189 60 necessitate
1353 2123 151 60 naturae,
1466 2123 126 60 potest
1542 2123 50 60 de

112 2161 196 58 terminare
263 2161 136 58 actum
353 2161 166 58 habendi
473 2161 75 58 &
504 2161 151 58 dicere
609 2161 136 58 modum
699 2161 136 58 eius:
790 2161 105 58 vel
850 2161 105 58 rem
910 2161 166 58 habitam
1031 2161 75 58 &
1061 2161 151 58 dicere
1166 2161 136 58 modum
1257 2161 151 58 illius
1362 2161 120 58 rei.
1437 2161 136 58 Primo
1513 2161 90 58 modo

123 2205 113 58 verum
199 2205 100 58 est:
261 2205 200 58 intelligendo
424 2205 150 58 scilicet
537 2205 163 58 alietatem
662 2205 75 58 ex
700 2205 113 58 parte
775 2205 100 58 modi
838 2205 150 58 habendi,
950 2205 100 58 illo
1013 2205 100 58 quod
1076 2205 138 58 habetur
1176 2205 163 58 existente
1301 2205 138 58 eiusdem
1402 2205 150 58 rationis
1502 2205 100 58 vtrobi

108 2260 103 51 quod
173 2260 155 51 secundum
289 2260 116 51 modum
366 2260 116 51 supra
444 2260 219 51 determinatum.
624 2260 142 51 Secundo
727 2260 103 51 modo
792 2260 90 51 non
844 2260 90 51 est
895 2260 129 51 verum.
986 2260 103 51 Vnde
1050 2260 181 51 sentiendum
1192 2260 90 51 est
1244 2260 103 51 quod
1308 2260 103 51 deus
1373 2260 155 51 quicquod
1489 2260 129 51 habet:

111 2305 131 54 habet
199 2305 218 54 necessitate
373 2305 160 54 naturae
490 2305 116 54 suae
562 2305 87 54 ex
606 2305 131 54 parte
693 2305 116 54 modi
766 2305 175 54 habendi:
897 2305 73 54 &
926 2305 102 54 hoc
984 2305 102 54 est
1042 2305 116 54 sume
1115 2305 204 54 gloriosum.
1275 2305 87 54 Et
1319 2305 102 54 sic
1377 2305 87 54 de
1406 2305 189 54 necessitate

112 2341 107 65 suae
179 2341 148 65 naturae
286 2341 121 65 habet
367 2341 188 65 voluntatem
514 2341 134 65 omnino
608 2341 161 65 liberam:
729 2341 107 65 quod
796 2341 94 65 est
850 2341 121 65 multo
930 2341 188 65 gloriosius
1078 2341 107 65 quam
1145 2341 81 65 si
1185 2341 94 65 eam
1239 2341 148 65 haberet
1346 2341 107 65 alio
1413 2341 121 65 modo:
1494 2341 67 65 &
1507 2341 94 65 etiam

117 2395 127 56 multo
201 2395 197 56 gloriosius
356 2395 113 56 quam
427 2395 85 56 si
469 2395 85 56 de
511 2395 211 56 necessitate
680 2395 155 56 naturae
793 2395 113 56 suae
863 2395 155 56 haberet
976 2395 197 56 voluntatem
1131 2395 211 56 necessariam
1300 2395 211 56 necessitate
1469 2395 169 56 naturae:

122 2432 105 65 quod
188 2432 184 65 implicaret
332 2432 250 65 contradictoria.
543 2432 92 65 cum
595 2432 158 65 voluntas
713 2432 79 65 vt
753 2432 171 65 voluntas,
884 2432 184 65 libertatem
1029 2432 171 65 importat:
1160 2432 79 65 vt
1200 2432 118 65 patet
1279 2432 79 65 ex
1305 2432 171 65 praedictis.

387 2475 111 59 Irca
457 2475 153 59 Quartum
568 2475 181 59 arguitur:
707 2475 111 59 quod
776 2475 167 59 voluntas
901 2475 97 59 dei
957 2475 97 59 non
1012 2475 97 59 sit
1068 2475 139 59 liberi
1165 2475 181 59 arbitrii.
1304 2475 125 59 Primo
1388 2475 111 59 sic.
1457 2475 125 59 actus
1527 2475 69 59 li-

402 2525 106 59 beri
468 2525 160 59 arbitrii
588 2525 93 59 est
641 2525 160 59 eligere,
761 2525 106 59 quod
827 2525 93 59 non
880 2525 160 59 convenit
1000 2525 106 59 deo:
1066 2525 93 59 tum
1120 2525 106 59 quia
1186 2525 146 59 electio
1293 2525 93 59 non
1346 2525 93 59 est
1399 2525 106 59 sine
1452 2525 133 59 consilio

409 2577 103 61 quod
473 2577 90 61 non
525 2577 90 61 est
576 2577 103 61 nisi
641 2577 180 61 dubitantis
782 2577 142 61 quaelis
885 2577 90 61 non
937 2577 90 61 est
988 2577 116 61 deus:
1065 2577 90 61 tum
1117 2577 103 61 quia
1181 2577 142 61 electio
1284 2577 154 61 secundum
1400 2577 129 61 Damas.
1490 2577 90 61 est
1529 2577 64 61 duo

397 2615 87 61 bus
446 2615 174 61 propositis
583 2615 124 61 alteri
669 2615 136 61 alterum
768 2615 124 61 libere
855 2615 174 61 praeferre,
992 2615 99 61 quod
1054 2615 87 61 non
1103 2615 149 61 convenit
1215 2615 161 61 voluntati
1339 2615 149 61 diuinae,
1450 2615 99 61 quae
1500 2615 99 61 semper

386 2660 126 56 lvult
470 2660 154 56 melius.
582 2660 112 56 ergo
651 2660 98 56 &c.
707 2660 70 56 â‹
735 2660 154 56 Secundo
847 2660 112 56 sic.
917 2660 154 56 liberum
1028 2660 182 56 arbitrium
1168 2660 112 56 quod
1238 2660 112 56 vult
1308 2660 140 56 potest
1406 2660 98 56 non
1461 2660 140 56 velle,
1545 2660 70 56 non

385 2713 115 61 asic
456 2713 129 61 autem
542 2713 129 61 deus,
628 2713 115 61 quia
700 2713 129 61 esset
786 2713 200 61 mutabilis.
943 2713 115 61 ergo
1015 2713 100 61 &c.
1072 2713 72 61 â‹
1101 2713 86 61 In
1144 2713 200 61 contrarium
1301 2713 100 61 est
1358 2713 129 61 illud
1444 2713 157 61 Anselmi
1559 2713 86 61 in

390 2757 189 60 principio
536 2757 87 60 de
579 2757 145 60 libero
681 2757 189 60 arbitrio.
826 2757 203 60 Libertatem
986 2757 174 60 arbitrii
1116 2757 102 60 non
1174 2757 116 60 puto
1247 2757 116 60 esse
1320 2757 189 60 potentiam
1465 2757 174 60 peccandi

132 2802 74 68 &
162 2802 104 68 non
221 2802 193 68 peccandi:
370 2802 148 68 quippe
473 2802 89 68 si
518 2802 119 68 haec
592 2802 193 68 huiusmodi
741 2802 134 68 esset
830 2802 208 68 definitio,
993 2802 104 68 nec
1052 2802 134 68 deus,
1141 2802 104 68 nec
1201 2802 148 68 angeli
1304 2802 104 68 qui
1364 2802 163 68 peccare
1468 2802 148 68 nequeunt
