2017 3264
407 254 177 80 secundum
540 254 118 80 rem,
614 254 118 80 puta
688 254 103 80 cum
747 254 133 80 pater
835 254 74 80 &
865 254 148 80 filius
968 254 74 80 &
998 254 177 80 spiritus
1131 254 162 80 sanctus
1249 254 177 80 dicuntur
1382 254 118 80 idem
1456 254 148 80 simile
1559 254 74 80 &
1588 254 177 80 aequale.
1721 254 118 80 ergo
1795 254 103 80 &c.
1839 254 89 80 Vnde

419 329 73 50 &
449 329 233 50 Philosophus.
638 329 87 50 v.
682 329 131 50 meta.
769 329 87 50 de
813 329 233 50 relationibus
1003 329 204 50 communibus
1163 329 219 50 identitatis
1338 329 233 50 aequalitatis
1527 329 73 50 &
1557 329 248 50 similitudinis
1761 329 131 50 dicit
1834 329 87 50 sic.

432 370 121 54 Omnia
512 370 161 54 dicuntur
633 370 161 54 secundum
754 370 107 54 vnum
821 370 134 54 modum.
915 370 67 54 ⁋
942 370 134 54 Contra
1036 370 94 54 est
1090 370 81 54 id
1130 370 107 54 quod
1197 370 202 54 Commentator
1359 370 121 54 super
1439 370 107 54 illo
1506 370 134 54 verbo.
1601 370 81 54 v.
1641 370 121 54 meta.
1721 370 134 54 dicit,
1816 370 107 54 sic.
1869 370 54 54 i.

429 420 71 52 &
457 420 171 52 proprium
586 420 100 52 est
643 420 128 52 istis
728 420 143 52 tribus
828 420 185 52 generibus
970 420 214 52 relatiuorum
1141 420 100 52 &c.
1198 420 86 52 vt
1241 420 143 52 supra,
1341 420 171 52 articulo
1469 420 128 52 primo
1555 420 86 52 de
1597 420 228 52 relationibus
1768 420 157 52 comunibus

430 470 77 50 in
469 470 168 50 principio
598 470 155 50 corporis
714 470 180 50 solutionis
855 470 77 50 ad
894 470 193 50 quaestionem
1049 470 142 50 primam.
1152 470 77 50 Si
1190 470 103 50 enim
1255 470 103 50 sunt
1319 470 103 50 tria
1384 470 129 50 genera
1474 470 206 50 relatiuorum,
1641 470 180 50 necessario
1770 470 155 50 differunt.

432 507 85 92 ⁋
466 507 135 92 Dico
550 507 203 92 secundum
703 507 220 92 praetacta
872 507 101 92 in
922 507 186 92 corpore
1058 507 169 92 dictae
1176 507 254 92 solutionis,
1379 507 135 92 quod
1463 507 203 92 postquam
1616 507 220 92 identitas
1768 507 152 92 aequali

431 583 105 58 tas
491 583 75 58 &
521 583 211 58 similitudo
687 583 120 58 sint
762 583 151 58 plures
868 583 211 58 relationes
1033 583 196 58 communes,
1184 583 90 58 vt
1229 583 151 58 dictum
1335 583 105 58 est
1395 583 90 58 in
1440 583 166 58 secunda
1561 583 211 58 quaestione
1726 583 166 58 eiusdem
1832 583 90 58 arti

430 625 116 68 culi,
507 625 141 68 necesse
610 625 90 68 est
661 625 129 68 ponere
751 625 103 68 quod
816 625 103 68 sunt
880 625 154 68 diuersae
996 625 116 68 inter
1073 625 90 68 se.
1124 625 154 68 Vlterius
1240 625 116 68 autem
1317 625 154 68 postquam
1433 625 180 68 conveniunt
1574 625 77 68 in
1613 625 129 68 genere
1703 625 193 68 relationis:
1844 625 77 68 quia

423 686 128 42 omnes
508 686 113 42 sunt
579 686 213 42 relationes,
749 686 71 42 &
777 686 184 42 differunt
919 686 85 42 ab
961 686 128 42 aliis
1046 686 241 42 relationibus,
1245 686 85 42 vt
1287 686 198 42 declaratum
1443 686 99 42 est
1500 686 99 42 per
1557 686 128 42 totum
1642 686 128 42 illum
1727 686 198 42 articulum:
1868 686 57 42 ne

433 720 117 60 cesse
511 720 91 60 est
563 720 131 60 ponere
655 720 104 60 quod
720 720 117 60 etiam
798 720 117 60 inter
877 720 78 60 se
916 720 183 60 distinctae
1059 720 104 60 sunt
1125 720 65 60 &
1151 720 209 60 differentes:
1321 720 65 60 &
1347 720 157 60 secundum
1464 720 104 60 quod
1529 720 131 60 tactum
1621 720 91 60 est
1673 720 78 60 in
1712 720 144 60 secunda
1803 720 131 60 quaestio

423 765 96 60 ne
471 765 191 60 articuli
614 765 255 60 praecedentis
821 765 96 60 de
869 765 239 60 differentia
1061 765 223 60 relationum
1236 765 207 60 communium
1395 765 96 60 ad
1443 765 223 60 relationes
1618 765 112 60 non
1682 765 207 60 communes.
1825 765 112 60 Diffe

420 822 147 52 rentia
523 822 132 52 autem
611 822 205 52 relationum
772 822 191 52 communium
919 822 132 52 inter
1007 822 88 52 se
1051 822 88 52 ad
1095 822 176 52 praesens
1227 822 132 52 debet
1315 822 117 52 sumi
1388 822 132 52 neque
1476 822 132 52 penes
1564 822 161 52 relata:
1682 822 132 52 neque
1770 822 132 52 penes
1843 822 88 52 fun-

419 860 184 52 damenta:
556 860 92 52 de
602 860 153 52 quarum
710 860 230 52 differentia
893 860 184 52 secundum
1031 860 122 52 illa
1107 860 122 52 erit
1184 860 138 52 sermo
1276 860 199 52 inferius:
1429 860 122 52 quae
1505 860 122 52 sunt
1582 860 138 52 quasi
1674 860 138 52 causa
1750 860 184 52 materialis

425 909 145 54 talium
526 909 217 54 relationum:
699 909 101 54 sed
757 909 188 54 solummodo
902 909 130 54 penes
988 909 173 54 rationes
1118 909 145 54 causae
1220 909 188 54 formalis:
1364 909 101 54 aut
1422 909 130 54 penes
1509 909 130 54 agens
1596 909 188 54 huiusmodi
1740 909 159 54 formas:
1841 909 87 54 quae

441 964 140 50 quidem
539 964 140 50 formae
637 964 112 50 sunt
707 964 182 50 huiusmodi
848 964 196 50 relationes
1002 964 98 50 aut
1058 964 182 50 respectus
1198 964 140 50 quibus
1296 964 140 50 relata
1394 964 210 50 referuntur.
1562 964 84 50 Et
1605 964 112 50 dico
1675 964 126 50 iuxta
1759 964 126 50 dicta
1843 964 84 50 in
1871 964 70 50 il-

419 1000 89 56 la
464 1000 223 56 quaestione,
642 1000 119 56 quod
717 1000 208 56 relationes
881 1000 179 56 communes
1015 1000 194 56 differunt
1164 1000 74 56 &
1193 1000 253 56 distinguuntur
1402 1000 179 56 secundum
1536 1000 119 56 tria
1610 1000 149 56 genera
1715 1000 119 56 siue
1789 1000 119 56 tres
1864 1000 104 56 mo-

425 1047 108 61 dos
486 1047 216 61 relationum
656 1047 231 61 differentes
840 1047 185 61 secundum
979 1047 169 61 formam.
1102 1047 200 61 iDiuersos
1256 1047 123 61 enim
1333 1047 200 61 respectus
1487 1047 123 61 siue
1564 1047 216 61 relationes
1734 1047 200 61 important
1872 1047 62 61 ge

429 1093 120 65 nera
504 1093 210 65 relationum
669 1093 195 65 communium
819 1093 180 65 diuersa.
954 1093 75 65 &
984 1093 180 65 qualiter
1119 1093 120 65 hoc,
1194 1093 240 65 declarabitur
1389 1093 90 65 in
1434 1093 255 65 quaestionibus
1644 1093 240 65 sequentibus.
1839 1093 90 65 Et
1869 1093 75 65 le-

424 1135 171 65 cundum
544 1135 120 65 hoc
612 1135 239 65 concedenda
800 1135 120 65 est
868 1135 171 65 vltima
988 1135 154 65 ratio
1091 1135 120 65 iam
1142 1135 171 65 adducta.

427 1161 96 95 ⁋
465 1161 115 95 Ad
523 1161 192 95 primum
657 1161 115 95 in
715 1161 269 95 oppositum,
926 1161 154 95 quod
1022 1161 269 95 relationes
1233 1161 230 95 communes
1406 1161 134 95 non
1482 1161 326 95 distinguuntur
1751 1161 173 95 penes
1847 1161 96 95 sun

437 1234 185 67 damenta:
575 1234 138 67 quare
667 1234 108 67 non
729 1234 261 67 distinguuntur
944 1234 169 67 omnino:
1067 1234 123 67 quia
1144 1234 108 67 non
1205 1234 123 67 nisi
1282 1234 138 67 penes
1375 1234 123 67 illa
1451 1234 292 67 multiplicantur,
1697 1234 123 67 Dico
1774 1234 123 67 quod
1836 1234 92 67 immo

442 1293 90 54 er
487 1293 105 54 sua
547 1293 209 54 fundamenta
711 1293 269 54 distinguuntur:
935 1293 135 54 licet
1025 1293 105 54 non
1085 1293 224 54 formaliter:
1264 1293 105 54 sed
1324 1293 135 54 solum
1414 1293 120 54 quia
1489 1293 90 54 ab
1533 1293 135 54 illis
1623 1293 179 54 rationes
1758 1293 120 54 suas
1817 1293 120 54 forma-

439 1336 98 60 les
495 1336 153 60 trahunt
606 1336 223 60 originaliter
787 1336 70 60 &
815 1336 209 60 completiue,
983 1336 84 60 vt
1024 1336 167 60 contigit
1150 1336 84 60 in
1192 1336 223 60 relationibus
1373 1336 181 60 realibus:
1512 1336 98 60 vel
1568 1336 223 60 originaliter
1749 1336 153 60 tantum,
1860 1336 70 60 &
1874 1336 70 60 con

441 1385 159 58 pletiue
556 1385 72 58 a
585 1385 174 58 ratione,
715 1385 87 58 vt
759 1385 174 58 contigit
889 1385 87 58 in
933 1385 232 58 relationibus
1121 1385 174 58 secundum
1251 1385 188 58 rationem,
1396 1385 174 58 secundum
1526 1385 130 58 dicta
1613 1385 87 58 in
1656 1385 159 58 secunda
1757 1385 174 58 quaestione

440 1432 156 58 articuli
557 1432 220 58 praecedentis.
738 1432 78 58 In
777 1432 130 58 quibus
868 1432 169 58 respectus
998 1432 104 58 quid
1062 1432 207 58 originaliter
1231 1432 130 58 habent
1322 1432 104 58 esse
1386 1432 78 58 in
1425 1432 207 58 fundamentis,
1594 1432 169 58 quandoque
1724 1432 91 58 non
1775 1432 130 58 habent
1853 1432 91 58 esste

434 1483 89 53 ex
479 1483 133 53 illis
567 1483 89 53 vt
611 1483 89 53 ex
656 1483 236 53 fundamentis,
847 1483 89 53 vt
892 1483 133 53 etiam
980 1483 89 53 ex
1024 1483 103 53 eis
1083 1483 162 53 habeant
1201 1483 118 53 esse
1275 1483 133 53 sicut
1364 1483 89 53 ea
1408 1483 118 53 quae
1482 1483 103 53 per
1541 1483 103 53 eas
1600 1483 221 53 referuntur:
1777 1483 74 53 &
1806 1483 118 53 sunt
1865 1483 74 53 si-

431 1526 103 54 mul
490 1526 207 54 fundamenta
653 1526 74 54 &
683 1526 163 54 relata:
801 1526 103 54 sed
860 1526 192 54 quandoque
1008 1526 89 54 in
1052 1526 103 54 eis
1111 1526 133 54 nulla
1200 1526 163 54 existit
1318 1526 163 54 relatio
1436 1526 177 54 secundum
1569 1526 118 54 esse
1643 1526 133 54 neque
1732 1526 103 54 rei
1791 1526 133 54 neque
1865 1526 74 54 ta-

438 1573 161 58 tionis:
555 1573 102 58 sed
614 1573 175 58 secundum
745 1573 117 58 dici
818 1573 161 58 tantum:
935 1573 146 58 qualis
1038 1573 102 58 est
1096 1573 132 58 inter
1184 1573 146 58 partem
1286 1573 73 58 &
1315 1573 146 58 totum,
1418 1573 73 58 &
1447 1573 132 58 inter
1534 1573 190 58 subiectum
1681 1573 73 58 &
1710 1573 190 58 accidens.
1841 1573 88 58 Quam

436 1617 120 56 doque
516 1617 107 56 vero
582 1617 147 56 existit
689 1617 80 56 in
729 1617 93 56 eis
783 1617 147 56 relatio
889 1617 160 56 secundum
1010 1617 107 56 esse
1076 1617 160 56 rationis
1197 1617 147 56 tantum,
1303 1617 80 56 vt
1343 1617 227 56 vniuersaliter
1530 1617 174 56 contingit
1664 1617 80 56 in
1704 1617 214 56 relationibus
1864 1617 80 56 pri-

437 1664 84 49 mo
479 1664 112 49 modo
549 1664 224 49 identitatis:
731 1664 182 49 quandoque
872 1664 112 49 vero
942 1664 182 49 respectus
1082 1664 112 49 quid
1152 1664 126 49 habet
1236 1664 112 49 esse
1306 1664 84 49 ex
1348 1664 224 49 fundamentis,
1530 1664 126 49 sicut
1615 1664 140 49 habent
1713 1664 112 49 esse
1783 1664 84 49 ex
1825 1664 126 49 illis
1895 1664 56 49 vt

439 1708 106 60 tamen
510 1708 82 60 non
557 1708 94 60 sint
616 1708 71 60 ex
651 1708 106 60 illis
722 1708 94 60 quae
780 1708 82 60 per
827 1708 82 60 eas
874 1708 165 60 referuntur
1004 1708 94 60 quae
1063 1708 94 60 sunt
1121 1708 129 60 aliquid
1216 1708 129 60 ipsorum
1310 1708 165 60 relatorum:
1439 1708 71 60 vt
1474 1708 141 60 contigit
1580 1708 71 60 in
1615 1708 129 60 secundo
1710 1708 94 60 modo
1768 1708 188 60 identitatis:

437 1756 69 46 &
465 1756 235 46 vniuersaliter
659 1756 83 46 in
700 1756 222 46 similitudine
880 1756 69 46 &
908 1756 83 46 in
950 1756 208 46 aequalitate
1116 1756 166 46 eorumque
1240 1756 208 46 contrariis.
1407 1756 180 46 Quandoque
1545 1756 125 46 etiam
1628 1756 97 46 non
1684 1756 139 46 habent
1781 1756 111 46 esse
1836 1756 97 46 respe

445 1800 106 61 ctus
511 1800 212 61 originaliter
683 1800 79 61 ab
723 1800 119 61 illis
802 1800 106 61 quae
868 1800 93 61 per
921 1800 93 61 eos
974 1800 199 61 referuntur:
1133 1800 119 61 neque
1213 1800 79 61 ab
1252 1800 119 61 illis
1332 1800 106 61 quae
1398 1800 106 61 sunt
1464 1800 146 61 aliquid
1570 1800 159 61 illorum:
1689 1800 93 61 sed
1742 1800 172 61 solummodo
1862 1800 79 61 abil

432 1848 92 57 lis
485 1848 106 57 siue
551 1848 79 57 ex
590 1848 119 57 illis
670 1848 79 57 ad
709 1848 106 57 quae
775 1848 198 57 referuntur:
934 1848 79 57 vt
973 1848 225 57 vniuersaliter
1158 1848 172 57 contingit
1291 1848 79 57 in
1330 1848 211 57 relationibus
1502 1848 106 57 quae
1568 1848 106 57 sunt
1634 1848 92 57 per
1687 1848 159 57 accidens
1806 1848 159 57 secundum

445 1893 115 57 esse
517 1893 187 57 rationis,
660 1893 115 57 puta
732 1893 173 57 mensurae
862 1893 86 57 ad
905 1893 216 57 mensuratum:
1078 1893 72 57 &
1106 1893 173 57 columnae
1236 1893 86 57 ad
1279 1893 144 57 animal
1380 1893 173 57 secundum
1509 1893 158 57 dextrum
1624 1893 72 57 &
1653 1893 201 57 sinistrum,
1797 1893 144 57 secundum

443 1942 116 56 quod
515 1942 116 56 haec
587 1942 159 56 amplius
703 1942 145 56 patent
805 1942 87 56 ex
848 1942 232 56 distinctione
1037 1942 203 56 relationum
1196 1942 159 56 realium
1312 1942 72 56 &
1341 1942 217 56 rationalium
1515 1942 130 56 supra
1602 1942 87 56 de
1645 1942 232 56 relationibus
1819 1942 116 56 commu-

445 1989 115 54 nibus
522 1989 154 54 articulo
637 1989 115 54 primo
714 1989 179 54 quaestione
855 1989 141 54 quarta,
958 1989 64 54 &
983 1989 179 54 quaestione
1124 1989 141 54 secunda
1227 1989 154 54 articuli
1342 1989 218 54 praecedentis.
1521 1989 64 54 ⁋
1547 1989 102 54 Quod
1611 1989 115 54 autem
1688 1989 154 54 arguitur
1803 1989 102 54 quod
1867 1989 102 54 indi

439 2037 140 50 uinis
533 2037 217 50 relationes
703 2037 186 50 communes
843 2037 109 50 non
905 2037 202 50 differunt
1060 2037 140 50 penes
1153 2037 109 50 sua
1215 2037 217 50 fundamenta
1386 2037 124 50 quia
1464 2037 202 50 fundantur
1619 2037 140 50 super
1712 2037 124 50 idem
1774 2037 155 50 penitus:

439 2079 78 56 eo
478 2079 104 56 quod
543 2079 156 56 personae
660 2079 104 56 tres
725 2079 104 56 sunt
790 2079 117 56 iidem
867 2079 156 56 aequales
984 2079 65 56 &
1010 2079 143 56 similes
1114 2079 156 56 secundum
1231 2079 195 56 substantiam
1387 2079 195 56 quantitatem
1543 2079 65 56 &
1568 2079 195 56 qualitatem:
1724 2079 104 56 Dico
1789 2079 78 56 de
1815 2079 117 56 identi-

441 2123 106 56 tate
507 2123 106 56 quod
574 2123 133 56 multum
667 2123 133 56 refert
760 2123 133 56 aliqua
853 2123 133 56 dicere
946 2123 120 56 eadem
1025 2123 106 56 esse
1092 2123 80 56 in
1132 2123 186 56 substantia
1278 2123 186 56 quantitate
1424 2123 93 56 aut
1477 2123 186 56 qualitate:
1623 2123 66 56 &
1650 2123 106 56 esse
1716 2123 120 56 eadem
1796 2123 159 56 secundum

439 2168 118 60 haec:
518 2168 105 60 quia
583 2168 118 60 eadem
662 2168 145 60 possunt
767 2168 105 60 dici
833 2168 79 60 in
873 2168 131 60 aliquo
965 2168 184 60 quaecumque
1109 2168 105 60 cone
1175 2168 184 60 essentiale
1319 2168 131 60 habent
1411 2168 105 60 vnum
1477 2168 158 60 aliquid,
1595 2168 66 60 &
1622 2168 105 60 sunt
1687 2168 105 60 vnum
1740 2168 197 60 essentialiter

445 2227 107 50 puta
512 2227 107 50 quae
579 2227 134 50 habent
672 2227 147 50 commune
779 2227 147 50 aliquid
887 2227 107 50 vnum
953 2227 134 50 genere
1047 2227 94 50 aut
1101 2227 134 50 specie
1195 2227 94 50 aut
1248 2227 147 50 numero:
1355 2227 67 50 &
1382 2227 107 50 sunt
1449 2227 121 50 illud
1529 2227 228 50 denominatione
1717 2227 201 50 essentiali,
1864 2227 67 50 pu-

446 2269 76 52 ta
484 2269 102 52 homo
548 2269 64 52 &
574 2269 127 52 asinus
663 2269 76 52 in
701 2269 140 52 animali
803 2269 102 52 sunt
866 2269 115 52 idem,
943 2269 127 52 Petrus
1032 2269 64 52 &
1057 2269 127 52 Paulus
1146 2269 76 52 in
1184 2269 140 52 homine,
1286 2269 64 52 &
1312 2269 140 52 simiter
1413 2269 115 52 pater
1490 2269 64 52 &
1515 2269 127 52 filius
1604 2269 76 52 in
1642 2269 153 52 deitate.
1757 2269 102 52 Quod
1808 2269 127 52 contigit

434 2308 163 54 solummodo
560 2308 75 54 in
598 2308 176 54 substantia
736 2308 113 54 circa
811 2308 176 54 creaturas:
949 2308 163 54 nequaquam
1075 2308 113 54 autem
1150 2308 75 54 in
1188 2308 176 54 quantitate
1326 2308 63 54 &
1351 2308 188 54 quaelitate:
1502 2308 100 54 quia
1565 2308 113 54 licet
1640 2308 126 54 aliqua
1728 2308 138 54 coniter
1816 2308 113 54 habeant

441 2354 112 59 illa:
515 2354 87 59 non
565 2354 112 59 tamen
639 2354 124 59 habent
726 2354 136 59 aliquid
825 2354 136 59 illorum
924 2354 74 59 vt
962 2354 136 59 commune
1061 2354 112 59 illis
1135 2354 186 59 essentiale,
1284 2354 62 59 &
1309 2354 74 59 vt
1346 2354 99 59 illa
1408 2354 99 59 quae
1470 2354 99 59 sunt
1532 2354 99 59 illa
1594 2354 223 59 essentialiter.
1780 2354 99 59 Puta
1830 2354 99 59 Perius

442 2398 67 59 &
468 2398 134 59 Paulus
562 2398 134 59 habent
656 2398 121 59 inter
736 2398 80 59 se
777 2398 188 59 albedinem:
924 2398 94 59 non
977 2398 121 59 tamen
1058 2398 134 59 habent
1152 2398 174 59 albedinem
1286 2398 80 59 vt
1326 2398 147 59 aliquid
1433 2398 94 59 eis
1487 2398 147 59 commune
1594 2398 201 59 essentiale:
1754 2398 94 59 nec
1808 2398 107 59 ipsi
1862 2398 80 59 sunt

446 2455 145 51 albedo:
551 2455 118 51 licet
630 2455 105 51 sint
696 2455 105 51 albi
762 2455 224 51 denominatione
946 2455 211 51 accidentali.
1117 2455 79 51 de
1157 2455 132 51 quibus
1249 2455 171 51 nequaquam
1380 2455 132 51 potest
1472 2455 105 51 dici
1538 2455 105 51 quod
1604 2455 105 51 sint
1670 2455 105 51 idem
1736 2455 79 51 in
1775 2455 184 51 quantitate

432 2500 101 56 aut
489 2500 202 56 qualitate:
648 2500 130 56 neque
734 2500 115 56 quod
806 2500 115 56 sint
878 2500 130 56 eadem
965 2500 187 56 quantitas
1109 2500 101 56 aut
1166 2500 187 56 qualitas.
1310 2500 130 56 Circa
1397 2500 158 56 diuinas
1512 2500 130 56 autem
1599 2500 173 56 personas
1728 2500 130 56 illud
1800 2500 130 56 indife-

433 2542 136 56 renter
529 2542 177 56 contingit
665 2542 82 56 in
706 2542 191 56 substantia
856 2542 191 56 quantitate
1006 2542 68 56 &
1034 2542 95 56 que
1088 2542 150 56 litate:
1197 2542 82 56 eo
1238 2542 109 56 quod
1306 2542 82 56 in
1347 2542 150 56 diuinis
1457 2542 136 56 habens
1552 2542 136 56 semper
1648 2542 95 56 est
1702 2542 82 56 id
1743 2542 109 56 quod
1798 2542 136 56 habetur:

429 2587 72 47 &
457 2587 115 47 ideo
529 2587 173 47 quicquid
659 2587 202 47 communiter
818 2587 158 47 habetur
933 2587 72 47 a
962 2587 158 47 diuinis
1077 2587 187 47 personis,
1221 2587 101 47 est
1279 2587 101 47 eis
1336 2587 115 47 cone
1408 2587 173 47 secundum
1538 2587 115 47 rem,
1610 2587 72 47 &
1639 2587 202 47 essentiale
1797 2587 144 47 illis:
1884 2587 43 47 &

433 2632 111 52 ipsae
507 2632 99 52 sunt
568 2632 136 52 coniter
667 2632 123 52 illud.
753 2632 74 52 Et
790 2632 99 52 ideo
852 2632 185 52 generaliter
1000 2632 111 52 verum
1074 2632 86 52 est
1123 2632 74 52 in
1160 2632 136 52 diuinis
1259 2632 148 52 personis
1370 2632 99 52 quod
1432 2632 99 52 sunt
1493 2632 123 52 eaedem
1580 2632 74 52 in
1617 2632 173 52 substantia
1752 2632 74 52 in
1777 2632 148 52 quaelitate

430 2680 65 57 &
456 2680 78 57 in
495 2680 194 57 quantitate:
650 2680 104 57 quia
715 2680 104 57 sunt
780 2680 117 57 eadem
857 2680 194 57 substantia,
1013 2680 117 57 eadem
1090 2680 181 57 quaelitas,
1233 2680 65 57 &
1259 2680 181 57 quantitas.
1401 2680 117 57 Eadem
1479 2680 117 57 autem
1557 2680 91 57 non
1608 2680 142 57 possunt
1712 2680 104 57 dici
1777 2680 129 57 aliqua
1854 2680 78 57 esse

442 2721 146 62 secundum
552 2721 134 62 aliquid
649 2721 98 62 nisi
710 2721 110 62 illud
783 2721 85 62 sit
832 2721 171 62 substantia
966 2721 98 62 quae
1027 2721 134 62 coniter
1125 2721 85 62 est
1174 2721 183 62 substantia,
1320 2721 73 62 vt
1357 2721 159 62 contingit
1479 2721 73 62 in
1515 2721 110 62 primo
1588 2721 98 62 modo
1649 2721 195 62 identitatis:
1808 2721 85 62 aut
1857 2721 98 62 quae

430 2773 200 69 essentialiter
595 2773 117 69 habita
677 2773 70 69 ab
712 2773 106 69 illis
783 2773 70 69 vt
818 2773 129 69 aliquid
912 2773 141 69 illorum,
1018 2773 70 69 vt
1053 2773 141 69 contigit
1159 2773 70 69 in
1194 2773 129 69 secundo
1288 2773 94 69 modo
1346 2773 188 69 identitatis.
1499 2773 141 69 secundum
1605 2773 94 69 quem
1664 2773 106 69 modum
1734 2773 141 69 dicuntur
1828 2773 94 69 aliqua
