2017 3118
151 224 108 79 turis
223 224 120 79 quando
307 224 84 79 est
355 224 132 79 relatio
451 224 180 79 identitatis
595 224 144 79 alicuius
703 224 72 79 ad
739 224 144 79 seipsum,
847 224 96 79 siue
906 224 84 79 sit
954 224 96 79 vnum
1014 224 144 79 secundum
1122 224 144 79 rationem
1230 224 144 79 generis,
1338 224 96 79 siue
1398 224 144 79 secundum
1494 224 120 79 rationem

154 299 157 56 speciei,
271 299 104 56 siue
337 299 157 56 secundum
454 299 157 56 rationem
572 299 183 56 indiuidui.
715 299 65 56 &
741 299 91 56 hoc
794 299 104 56 quia
859 299 104 56 sola
924 299 144 56 ratione
1029 299 78 56 in
1068 299 104 56 tali
1133 299 170 56 relatione
1264 299 170 56 differunt
1394 299 183 56 fundamenta
1525 299 91 56 rela-

154 346 127 55 tionum
243 346 64 55 &
269 346 102 55 ipsa
332 346 140 55 relata.
434 346 89 55 Sed
485 346 115 55 illud
562 346 165 55 solummodo
689 346 115 55 verum
765 346 89 55 est
816 346 76 55 in
854 346 178 55 creaturis,
994 346 127 55 quando
1083 346 89 55 est
1134 346 127 55 realis
1223 346 191 55 differentia
1376 346 140 55 illorum
1478 346 115 55 super
1542 346 76 55 quae

145 388 178 49 fundantur.
285 388 102 49 tunc
348 388 102 49 enim
412 388 190 49 intellectus
564 388 102 49 illa
628 388 140 49 inuenit
729 388 178 49 distincta.
869 388 63 49 â‹
894 388 102 49 Quod
957 388 114 49 autem
1034 388 152 49 arguitur
1148 388 165 49 vlterius,
1275 388 102 49 quod
1338 388 114 49 etiam
1414 388 76 49 in
1452 388 140 49 diuinis
1554 388 89 49 vbi
1592 388 38 49 s

154 431 163 48 fundantur
280 431 75 48 in
318 431 113 48 eodem
393 431 176 48 singulari,
531 431 151 48 secundum
644 431 88 48 rem
695 431 163 48 differant
820 431 126 48 absque
908 431 151 48 rationis
1021 431 239 48 consideratione:
1222 431 101 48 quia
1285 431 126 48 verius
1373 431 126 48 habent
1461 431 101 48 esse
1524 431 75 48 in
1549 431 63 48 deo

148 478 94 57 quam
207 478 70 57 in
242 478 164 57 creaturis:
371 478 94 57 Dico
430 478 94 57 quod
488 478 94 57 bene
547 478 164 57 sequeretur
676 478 105 57 istud
746 478 141 57 scilicet
851 478 164 57 identitas,
980 478 59 57 &
1004 478 164 57 similitudo
1133 478 152 57 verissime
1250 478 117 57 habent
1332 478 94 57 esse
1390 478 70 57 in
1426 478 94 57 deo:
1484 478 94 57 ergo
1531 478 82 57 veris

158 521 105 51 sime
224 521 66 51 &
250 521 131 51 maxime
342 521 184 51 differunt:
486 521 79 51 si
526 521 197 51 differentia
683 521 145 51 illorum
788 521 197 51 acciperetur
946 521 145 51 ratione
1051 521 105 51 illa
1117 521 92 51 qua
1169 521 131 51 habent
1261 521 171 51 verissime
1393 521 105 51 esse
1458 521 79 51 in
1498 521 105 51 deo.
1550 521 66 51 Cum

159 564 101 56 enim
222 564 75 56 ea
260 564 138 56 ratione
361 564 126 56 aliqua
449 564 164 56 differunt
575 564 88 56 qua
625 564 126 56 habent
713 564 101 56 esse
776 564 101 56 illa
839 564 101 56 quae
902 564 126 56 verius
990 564 126 56 habent
1078 564 101 56 esse
1141 564 63 56 &
1166 564 189 56 perfectius:
1317 564 126 56 verius
1405 564 63 56 &
1430 564 176 56 perfectius
1556 564 63 56 dif

149 609 142 50 ferunt.
252 609 77 50 vt
291 609 168 50 contingit
420 609 77 50 in
459 609 116 50 illis
536 609 129 50 quorum
627 609 103 50 esse
691 609 194 50 differentia
846 609 142 50 sumitur
950 609 65 50 a
975 609 129 50 formis
1066 609 181 50 absolutis.
1208 609 77 50 In
1247 609 168 50 absolutis
1376 609 103 50 enim
1440 609 103 50 quae
1505 609 129 50 verius
1582 609 39 50 &

150 659 184 49 perfectius
294 659 171 49 existunt:
425 659 131 49 verius
517 659 66 49 &
543 659 184 49 perfectius
688 659 118 49 inter
766 659 79 49 se
806 659 184 49 differunt:
950 659 197 49 quemadmodum
1107 659 131 49 verius
1199 659 66 49 &
1225 659 184 49 perfectius
1370 659 118 49 inter
1448 659 79 49 se
1475 659 144 49 differunt

154 699 65 55 &
180 699 222 55 distinguuntur
363 699 104 55 suis
428 699 130 55 formis
519 699 169 55 absolutis
649 699 196 55 substantiae
806 699 196 55 spirituales
962 699 183 55 separatae,
1106 699 104 55 quam
1171 699 196 55 substantiae
1327 699 183 55 corporales
1458 699 156 55 conicantes

149 741 75 52 in
186 741 149 52 materia.
298 741 99 52 Nunc
360 741 112 52 autem
434 741 112 52 secus
509 741 87 52 est
559 741 75 52 in
596 741 137 52 diuinis
695 741 75 52 de
733 741 199 52 relationibus
894 741 199 52 comomunibus:
1056 741 99 52 quia
1118 741 75 52 in
1155 741 112 52 illis
1230 741 99 52 alia
1292 741 137 52 ratione
1391 741 124 52 habent
1478 741 99 52 esse
1540 741 62 52 &
1553 741 62 52 ve-

147 789 148 53 rissime
254 789 108 53 esse
322 789 121 53 dicta
403 789 135 53 genera
497 789 189 53 relationum
646 789 189 53 conmunium:
794 789 108 53 alia
862 789 108 53 vero
929 789 148 53 ratione
1037 789 135 53 habent
1132 789 121 53 inter
1213 789 81 53 se
1253 789 175 53 distigui:
1388 789 108 53 quia
1456 789 108 53 alio
1510 789 94 53 sunt,

145 832 111 47 alio
215 832 111 47 vero
284 832 250 47 distinguuntur.
492 832 111 47 Quia
562 832 111 47 enim
631 832 111 47 sunt
701 832 153 47 aliquae
812 832 194 47 relationes
964 832 139 47 cones:
1062 832 97 47 hoc
1117 832 139 47 habent
1214 832 83 47 ab
1256 832 97 47 vno
1312 832 69 47 &
1339 832 125 47 multo
1423 832 167 47 coniter.
1534 832 83 47 Quia

144 874 108 51 vero
212 874 176 51 differunt
347 874 68 51 &
374 874 216 51 distiguuntur
550 874 122 51 inter
631 874 95 51 se:
686 874 95 51 hoc
740 874 135 51 habent
834 874 68 51 a
861 874 108 51 suis
929 874 216 51 fundamentis:
1105 874 108 51 quae
1173 874 108 51 sunt
1240 874 203 51 substantia,
1403 874 189 51 quantitas,
1551 874 95 51 qua

141 919 140 53 litas.
239 919 112 53 Vnde
308 919 112 53 quod
378 919 84 53 in
420 919 153 53 diuinis
532 919 181 53 verissime
671 919 112 53 sunt
741 919 195 53 relationes
894 919 140 53 cones:
992 919 98 53 hoc
1048 919 98 53 non
1104 919 181 53 contingit
1243 919 112 53 nisi
1313 919 84 53 ex
1355 919 126 53 summa
1439 919 153 53 vnitate
1536 919 70 53 fun

150 962 195 57 damentorum
304 962 84 57 in
345 962 167 57 relatis.
471 962 126 57 Inter
555 962 153 57 diuinas
666 962 112 57 enim
736 962 167 57 personas
862 962 181 57 verissima
1001 962 98 57 est
1057 962 195 57 identitas,
1210 962 112 57 quia
1280 962 140 57 maxima
1378 962 209 57 substantiae
1531 962 84 57 vni-

153 1005 116 56 tas:
225 1005 188 56 verissima
370 1005 217 56 aequalitas,
544 1005 116 56 quia
616 1005 145 56 maxima
718 1005 217 56 quantitatis
891 1005 159 56 vnitas:
1007 1005 188 56 verissima
1152 1005 217 56 similitudo,
1326 1005 116 56 quia
1399 1005 145 56 maxima
1486 1005 130 56 qualita

151 1051 92 58 tis
203 1051 145 58 vnitas.
309 1051 79 58 Ex
348 1051 118 58 parte
427 1051 118 58 autem
506 1051 118 58 talis
585 1051 118 58 vnius
664 1051 92 58 nec
716 1051 171 58 accipitur
848 1051 197 58 differentia
1006 1051 197 58 identitatis
1164 1051 79 58 ad
1203 1051 210 58 identitatem:
1374 1051 92 58 nec
1414 1051 197 58 similitudinis

149 1096 77 52 ad
188 1096 230 52 similitudinem,
379 1096 153 52 secundum
495 1096 102 52 quod
558 1096 153 52 inferius
674 1096 102 52 erit
738 1096 115 52 sermo
814 1096 77 52 de
853 1096 102 52 hoc.
917 1096 90 52 Nec
968 1096 115 52 etiam
1044 1096 166 52 accipitur
1172 1096 192 52 differentia
1326 1096 205 52 identitatis,
1479 1096 141 52 aequalita

155 1138 109 49 tis,
224 1138 68 49 &
251 1138 232 49 similitudinis
442 1138 123 49 inter
523 1138 95 49 se:
578 1138 95 49 sed
632 1138 82 49 ex
673 1138 123 49 parte
755 1138 232 49 fundamentorum
946 1138 218 49 praedictorum
1123 1138 68 49 a
1151 1138 136 49 quibus
1246 1138 204 49 originantur
1410 1138 136 49 habent
1491 1138 123 49 origina

149 1185 116 52 liter
226 1185 155 52 rationes
342 1185 180 52 diuersorum
484 1185 180 52 respectuum
626 1185 167 52 formalium
755 1185 155 52 secundum
871 1185 258 52 praedeterminata:
1090 1185 103 52 quos
1154 1185 180 52 completiue
1296 1185 129 52 habent
1386 1185 64 52 a
1412 1185 155 52 rationis
1515 1185 90 52 consi

158 1234 177 49 deratione:
298 1234 76 49 vt
336 1234 152 49 inferius
449 1234 215 49 declarabitur.
627 1234 139 49 Propter
728 1234 101 49 quod
791 1234 89 49 non
842 1234 152 49 sequitur
956 1234 101 49 quod
1019 1234 76 49 in
1057 1234 139 49 diuinis
1158 1234 127 49 verius
1247 1234 165 49 differant
1373 1234 63 49 &
1399 1234 177 49 perfectius
1525 1234 76 49 illa

152 1273 107 58 tria
219 1273 134 58 genera
312 1273 201 58 relationum:
473 1273 121 58 licet
554 1273 134 58 verius
647 1273 67 58 &
674 1273 188 58 perfectius
822 1273 147 58 habeant
929 1273 107 58 esse
996 1273 80 58 in
1036 1273 147 58 diuinis
1143 1273 107 58 quam
1210 1273 80 58 in
1251 1273 188 58 creaturis.
1398 1273 67 58 â‹
1425 1273 80 58 Ad
1465 1273 161 58 secundum

152 1318 95 59 quod
211 1318 178 59 differentia
353 1318 154 59 differunt
472 1318 107 59 illis
543 1318 118 59 quibus
626 1318 118 59 habent
708 1318 107 59 esse:
779 1318 95 59 Dico
839 1318 95 59 quod
898 1318 118 59 aliquo
981 1318 142 59 differre
1087 1318 83 59 est
1135 1318 154 59 duplisite
1253 1318 142 59 scilicet
1359 1318 83 59 aut
1407 1318 178 59 formaliter,
1549 1318 83 59 aut

146 1363 195 55 causatiue.
299 1363 209 55 FEormaliter
467 1363 181 55 differunt
606 1363 195 55 relationes
759 1363 125 55 cones
843 1363 125 55 ipsis
927 1363 209 55 respectibus
1094 1363 112 55 quos
1164 1363 195 55 important:
1317 1363 139 55 quibus
1415 1363 70 55 &
1429 1363 167 55 formaliter

149 1398 106 62 sunt
215 1398 79 62 id
255 1398 106 62 quid
321 1398 119 62 sunt.
400 1398 66 62 &
427 1398 79 62 de
466 1398 106 62 tali
533 1398 199 62 differentia
692 1398 106 62 vera
758 1398 93 62 est
811 1398 132 62 maior:
903 1398 79 62 vt
943 1398 159 62 procedit
1062 1398 106 62 eius
1128 1398 172 62 probatio.
1261 1398 79 62 De
1301 1398 199 62 differentia
1459 1398 119 62 autem
1539 1398 93 62 qua

151 1448 132 58 aliqua
243 1448 172 58 differunt
375 1448 185 58 causatiue,
520 1448 92 58 non
573 1448 92 58 est
626 1448 119 58 verum
705 1448 106 58 nisi
771 1448 79 58 in
810 1448 119 58 illis
890 1448 106 58 quae
956 1448 79 58 ab
995 1448 119 58 eodem
1074 1448 66 58 &
1101 1448 119 58 eadem
1180 1448 145 58 ratione
1285 1448 132 58 habent
1378 1448 106 58 esse
1444 1448 66 58 &
1457 1448 145 58 differre,

149 1492 101 58 quod
213 1492 89 58 non
263 1492 165 58 contingit
390 1492 76 58 in
428 1492 203 58 relationibus
592 1492 190 58 cocomnibus,
744 1492 114 58 sicut
820 1492 89 58 iam
871 1492 165 58 expositum
997 1492 101 58 est.
1061 1492 76 58 Et
1099 1492 76 58 de
1137 1492 89 58 hac
1187 1492 190 58 differentia
1339 1492 152 58 procedit
1453 1492 114 58 minor
1516 1492 89 58 propo

146 1538 123 51 sitio
228 1538 164 51 assumens
351 1538 109 51 bene
419 1538 68 51 &
447 1538 246 51 rationabiliter
651 1538 109 51 quod
720 1538 191 51 relationes
870 1538 123 51 cones
952 1538 232 51 principaliter
1143 1538 137 51 habent
1238 1538 109 51 esse
1307 1538 82 51 in
1348 1538 177 51 creaturis
1484 1538 82 51 ab
1511 1538 96 51 vnita

152 1580 90 54 te:
203 1580 103 54 quae
268 1580 115 54 tamen
345 1580 90 54 (vt
396 1580 128 54 dictum
486 1580 103 54 est)
550 1580 218 54 principaliter
729 1580 128 54 habent
819 1580 103 54 esse
883 1580 167 54 causatiue
1011 1580 64 54 a
1037 1580 192 54 differentia
1191 1580 192 54 substantiae
1345 1580 192 54 quantitatis
1498 1580 64 54 &
1524 1580 103 54 qua-

146 1624 149 61 litatis
255 1624 122 61 inter
336 1624 95 61 se,
390 1624 68 61 &
417 1624 95 61 non
471 1624 81 61 ab
512 1624 163 61 vnitate:
634 1624 108 61 nisi
702 1624 108 61 quia
769 1624 108 61 ipsa
837 1624 135 61 vnitas
932 1624 149 61 differt
1040 1624 81 61 in
1081 1624 122 61 illis
1162 1624 149 61 tribus.
1270 1624 108 61 Vnde
1338 1624 95 61 est
1392 1624 122 61 illud
1460 1624 149 61 assumptum

155 1676 123 53 quod
231 1676 153 53 genera
339 1676 199 53 communium
492 1676 215 53 relationum
660 1676 107 53 non
722 1676 153 53 habent
829 1676 123 53 esse
905 1676 77 53 a
936 1676 230 53 substantia,
1120 1676 230 53 quantitate,
1304 1676 77 53 &
1335 1676 215 53 qualitate,
1503 1676 77 53 &
1518 1676 77 53 hoc

150 1720 127 47 neque
234 1720 240 47 originaliter,
432 1720 127 47 neque
516 1720 211 47 completiue,
686 1720 70 47 &
714 1720 197 47 immediate:
869 1720 99 47 sed
925 1720 183 47 solummodo
1066 1720 169 47 mediate,
1193 1720 70 47 &
1221 1720 85 47 ab
1264 1720 155 47 vnitate
1376 1720 183 47 existente
1517 1720 85 47 in
1546 1720 56 47 il

141 1763 93 53 lis
194 1763 186 53 immediate.
340 1763 93 53 Sed
393 1763 106 53 quod
460 1763 159 53 vlterius
579 1763 186 53 adiugitur,
725 1763 106 53 quod
792 1763 133 53 vnitas
885 1763 80 53 in
924 1763 199 53 substantia,
1084 1763 199 53 quantitate,
1243 1763 66 53 &
1270 1763 173 53 qualitate
1403 1763 93 53 non
1456 1763 146 53 differt
1549 1763 53 53 ni

148 1809 80 51 si
188 1809 161 51 secundum
308 1809 174 51 rationem:
442 1809 107 51 Dico
509 1809 107 51 quod
576 1809 121 51 verum
657 1809 94 51 est
710 1809 80 51 in
751 1809 107 51 deo.
818 1809 147 51 Propter
925 1809 107 51 quod
992 1809 107 51 ista
1059 1809 107 51 tria
1126 1809 134 51 genera
1219 1809 188 51 relationum
1367 1809 174 51 conmunium
1501 1809 80 51 in
1541 1809 94 51 deo

144 1850 84 56 non
192 1850 155 56 differunt
311 1850 96 56 nisi
371 1850 144 56 secundum
479 1850 155 56 rationem,
598 1850 108 56 sicut
670 1850 84 56 non
718 1850 96 56 nisi
778 1850 144 56 secundum
885 1850 144 56 rationem
993 1850 155 56 differunt
1113 1850 72 56 in
1149 1850 96 56 illo
1208 1850 179 56 substantia,
1352 1850 167 56 quantitas,
1483 1850 60 56 &
1507 1850 120 56 quali-

146 1893 93 64 tas.
205 1893 82 64 Sed
251 1893 82 64 non
298 1893 82 64 est
345 1893 105 64 verum
415 1893 70 64 in
450 1893 163 64 creaturis:
578 1893 93 64 immo
636 1893 70 64 in
671 1893 105 64 illis
741 1893 117 64 vnitas
823 1893 128 64 differt
917 1893 140 64 secundum
1022 1893 82 64 rem
1068 1893 82 64 non
1115 1893 105 64 solum
1185 1893 93 64 quae
1243 1893 82 64 est
1290 1893 70 64 in
1325 1893 163 64 substantia
1453 1893 70 64 ab
1488 1893 93 64 illa
1535 1893 70 64 quae

160 1939 85 58 est
208 1939 72 58 in
244 1939 181 58 quantitate:
389 1939 85 58 sed
438 1939 109 58 etiam
510 1939 97 58 quae
571 1939 85 58 est
619 1939 72 58 in
655 1939 145 58 diuersis
764 1939 181 58 substantiis
909 1939 85 58 vna
957 1939 72 58 ab
993 1939 97 58 alia
1054 1939 109 58 eorum
1126 1939 97 58 quae
1186 1939 109 58 inter
1259 1939 72 58 se
1295 1939 169 58 referuntur
1428 1939 181 58 identitate:
1561 1939 36 58 &

156 1983 77 57 in
195 1983 154 57 diuersis
310 1983 218 57 quantitatibus
489 1983 64 57 &
514 1983 218 57 qualitatibus,
694 1983 115 57 eorum
770 1983 102 57 quae
834 1983 179 57 referuntur
975 1983 115 57 inter
1052 1983 77 57 se
1090 1983 192 57 aequalitate
1244 1983 64 57 &
1269 1983 218 57 similitudine.
1448 1983 64 57 â‹
1474 1983 102 57 Quia
1538 1983 90 57 ar-

145 2026 133 60 guitur
238 2026 80 60 in
278 2026 199 60 contrarium,
437 2026 106 60 quod
503 2026 159 60 denarius
623 2026 93 60 est
676 2026 106 60 vnus
742 2026 186 60 diuersorum
888 2026 133 60 decem:
981 2026 106 60 ergo
1048 2026 66 60 &
1074 2026 133 60 vnitas
1167 2026 93 60 est
1220 2026 93 60 vna
1273 2026 186 60 diuersorum
1419 2026 146 60 vnorum,
1512 2026 80 60 quae

150 2073 114 56 sunt
221 2073 215 56 substantia,
393 2073 200 56 quantitas,
550 2073 72 56 &
579 2073 186 56 qualitas:
722 2073 114 56 Dico
794 2073 114 56 quod
865 2073 172 56 denarius
994 2073 100 56 aut
1051 2073 143 56 vnitas
1151 2073 157 56 possunt
1266 2073 186 56 intelligi
1409 2073 100 56 aut
1466 2073 100 56 quo
1523 2073 86 56 ad
1552 2073 57 56 es

149 2119 85 53 se
191 2119 71 53 &
220 2119 270 53 considerationem
447 2119 156 53 illorum
561 2119 227 53 mathematice,
746 2119 100 53 aut
803 2119 100 53 quo
860 2119 85 53 ad
902 2119 114 53 esse
973 2119 71 53 &
1002 2119 270 53 considerationem
1229 2119 128 53 eorum
1315 2119 227 53 naturaliter.
1499 2119 85 53 Si
1528 2119 71 53 pri

151 2163 80 54 mo
191 2163 120 54 modo,
271 2163 93 54 cum
324 2163 107 54 esse
391 2163 93 54 rei
444 2163 200 54 mathematice
604 2163 93 54 sit
658 2163 173 54 abstractu
791 2163 160 54 secundum
911 2163 254 54 considerationem
1125 2163 67 54 a
1151 2163 147 54 materia
1258 2163 173 54 sensibili
1392 2163 80 54 vt
1432 2163 93 54 est
1472 2163 133 54 sensibi-

150 2209 96 50 lis
205 2209 69 50 &
233 2209 83 50 in
274 2209 193 50 vniuersali
426 2209 69 50 &
453 2209 83 50 in
495 2209 220 50 particulari.
674 2209 165 50 secundum
798 2209 110 50 tale
867 2209 110 50 esse
936 2209 69 50 &
963 2209 262 50 considerationem
1184 2209 96 50 non
1239 2209 96 50 est
1294 2209 138 50 vnitas
1391 2209 110 50 nisi
1459 2209 96 50 vna
1501 2209 110 50 numero

148 2252 114 55 neque
224 2252 152 55 denarius
338 2252 101 55 nisi
402 2252 101 55 vnus
465 2252 127 55 numero
554 2252 139 55 plurium
655 2252 203 55 numeratorum.
820 2252 63 55 &
845 2252 89 55 sic
896 2252 152 55 loquitur
1010 2252 203 55 Philosophus.
1174 2252 114 55 iiii.
1250 2252 177 55 phyisicae.
1390 2252 101 55 quia
1440 2252 165 55 plurificari

148 2295 92 50 non
200 2295 118 50 habet
279 2295 105 50 nisi
345 2295 92 50 per
398 2295 105 50 esse
464 2295 105 50 suum
529 2295 79 50 in
569 2295 145 50 materia
674 2295 92 50 aut
727 2295 79 50 in
766 2295 158 50 subiecto
885 2295 79 50 ab
924 2295 145 50 agente.
1029 2295 66 50 &
1056 2295 92 50 non
1108 2295 118 50 habet
1187 2295 105 50 esse
1253 2295 105 50 tale
1319 2295 105 50 nisi
1385 2295 79 50 in
1411 2295 184 50 consideratio

149 2345 87 51 ne
193 2345 102 51 qua
251 2345 203 51 applicatur
411 2345 131 51 rebus
498 2345 145 51 extra,
599 2345 131 51 ipsas
686 2345 203 51 mensurando
846 2345 73 51 &
875 2345 189 51 numerando
1020 2345 87 51 vt
1063 2345 160 51 mensura
1179 2345 218 51 extrinseca.
1353 2345 102 51 Sed
1411 2345 102 51 hoc
1469 2345 116 51 modo
1527 2345 73 51 non

156 2384 160 47 loquitur
276 2384 80 47 de
316 2384 147 47 denario
422 2384 80 47 in
462 2384 120 47 iiii.
542 2384 133 47 physi.
636 2384 93 47 sed
689 2384 147 47 secundo
796 2384 120 47 modo.
876 2384 93 47 Cum
929 2384 107 47 enim
996 2384 107 47 esse
1063 2384 160 47 naturale
1183 2384 93 47 non
1236 2384 93 47 sit
1289 2384 107 47 nisi
1356 2384 80 47 in
1396 2384 80 47 re
1436 2384 173 47 naturali,
1556 2384 40 47 &

146 2431 88 51 non
197 2431 177 51 abstractum
336 2431 76 51 ab
374 2431 101 51 illa
437 2431 101 51 nisi
500 2431 202 51 abstractione
664 2431 139 51 logica.
765 2431 152 51 scilicet
879 2431 189 51 vniuersalis
1031 2431 63 51 a
1056 2431 202 51 particulari,
1220 2431 63 51 &
1245 2431 88 51 hoc
1296 2431 88 51 non
1346 2431 63 51 a
1372 2431 139 51 materia
1460 2431 139 51 sensibili

155 2470 209 49 simpliciter:
325 2470 92 49 sed
377 2470 65 49 a
403 2470 144 49 materia
508 2470 170 49 sensibili
639 2470 92 49 hac
691 2470 92 49 vel
744 2470 118 49 illa,
822 2470 157 49 secundum
940 2470 105 49 tale
1005 2470 105 49 esse
1071 2470 92 49 non
1123 2470 92 49 est
1175 2470 157 49 denarius
1293 2470 105 49 vnus
1358 2470 144 49 numero,
1463 2470 118 49 neque
1529 2470 78 49 vni-

161 2519 105 45 tas
221 2519 105 45 vna
281 2519 150 45 numero
387 2519 120 45 nisi
462 2519 135 45 prout
552 2519 135 45 habet
642 2519 120 45 esse
718 2519 90 45 in
763 2519 90 45 re
808 2519 135 45 eadem
898 2519 165 45 numero:
1018 2519 105 45 sed
1079 2519 105 45 est
1139 2519 90 45 in
1184 2519 181 45 diuersis
1319 2519 196 45 solummodo
1470 2519 120 45 vnus
1530 2519 75 45 vel

163 2563 88 49 vna
214 2563 151 49 secundum
327 2563 151 49 speciem:
440 2563 101 49 quia
503 2563 88 49 ita
553 2563 101 49 vnus
616 2563 163 49 denarius.
741 2563 75 49 x.
779 2563 163 49 hominium,
905 2563 63 49 &
930 2563 113 49 alter
1005 2563 101 49 vnus
1068 2563 163 49 denarius.
1194 2563 75 49 x.
1232 2563 151 49 equorum.
1345 2563 63 49 &
1370 2563 163 49 similiter
1495 2563 88 49 vna
1533 2563 63 49 vni

146 2608 99 50 tas
203 2608 85 50 in
245 2608 99 50 vno
302 2608 156 50 homine,
415 2608 71 50 &
443 2608 142 50 altera
543 2608 85 50 in
585 2608 99 50 vno
642 2608 128 50 equo.
727 2608 85 50 Et
769 2608 170 50 secundum
897 2608 142 50 primum
996 2608 128 50 modum
1081 2608 113 50 vnus
1152 2608 156 50 numerus
1265 2608 170 50 numerans
1393 2608 99 50 est
1449 2608 156 50 plurium
1548 2608 57 50 nu

155 2651 196 65 meratorum,
309 2651 70 65 &
337 2651 98 65 vna
393 2651 140 65 vnitas
491 2651 154 65 plurium
603 2651 154 65 vnorum,
715 2651 70 65 &
743 2651 98 65 hoc
799 2651 84 65 in
841 2651 196 65 creaturis:
996 2651 154 65 econtra
1108 2651 112 65 illi
1178 2651 112 65 quod
1248 2651 182 65 contingit
1388 2651 84 65 in
1430 2651 168 65 diuinis,
1542 2651 70 65 vbi
