2017 3168
107 225 121 79 siue
183 225 106 79 non
243 225 136 79 enti:
334 225 121 79 quia
410 225 91 79 de
455 225 182 79 quolibet
591 225 212 79 affirmatio
758 225 106 79 vel
819 225 182 79 negatio,
955 225 76 79 &
985 225 106 79 non
1046 225 136 79 simul
1137 225 121 79 ambo
1212 225 91 79 de
1258 225 151 79 eodem:
1364 225 106 79 sed
1424 225 197 79 solummodo

114 289 156 47 ratione
227 289 142 47 ipsius
327 289 99 47 rei
383 289 170 47 eiusdem.
511 289 85 47 Et
554 289 227 47 consimiliter
738 289 156 47 relatio
851 289 170 47 secundum
979 289 170 47 rationem
1107 289 85 47 ad
1149 289 113 47 idem
1220 289 255 47 praedicamentum
1433 289 184 47 pertinet:

110 336 84 59 cum
158 336 96 59 illa
218 336 96 59 quae
279 336 84 59 est
327 336 145 59 secundum
435 336 96 59 rem,
496 336 133 59 ratione
592 336 145 59 scilicet
701 336 169 59 fundamenti
833 336 72 59 ab
870 336 72 59 eo
906 336 96 59 quod
966 336 169 59 completiue
1099 336 109 59 habet
1171 336 72 59 ab
1207 336 96 59 actu
1267 336 157 59 rationis,
1388 336 72 59 ad
1424 336 121 59 nullum
1497 336 96 59 praedi

111 378 155 67 camentum
227 378 168 67 pertinet.
356 378 64 67 ⁋
382 378 180 67 Argumentum
523 378 168 67 secundum,
652 378 103 67 quod
717 378 168 67 perfectum
846 378 64 67 &
871 378 168 67 diminutum
1000 378 90 67 non
1052 378 219 67 diuersificant
1232 378 155 67 speciem,
1348 378 155 67 deficit.
1464 378 90 67 Hoc
1503 378 77 67 enim

120 422 166 54 videlicet
248 422 102 54 quod
312 422 166 54 perfectum
440 422 64 54 &
466 422 166 54 diminutum
594 422 90 54 non
645 422 218 54 diuersificant
824 422 154 54 speciem,
940 422 115 54 solum
1017 422 115 54 verum
1093 422 90 54 est
1145 422 128 54 quando
1234 422 90 54 ens
1285 422 115 54 habet
1362 422 102 54 quod
1426 422 90 54 sit
1465 422 115 54 diminu-

117 474 95 51 tum
172 474 81 51 ex
212 474 109 51 solo
280 474 149 51 defectu
389 474 163 51 agentis:
511 474 81 51 vt
552 474 177 51 contingit
688 474 81 51 in
728 474 122 51 minus
810 474 136 51 calido
905 474 163 51 respectu
1027 474 122 51 magis
1109 474 149 51 calidi.
1217 474 95 51 Non
1272 474 95 51 est
1326 474 122 51 autem
1407 474 122 51 verum
1475 474 109 51 quando

109 507 107 62 esse
175 507 173 62 diminutum
309 507 147 62 habetur
415 507 80 62 ex
455 507 187 62 conditione
602 507 160 62 agentis,
722 507 120 62 sicut
802 507 173 62 contingit
935 507 80 62 in
975 507 173 62 proposito
1108 507 80 62 de
1148 507 213 62 relationibus
1321 507 187 62 communibus
1455 507 133 62 secundum

112 558 91 48 rem
164 558 65 48 &
190 558 155 48 secundum
306 558 168 48 rationem.
436 558 130 48 Semper
527 558 104 48 enim
591 558 181 48 perfectius
734 558 91 48 est
786 558 104 48 opus
851 558 143 48 naturae
954 558 78 48 in
993 558 104 48 ipsa
1058 558 91 48 re:
1110 558 104 48 quam
1174 558 104 48 opus
1239 558 155 48 rationis
1356 558 117 48 circa
1434 558 91 48 rem
1485 558 78 48 in
1511 558 78 48 con-

111 602 127 56 ceptu
196 602 226 56 intellectus,
380 602 113 56 quod
451 602 113 56 opus
521 602 170 56 rationis
649 602 127 56 circa
734 602 99 56 rem
790 602 156 56 naturae
904 602 99 56 non
960 602 99 56 est
1017 602 85 56 in
1059 602 142 56 genere
1158 602 156 56 omnino:
1272 602 85 56 vt
1314 602 99 56 iam
1371 602 170 56 dicetur.
1498 602 71 56 ⁋
1526 602 85 56 Ad

109 644 137 51 tertium
208 644 99 51 quod
270 644 174 51 relationes
407 644 149 51 communes
519 644 149 51 secundum
631 644 162 51 rationem,
755 644 162 51 differunt
879 644 75 51 ab
917 644 112 51 illis
991 644 99 51 quae
1053 644 99 51 sunt
1116 644 149 51 secundum
1227 644 99 51 rem:
1290 644 75 51 vt
1327 644 149 51 diuersae
1439 644 137 51 species
1526 644 62 51 sub

112 694 191 55 alternae
255 694 207 55 immediate
415 694 223 55 diuidentes
590 694 143 55 genus
685 694 223 55 relationum
861 694 223 55 communium:
1036 694 127 55 quia
1115 694 96 55 se
1163 694 159 55 habent
1275 694 143 55 sicut
1370 694 111 55 ens
1418 694 175 55 perfectum

104 737 68 61 &
132 737 122 61 sicut
213 737 95 61 ens
267 737 189 61 diminutum,
415 737 108 61 quae
483 737 122 61 magis
564 737 176 61 differunt
699 737 108 61 quam
767 737 95 61 duo
821 737 122 61 entia
902 737 162 61 perfecta
1024 737 108 61 quae
1091 737 122 61 tamen
1172 737 135 61 specie
1267 737 176 61 differunt
1402 737 95 61 sub
1443 737 135 61 relatio-

112 777 76 62 ne
150 777 164 62 comomuni:
276 777 101 62 Dico
339 777 101 62 quod
402 777 113 62 verum
478 777 88 62 est
528 777 202 62 considerando
692 777 88 62 ens
743 777 164 62 diminutum
869 777 139 62 ratione
969 777 151 62 diminuti
1083 777 113 62 esse:
1158 777 101 62 quia
1222 777 139 62 ratione
1322 777 126 62 illius
1411 777 88 62 non
1461 777 88 62 est
1511 777 76 62 in
1537 777 50 62 ge

106 817 98 69 nere
167 817 135 69 omnino:
265 817 86 69 sed
315 817 197 69 distinguitur
474 817 123 69 contra
560 817 86 69 ens
609 817 98 69 quod
671 817 86 69 est
720 817 74 69 in
757 817 123 69 genere
843 817 135 69 tanquam
941 817 123 69 contra
1027 817 86 69 ens
1076 817 172 69 perfectum,
1211 817 61 69 a
1236 817 197 69 Philosophou.
1396 817 86 69 vi.
1445 817 135 69 Metaph.
1531 817 49 69 Et

99 868 100 48 sic
156 868 114 48 bene
227 868 129 48 verum
313 868 100 48 est
370 868 114 48 quod
442 868 200 48 relationes
599 868 200 48 rationales
757 868 157 48 ratione
871 868 100 48 sui
928 868 215 48 complementi
1100 868 114 48 quod
1171 868 143 48 habent
1271 868 72 48 a
1300 868 172 48 ratione,
1429 868 72 48 &
1457 868 100 48 sic
1500 868 86 48 per-

107 916 128 57 tinet
192 916 86 57 ad
235 916 100 57 ens
292 916 200 57 diminutum,
449 916 100 57 non
506 916 114 57 sunt
577 916 143 57 omnino
677 916 86 57 in
720 916 157 57 genere:
834 916 128 57 licet
920 916 100 57 hoc
977 916 185 57 niteretur
1119 916 157 57 probare
1233 916 157 57 secunda
1348 916 143 57 ratio,
1447 916 100 57 sed
1490 916 100 57 solum

111 961 115 55 modo
183 961 201 55 relationes
341 961 144 55 reales
441 961 86 55 in
484 961 144 55 genere
585 961 129 55 sunt:
671 961 216 55 quemadmodum
844 961 115 55 vnum
916 961 144 55 genere
1016 961 101 55 non
1074 961 101 55 est
1131 961 101 55 ens
1189 961 201 55 diminutum:
1347 961 86 55 de
1390 961 101 55 quo
1433 961 144 55 loquitur

115 1004 206 52 Philosophus.
282 1004 90 52 vi.
334 1004 218 52 Metaphysicae.
514 1004 103 52 puta
578 1004 90 52 ens
629 1004 116 52 verum
706 1004 103 52 quod
771 1004 77 52 in
809 1004 206 52 compositione
976 1004 64 52 &
1002 1004 167 52 diuisione
1130 1004 180 52 consistit,
1272 1004 64 52 &
1297 1004 90 52 hoc
1349 1004 167 52 inquantum
1477 1004 90 52 est
1516 1004 77 52 opus

109 1051 139 57 animae:
210 1051 114 57 licet
286 1051 101 57 ipsa
349 1051 177 57 incomplexa
488 1051 114 57 circa
564 1051 101 57 quae
627 1051 88 57 sit
677 1051 177 57 compositio
816 1051 63 57 &
841 1051 151 57 diuisio,
955 1051 76 57 in
993 1051 126 57 genere
1081 1051 114 57 sint.
1157 1051 88 57 Sic
1207 1051 139 57 relatio
1308 1051 151 57 secundum
1422 1051 151 57 rationem
1536 1051 76 57 in

107 1091 144 61 genere
208 1091 101 61 non
265 1091 116 61 est,
338 1091 188 61 inquantum
482 1091 202 61 conpletiue
641 1091 101 61 est
699 1091 116 61 opus
771 1091 188 61 rationis:
915 1091 130 61 licet
1002 1091 217 61 fundamentum
1175 1091 116 61 eius
1247 1091 72 61 a
1276 1091 101 61 quo
1334 1091 130 61 habet
1421 1091 116 61 esse
1478 1091 116 61 origi-

103 1151 164 46 naliter,
226 1151 96 46 sit
281 1151 82 46 in
322 1151 151 46 genere.
432 1151 82 46 Et
473 1151 96 46 per
527 1151 96 46 hoc
582 1151 109 46 ipsa
651 1151 151 46 relatio
760 1151 164 46 secundum
883 1151 164 46 rationem
1006 1151 178 46 inquantum
1143 1151 219 46 originaliter
1321 1151 123 46 habet
1403 1151 109 46 esse
1472 1151 68 46 a
1485 1151 96 46 funda

99 1192 167 59 damento,
224 1192 139 59 quoquo
322 1192 111 59 modo
392 1192 98 59 est
447 1192 84 59 in
489 1192 153 59 genere:
601 1192 125 59 licet
684 1192 153 59 relatio
796 1192 111 59 quae
865 1192 139 59 omnino
963 1192 125 59 habet
1047 1192 111 59 esse
1116 1192 70 59 a
1144 1192 153 59 ratione
1256 1192 167 59 scilicet
1381 1192 70 59 &
1395 1192 195 59 originaliter

100 1229 78 70 &
132 1229 233 70 completiue,
318 1229 93 70 de
365 1229 109 70 qua
427 1229 140 70 sermo
520 1229 171 70 habitus
644 1229 109 70 est
706 1229 155 70 supra,
815 1229 140 70 nullo
908 1229 124 70 modo
986 1229 109 70 sit
1048 1229 93 70 in
1079 1229 140 70 genere.

511 1284 207 97 Equitur
662 1284 169 97 Arti.
774 1284 150 97 LXV.
869 1284 113 97 de
925 1284 301 97 relationibus
1169 1284 263 97 communibus
1376 1284 113 97 in
1414 1284 188 97 compara-

530 1357 136 64 tione
621 1357 91 64 ad
666 1357 106 64 sua
726 1357 211 64 principia:
892 1357 76 64 &
923 1357 136 64 primo
1013 1357 91 64 in
1058 1357 242 64 comparatione
1255 1357 91 64 ad
1300 1357 106 64 sua
1360 1357 196 64 principia
1496 1357 91 64 cau-

527 1404 146 58 satiua
629 1404 116 58 quae
702 1404 116 58 sunt
775 1404 116 58 vnum
848 1404 73 58 &
877 1404 160 58 multum.
993 1404 160 58 Secundo
1110 1404 87 58 in
1153 1404 233 58 comparatione
1343 1404 87 58 ad
1386 1404 102 58 sua
1430 1404 160 58 principia

532 1451 232 55 undamentalia,
724 1451 109 55 quae
792 1451 109 55 sunt
860 1451 205 55 substantia,
1024 1451 191 55 quantitas,
1174 1451 68 55 &
1202 1451 178 55 qualitas.
1338 1451 137 55 Tertio
1434 1451 82 55 in
1461 1451 123 55 compara

521 1494 136 67 tione
612 1494 91 67 ad
657 1494 106 67 sua
718 1494 197 67 principia
869 1494 227 67 materialia,
1051 1494 197 67 cuiusmodi
1203 1494 121 67 sunt
1279 1494 121 67 ipsa
1354 1494 182 67 subiecta
1476 1494 121 67 relata

523 1541 100 49 per
580 1541 185 49 huiusmodi
722 1541 199 49 relationes
879 1541 185 49 communes.
1021 1541 71 49 ⁋
1049 1541 128 49 Circa
1135 1541 142 49 primum
1234 1541 157 49 istorum
1348 1541 199 49 quaeruntur
1490 1541 100 49 tria.

531 1583 149 50 Quorum
635 1583 149 50 primum
739 1583 119 50 est:
814 1583 134 50 vtrum
903 1583 208 50 relationes
1067 1583 178 50 communes
1200 1583 193 50 causentur
1349 1583 89 50 ab
1394 1583 104 50 vno
1453 1583 74 50 &
1468 1583 119 50 multo.

532 1631 167 59 Secundum:
661 1631 116 59 vtrum
738 1631 116 59 illae
815 1631 103 59 quae
880 1631 167 59 causantur
1009 1631 77 59 ab
1047 1631 90 59 vno
1099 1631 155 59 scilicet
1215 1631 116 59 idem,
1292 1631 155 59 aequale,
1408 1631 64 59 &
1433 1631 142 59 simile:
1524 1631 64 59 vni

522 1674 186 71 formiter
661 1674 202 71 causentur
816 1674 93 71 ab
863 1674 124 71 vno,
940 1674 78 71 &
971 1674 202 71 contraria
1126 1674 140 71 eorum
1219 1674 186 71 scilicet
1359 1674 202 71 diuersum,
1514 1674 109 71 in-

533 1715 174 62 aequale,
663 1715 72 62 &
692 1715 188 62 dissimile
837 1715 72 62 a
851 1715 116 62 multo.

530 1736 190 97 Tertium:
673 1736 142 97 vtrum
767 1736 142 97 idem,
862 1736 190 97 aequale,
1005 1736 79 97 &
1036 1736 158 97 simile
1147 1736 142 97 inter
1242 1736 95 97 se
1289 1736 206 97 comparata
1432 1736 158 97 vniformi

116 1803 110 60 ter
179 1803 205 60 causentur
337 1803 95 60 ab
384 1803 126 60 vno,
463 1803 79 60 &
495 1803 174 60 econtra
621 1803 110 60 sua
684 1803 205 60 contraria
842 1803 79 60 a
858 1803 126 60 multo.

408 1832 111 80 Irca
478 1832 139 80 primum
575 1832 167 80 arguitur
700 1832 111 80 quod
770 1832 125 80 nulla
853 1832 153 80 relatio
964 1832 139 80 realis
1062 1832 167 80 causatur
1187 1832 83 80 ab
1228 1832 111 80 vno:
1298 1832 111 80 quia
1367 1832 83 80 ab
1409 1832 97 80 vno
1451 1832 125 80 inquan-

408 1901 94 56 tum
461 1901 107 56 vnum
528 1901 94 56 non
581 1901 160 56 procedit
702 1901 107 56 nisi
769 1901 120 56 vnum.
849 1901 94 56 sed
902 1901 94 56 vbi
956 1901 94 56 non
1009 1901 94 56 est
1063 1901 107 56 nisi
1130 1901 107 56 vnum
1197 1901 94 56 non
1250 1901 94 56 est
1304 1901 160 56 relatio:
1424 1901 107 56 quia
1477 1901 94 56 omnis

411 1942 157 58 relatio
525 1942 171 58 requirit
653 1942 257 58 correlationem,
867 1942 128 58 sicut
953 1942 114 58 omne
1024 1942 185 58 relatiuum
1166 1942 171 58 requirit
1295 1942 242 58 correlatiuum.
1480 1942 100 58 secun

407 1987 102 60 dum
466 1987 233 60 definitionem
655 1987 117 60 enim
728 1987 233 60 relatiuorum:
917 1987 160 60 ipsorum
1034 1987 117 60 esse
1106 1987 102 60 est
1165 1987 87 60 ad
1208 1987 131 60 aliud
1296 1987 87 60 se
1339 1987 160 60 habere.
1456 1987 117 60 ergo
1514 1987 73 60 &c.

405 2035 72 55 ⁋
433 2035 116 55 Quia
506 2035 130 55 autem
593 2035 130 55 nulla
679 2035 159 55 relatio
795 2035 174 55 communis
925 2035 174 55 causetur
1055 2035 72 55 a
1084 2035 145 55 multo,
1186 2035 174 55 arguitur
1316 2035 130 55 eodem
1402 2035 145 55 medio:
1489 2035 87 55 quia

395 2074 140 64 multum
493 2074 182 64 inquantum
634 2074 154 64 multum,
746 2074 98 64 est
802 2074 126 64 vnum:
886 2074 84 64 eo
928 2074 112 64 quod
999 2074 98 64 est
1055 2074 182 64 diuisiuum
1195 2074 140 64 entis,
1293 2074 98 64 cum
1349 2074 98 64 quo
1406 2074 112 64 vnum
1462 2074 126 64 conver-

113 2119 140 55 titur,
211 2119 126 55 quare
296 2119 98 55 cum
352 2119 84 55 ab
394 2119 98 55 vno
450 2119 183 55 inquantum
591 2119 126 55 vnum,
675 2119 98 55 non
731 2119 169 55 procedit
858 2119 112 55 nisi
928 2119 126 55 vnum:
1012 2119 112 55 ergo
1082 2119 98 55 &c.
1138 2119 70 55 ⁋
1167 2119 112 55 ltem
1237 2119 84 55 si
1279 2119 70 55 a
1307 2119 126 55 multo
1391 2119 169 55 causetur
1504 2119 70 55 re-

120 2166 126 48 latio
204 2166 182 48 communis:
344 2166 112 48 tunc
413 2166 126 48 sicut
497 2166 168 48 relatiua
623 2166 182 48 relatione
763 2166 154 48 communi
874 2166 112 48 quae
944 2166 154 48 creatur
1056 2166 84 48 ab
1098 2166 112 48 vno,
1168 2166 84 48 in
1210 2166 112 48 illo
1280 2166 98 48 vno
1336 2166 112 48 sunt
1405 2166 112 48 vnum
1475 2166 98 48 vel
1517 2166 70 48 per

112 2213 174 52 vnitatem,
245 2213 94 52 vel
299 2213 94 52 per
353 2213 161 52 vnionem:
473 2213 80 52 vt
513 2213 147 52 habitum
620 2213 94 52 est
674 2213 134 52 supra:
768 2213 94 52 sic
821 2213 161 52 relatiua
942 2213 174 52 relatione
1076 2213 147 52 communi
1183 2213 107 52 quae
1250 2213 161 52 causatur
1370 2213 67 52 a
1397 2213 134 52 multo,
1491 2213 80 52 in
1517 2213 54 52 il

126 2254 75 59 o
156 2254 105 59 vno
216 2254 150 59 essent
321 2254 120 59 vnum
396 2254 210 59 quodammodo
560 2254 105 59 aut
620 2254 150 59 vnita.
725 2254 210 59 consequens
890 2254 150 59 falsum
995 2254 120 59 est.
1070 2254 165 59 Diuersa
1190 2254 120 59 enim
1264 2254 120 59 sunt
1339 2254 195 59 abinuicem
1474 2254 105 59 decen

117 2299 256 61 praedicamenta,
330 2299 114 61 quae
402 2299 85 61 in
444 2299 128 61 nullo
530 2299 128 61 multo
615 2299 171 61 vniuntur
744 2299 185 61 inquantum
886 2299 142 61 habent
986 2299 85 61 in
1029 2299 85 61 se
1071 2299 199 61 relationem
1228 2299 242 61 diuersitatis.
1413 2299 157 61 Similiter

108 2346 104 54 nec
168 2346 104 54 duo
227 2346 74 54 &
257 2346 164 54 quatuor
376 2346 194 54 inquantum
525 2346 119 54 sunt
600 2346 223 54 inaequalia.
779 2346 104 54 Non
838 2346 119 54 enim
913 2346 89 54 ex
957 2346 104 54 iuc
1017 2346 119 54 sunt
1091 2346 209 54 inaequalia
1255 2346 119 54 quod
1330 2346 179 54 vniuntur
1464 2346 89 54 in
1494 2346 89 54 nume

117 2388 87 61 ro
160 2388 159 61 senario
276 2388 87 61 vt
319 2388 87 61 in
363 2388 145 61 quodam
464 2388 145 61 multo:
565 2388 116 61 quia
637 2388 116 61 tunc
710 2388 116 61 tria
782 2388 72 61 &
811 2388 116 61 tria
883 2388 116 61 quae
956 2388 87 61 in
999 2388 130 61 eodem
1086 2388 130 61 multo
1173 2388 188 61 vniuntur:
1318 2388 145 61 essent
1404 2388 174 61 inaequalia

125 2432 109 63 quod
193 2432 136 63 falsum
289 2432 109 63 est.
357 2432 177 63 Similiter
492 2432 122 63 album
574 2432 68 63 &
601 2432 136 63 nigrum
696 2432 109 63 sunt
764 2432 190 63 dissimilia
914 2432 122 63 inter
995 2432 95 63 se,
1050 2432 109 63 quae
1118 2432 82 63 in
1159 2432 122 63 nullo
1240 2432 122 63 multo
1322 2432 177 63 vniuntur.
1458 2432 95 63 Non
1498 2432 82 63 enim

124 2474 91 65 in
169 2474 152 65 colore
276 2474 137 65 medio
367 2474 121 65 puta
443 2474 91 65 in
488 2474 152 65 viridi
594 2474 106 65 aut
655 2474 137 65 rubeo
746 2474 213 65 conveniunt
913 2474 91 65 vt
959 2474 91 65 in
1004 2474 152 65 multo:
1110 2474 121 65 quia
1186 2474 91 65 vt
1232 2474 121 65 sunt
1308 2474 91 65 in
1353 2474 137 65 illo,
1444 2474 106 65 non
1490 2474 91 65 sunt

117 2523 88 55 in
161 2523 176 55 diuersis
293 2523 191 55 subiectis
440 2523 117 55 quae
513 2523 220 55 requiruntur
689 2523 88 55 ad
733 2523 249 55 similitudinem
938 2523 73 55 &
967 2523 308 55 dissimilitudinem:
1231 2523 88 55 vt
1275 2523 132 55 infra
1363 2523 205 55 videbitur.
1510 2523 73 55 Nec

115 2577 130 52 etiam
201 2577 87 52 vt
244 2577 87 52 in
288 2577 130 52 multo
374 2577 202 52 conueniunt
533 2577 87 52 in
576 2577 144 52 colore
677 2577 231 52 simpliciter:
865 2577 115 52 quia
937 2577 87 52 in
980 2577 115 52 illo
1053 2577 202 52 conueniunt
1211 2577 87 52 vt
1255 2577 87 52 in
1298 2577 101 52 vno
1356 2577 173 52 secundum
1486 2577 130 52 genus
1558 2577 43 52 l

116 2617 108 61 quod
183 2617 94 61 non
237 2617 121 61 habet
317 2617 161 61 rationem
438 2617 135 61 multi.
533 2617 67 61 ⁋
560 2617 81 61 In
600 2617 175 61 oppositum
734 2617 94 61 est
788 2617 215 61 Philosophus.
963 2617 81 61 v.
1003 2617 81 61 &.
1044 2617 81 61 x.
1084 2617 135 61 Metap.
1178 2617 81 61 vt
1219 2617 121 61 patet
1299 2617 81 61 ex
1326 2617 256 61 praedeterminatis.

109 2664 94 71 ⁋
147 2664 246 71 Supposito
336 2664 113 71 ex
392 2664 378 71 praedeterminatis
713 2664 151 71 quod
808 2664 264 71 relationes
1016 2664 227 71 communes
1186 2664 246 71 sequantur
1374 2664 151 71 vnum
1469 2664 94 71 &
1488 2664 113 71 mul
