2017 3261
444 245 101 69 tum
501 245 101 69 est
559 245 159 69 animae:
675 245 159 69 quamuis
791 245 116 69 homo
863 245 101 69 sit
921 245 174 69 quicquid
1051 245 101 69 est
1109 245 145 69 anima.
1210 245 101 69 Nam
1268 245 116 69 etsi
1340 245 130 69 anima
1427 245 101 69 non
1485 245 145 69 omnino
1586 245 101 69 est
1644 245 87 69 id
1687 245 116 69 quod
1759 245 130 69 homo:
1832 245 43 69 h

434 302 85 55 mo
476 302 127 55 tamen
561 302 99 55 est
617 302 85 55 id
660 302 113 55 quod
730 302 141 55 anima.
829 302 71 55 â‹
857 302 85 55 Et
899 302 113 55 nota
970 302 113 55 quod
1041 302 113 55 quia
1111 302 85 55 id
1153 302 113 55 quod
1224 302 99 55 est
1280 302 113 55 homo
1351 302 99 55 est
1407 302 85 55 id
1450 302 113 55 quod
1520 302 99 55 est
1577 302 141 55 anima,
1675 302 71 55 &
1704 302 113 55 vnum
1760 302 127 55 singula

444 347 151 59 ritate
549 347 105 59 est
610 347 120 59 homo
685 347 75 59 &
715 347 136 59 anima
805 347 105 59 quo
866 347 90 59 ad
911 347 105 59 hoc
971 347 75 59 &
1001 347 105 59 per
1061 347 105 59 hoc
1122 347 120 59 quia
1197 347 120 59 idem
1272 347 271 59 singularitate:
1498 347 75 59 &
1528 347 90 59 id
1573 347 120 59 quid
1649 347 105 59 est
1694 347 75 59 ani

435 393 157 51 omnino
545 393 94 51 id
593 393 126 51 quod
671 393 126 51 homo
750 393 173 51 propter
876 393 142 51 aliam
971 393 157 51 illius
1081 393 157 51 partem
1191 393 126 51 quae
1270 393 173 51 diuersa
1396 393 110 51 est
1459 393 94 51 ab
1506 393 157 51 anima:
1616 393 126 51 ideo
1695 393 110 51 non
1742 393 142 51 sequitu

453 442 180 60 argumentum
595 442 193 60 philosophis
750 442 77 60 in
788 442 116 60 primo
866 442 168 60 Physicae.
995 442 77 60 Si
1033 442 142 60 vtraque
1136 442 103 60 pars
1201 442 90 60 est
1252 442 103 60 toti
1317 442 103 60 vnum
1381 442 64 60 &
1407 442 116 60 idem:
1484 442 103 60 quod
1549 442 116 60 inter
1626 442 77 60 se
1665 442 103 60 sint
1729 442 103 60 vnum
1794 442 64 60 &
1807 442 77 60 idem

441 478 139 74 sicut
533 478 263 74 indiuisibile,
750 478 108 74 per
812 478 139 74 illam
904 478 186 74 regulam.
1044 478 216 74 Quaecunque
1214 478 108 74 vni
1276 478 77 74 &
1306 478 139 74 eidem
1399 478 124 74 sunt
1477 478 155 74 eadem:
1585 478 139 74 inter
1678 478 93 74 se
1724 478 124 74 sunt
1786 478 108 74 eadem

438 521 87 59 Et
481 521 101 59 hoc
539 521 115 59 quia
611 521 144 59 neutra
712 521 115 59 pars
784 521 101 59 sic
842 521 101 59 est
899 521 130 59 eadem
986 521 130 59 toti:
1073 521 115 59 quin
1145 521 101 59 sit
1203 521 130 59 etiam
1289 521 159 59 diuersa
1405 521 87 59 ab
1448 521 130 59 illo:
1535 521 72 59 &
1563 521 101 59 sic
1621 521 173 59 secundum
1751 521 130 59 aliud
1823 521 58 59 ds

446 567 124 68 aliud
529 567 179 68 alterutra
667 567 96 68 est
722 567 124 68 eadem
804 567 69 68 &
832 567 151 68 diuersa
942 567 124 68 toti.
1024 567 151 68 Propter
1135 567 110 68 quod
1203 567 96 68 non
1258 567 165 68 sequitur
1382 567 110 68 quod
1451 567 124 68 inter
1534 567 83 68 se
1575 567 110 68 sint
1644 567 151 68 eaedem.
1754 567 110 68 Illa
1809 567 69 68 eni

450 623 148 62 maxima
554 623 103 62 non
613 623 133 62 tenet
701 623 118 62 nisi
775 623 89 62 in
819 623 133 62 illis
908 623 118 62 quae
981 623 177 62 secundum
1114 623 118 62 idem
1188 623 118 62 sunt
1262 623 133 62 eadem
1350 623 148 62 eidem:
1453 623 89 62 vt
1498 623 192 62 contingit
1645 623 89 62 in
1689 623 177 62 diuinis.
1807 623 74 62 Qui

444 670 117 57 enim
517 670 87 57 in
561 670 160 57 diuinis
678 670 131 57 pater
765 670 146 57 omnino
867 670 102 57 est
926 670 160 57 deitate
1042 670 131 57 idem:
1130 670 73 57 &
1159 670 190 57 similiter
1305 670 160 57 filius:
1421 670 175 57 sequitur
1552 670 117 57 quod
1625 670 131 57 pater
1713 670 73 57 &
1742 670 146 57 filius
1830 670 87 57 sunt

437 701 107 81 idem
504 701 214 81 indiuisibile
678 701 120 81 inter
758 701 94 81 se:
811 701 161 81 secundum
932 701 107 81 quod
999 701 80 81 de
1039 701 94 81 hoc
1092 701 107 81 erit
1159 701 120 81 sermo
1240 701 174 81 inferius.
1374 701 80 81 Et
1414 701 107 81 nota
1481 701 120 81 etiam
1561 701 107 81 quod
1628 701 147 81 differt
1735 701 134 81 dicere
1815 701 94 81 totum

446 747 70 73 &
474 747 140 73 partem
572 747 112 73 esse
643 747 112 73 vnum
713 747 84 73 in
755 747 126 73 forma
839 747 140 73 partis
937 747 70 73 &
965 747 84 73 in
1008 747 126 73 forma
1092 747 154 73 totius:
1204 747 70 73 &
1232 747 168 73 secundum
1359 747 211 73 intentionem
1527 747 140 73 totius
1625 747 70 73 &
1653 747 154 73 partis.
1752 747 126 73 Secundu

441 793 118 72 enim
515 793 148 72 primum
618 793 133 72 modum
707 793 103 72 est
766 793 133 72 inter
855 793 148 72 partem
958 793 74 72 &
987 793 133 72 totum
1076 793 162 72 relatio
1194 793 221 72 identitatis
1371 793 74 72 &
1401 793 251 72 diuersitatis:
1607 793 74 72 &
1637 793 177 72 secundum
1755 793 118 72 ratior

445 847 97 66 non
501 847 166 66 secundum
625 847 111 66 dici
694 847 152 66 tantum,
805 847 83 66 vt
847 847 97 66 iam
902 847 138 66 dictum
999 847 111 66 est.
1068 847 125 66 Penes
1151 847 166 66 secundum
1276 847 125 66 autem
1359 847 125 66 modum
1442 847 97 66 est
1497 847 125 66 inter
1581 847 138 66 partem
1677 847 69 66 &
1705 847 125 66 totum
1774 847 125 66 relatio

438 884 167 62 secundum
563 884 167 62 rationes
689 884 139 62 partis
786 884 70 62 &
814 884 153 62 totius:
925 884 70 62 &
953 884 167 62 secundum
1079 884 111 62 dici
1148 884 153 62 tantum.
1259 884 111 62 Sunt
1329 884 111 62 enim
1399 884 111 62 vnum
1468 884 139 62 partes
1566 884 84 62 in
1608 884 125 62 forma
1691 884 153 62 totius:
1789 884 97 62 totum

443 932 123 61 enim
520 932 123 61 vnit
597 932 154 61 partes
705 932 92 61 in
751 932 139 61 forma
843 932 123 61 sua.
920 932 92 61 Et
966 932 108 61 sic
1028 932 154 61 partes
1136 932 200 61 contentae
1290 932 108 61 sub
1352 932 108 61 vna
1413 932 139 61 forma
1506 932 154 61 totius
1614 932 200 61 inquantum
1752 932 139 61 huiusmo

444 973 93 74 di:
497 973 106 74 sunt
563 973 106 74 vnum
630 973 120 74 inter
710 973 80 74 se
750 973 80 74 in
789 973 120 74 illa:
869 973 66 74 &
896 973 106 74 vnum
962 973 106 74 toti
1029 973 106 74 quae
1095 973 133 74 plures
1188 973 106 74 sunt
1255 973 160 74 secundum
1374 973 160 74 propriam
1494 973 133 74 formam
1587 973 120 74 inter
1667 973 93 74 se:
1720 973 66 74 &
1747 973 93 74 quo
1800 973 80 74 ad
1827 973 66 74 hoc

450 1020 129 73 plura
535 1020 114 73 sunt
607 1020 71 73 &
635 1020 157 73 diuersa
750 1020 143 73 partes
850 1020 129 73 ipsae
936 1020 214 73 simpliciter
1107 1020 129 73 inter
1193 1020 100 73 se:
1250 1020 71 73 &
1279 1020 186 73 similiter
1421 1020 186 73 quaelibet
1564 1020 171 73 partium:
1693 1020 71 73 &
1722 1020 129 73 totum
1793 1020 100 73 ratio

438 1076 85 62 ne
480 1076 171 62 alterius
608 1076 156 62 partis.
722 1076 85 62 Et
765 1076 100 62 non
822 1076 171 62 sequitur
950 1076 114 62 quod
1021 1076 85 62 si
1063 1076 114 62 isto
1134 1076 114 62 modo
1206 1076 142 62 partes
1305 1076 114 62 sunt
1376 1076 114 62 vnum
1447 1076 128 62 inter
1533 1076 85 62 se
1575 1076 71 62 &
1604 1076 100 62 cum
1661 1076 128 62 toto:
1746 1076 114 62 sint
1803 1076 85 62 idem

437 1110 129 75 inter
523 1110 101 75 se:
580 1110 115 75 quia
652 1110 187 75 identitas
796 1110 115 75 quae
867 1110 101 75 est
925 1110 129 75 inter
1011 1110 129 75 totum
1097 1110 72 75 &
1126 1110 158 75 partem,
1241 1110 101 75 non
1298 1110 172 75 fundatur
1427 1110 115 75 nisi
1499 1110 129 75 super
1585 1110 115 75 vnum
1657 1110 144 75 dictum
1758 1110 86 75 ab
1786 1110 101 75 vnita

439 1165 101 65 te:
496 1165 130 65 illae
583 1165 130 65 autem
669 1165 173 65 dicuntur
798 1165 115 65 vnum
870 1165 130 65 inter
957 1165 86 65 se
1000 1165 101 65 non
1057 1165 158 65 vnitate
1173 1165 101 65 sed
1230 1165 144 65 vnione
1331 1165 86 65 in
1374 1165 130 65 toto.
1460 1165 158 65 Propter
1575 1165 115 65 quam
1647 1165 158 65 vnionem
1762 1165 101 65 non
1806 1165 86 65 sunt

432 1201 153 76 diuisae:
547 1201 115 76 licet
623 1201 102 76 sint
687 1201 166 76 diuersae.
815 1201 115 76 Totum
891 1201 102 76 enim
955 1201 89 76 est
1006 1201 102 76 vnum
1069 1201 153 76 secundum
1184 1201 102 76 hunc
1248 1201 115 76 modum
1324 1201 89 76 cum
1375 1201 166 76 partibus:
1503 1201 115 76 quia.
1579 1201 153 76 scilicet
1694 1201 89 76 est
1745 1201 127 76 vniens
1821 1201 64 76 eas

425 1255 87 66 in
469 1255 160 66 vnitate
585 1255 145 66 formae
687 1255 131 66 suae:
774 1255 73 66 &
803 1255 145 66 partes
905 1255 116 66 sunt
978 1255 116 66 vnum
1050 1255 102 66 cum
1108 1255 131 66 toto:
1196 1255 116 66 quia
1268 1255 116 66 sunt
1341 1255 145 66 vnitae
1443 1255 87 66 in
1486 1255 131 66 forma
1573 1255 160 66 illius:
1690 1255 160 66 diuersa
1791 1255 102 66 tamen

437 1291 119 74 sunt
512 1291 75 74 &
542 1291 179 74 secundum
676 1291 179 74 rationem
810 1291 149 74 totius
914 1291 90 74 vt
959 1291 134 74 totum
1049 1291 119 74 est:
1123 1291 75 74 &
1153 1291 149 74 partis
1258 1291 90 74 vt
1302 1291 119 74 pars
1377 1291 119 74 est.
1451 1291 104 74 Per
1511 1291 119 74 quae
1586 1291 134 74 patet
1675 1291 194 74 responsio
1809 1291 75 74 non

434 1340 120 59 solum
514 1340 80 59 ad
554 1340 200 59 quaestionem
714 1340 107 59 quam
780 1340 147 59 quaerit
887 1340 213 59 philosophus.
1060 1340 80 59 i.
1100 1340 173 59 Physicae.
1234 1340 120 59 Vtrum
1314 1340 107 59 vnum
1380 1340 80 59 an
1420 1340 120 59 plura
1500 1340 107 59 sint
1567 1340 107 59 pars
1634 1340 67 59 &
1660 1340 133 59 totum:
1754 1340 67 59 &
1767 1340 120 59 quomodo

438 1394 136 65 vnum,
529 1394 76 65 &
559 1394 167 65 quomodo
680 1394 151 65 plura:
786 1394 106 65 sed
847 1394 136 65 etiam
937 1394 91 65 ad
983 1394 136 65 aliam
1074 1394 227 65 quaestionem
1255 1394 121 65 quae
1331 1394 151 65 quaeri
1437 1394 167 65 posset,
1558 1394 136 65 vtrum
1649 1394 121 65 idem
1724 1394 121 65 sint
1800 1394 91 65 an
1830 1394 61 65 di

425 1440 141 69 uersa
519 1440 125 69 pars
597 1440 78 69 &
628 1440 156 69 totum:
738 1440 78 69 &
769 1440 172 69 quomodo
894 1440 141 69 idem,
987 1440 78 69 &
1019 1440 172 69 quomodo
1144 1440 187 69 diuersa:
1284 1440 125 69 quae
1362 1440 156 69 multum
1471 1440 219 69 differunt,
1643 1440 94 69 vt
1690 1440 141 69 patet
1784 1440 94 69 ex
1815 1440 78 69 di-

434 1472 129 60 ctis.
520 1472 129 60 Talem
606 1472 129 60 autem
692 1472 215 60 identitatem
864 1472 100 60 non
921 1472 186 60 contingit
1064 1472 172 60 inueniri
1194 1472 86 60 in
1237 1472 172 60 diuinis:
1366 1472 115 60 quia
1437 1472 100 60 non
1495 1472 115 60 sunt
1566 1472 86 60 in
1609 1472 129 60 illis
1695 1472 115 60 pars
1767 1472 72 60 &
1781 1472 115 60 totum.

439 1517 83 79 Et
481 1517 97 79 est
536 1517 83 79 in
578 1517 181 79 creaturis
717 1517 125 79 inter
800 1517 139 79 partem
898 1517 69 79 &
925 1517 125 79 totum
1009 1517 97 79 quo
1064 1517 83 79 ad
1106 1517 83 79 id
1148 1517 111 79 quod
1217 1517 125 79 sunt,
1300 1517 153 79 relatio
1412 1517 167 79 secundum
1537 1517 167 79 rationem
1662 1517 153 79 tantum:
1773 1517 111 79 quia
1828 1517 56 79 ad

432 1569 112 71 vnum
502 1569 182 71 singulare
642 1569 112 71 quod
713 1569 98 71 est
769 1569 140 71 totius
867 1569 70 71 &
895 1569 140 71 partis
993 1569 182 71 inquantum
1133 1569 154 71 illorum
1246 1569 112 71 est,
1316 1569 112 71 sola
1386 1569 154 71 ratione
1498 1569 168 71 differt.
1624 1569 98 71 Sed
1681 1569 154 71 relatio
1779 1569 112 71 diuer-

430 1609 154 79 sitatis
542 1609 126 79 inter
626 1609 126 79 totum
710 1609 70 79 &
738 1609 140 79 partem
836 1609 84 79 eo
878 1609 112 79 quod
948 1609 140 79 partes
1046 1609 126 79 inter
1130 1609 84 79 se
1172 1609 168 79 secundum
1298 1609 98 79 rem
1354 1609 196 79 differant:
1508 1609 98 79 est
1564 1609 168 79 secundum
1690 1609 112 79 rem:
1760 1609 112 79 quia
1830 1609 98 79 non

432 1655 99 63 est
488 1655 127 63 totum
573 1655 170 63 diuersum
701 1655 85 63 ab
743 1655 184 63 alterutra
885 1655 156 63 partium
998 1655 113 63 nisi
1068 1655 113 63 quia
1139 1655 141 63 partes
1238 1655 127 63 inter
1323 1655 85 63 se
1366 1655 113 63 sunt
1436 1655 184 63 diuersae.
1578 1655 85 63 Et
1620 1655 113 63 ideo
1691 1655 170 63 secundum
1818 1655 99 63 mo-

426 1703 108 57 dum
487 1703 246 57 diuersitatis
687 1703 154 57 partis
795 1703 77 57 a
825 1703 154 57 parte:
933 1703 184 57 diuersum
1071 1703 108 57 est
1133 1703 138 57 totum
1225 1703 77 57 a
1256 1703 154 57 parte.
1363 1703 77 57 â‹
1394 1703 169 57 Relatio
1517 1703 138 57 autem
1609 1703 169 57 vnionis
1732 1703 123 57 quae
1794 1703 92 57 cau-

423 1741 139 82 satur
515 1741 93 82 ab
562 1741 108 82 vno
624 1741 139 82 dicto
717 1741 93 82 ab
763 1741 155 82 vnione
872 1741 108 82 quo
934 1741 170 82 diuersa
1058 1741 93 82 re
1104 1741 170 82 propter
1228 1741 139 82 eorum
1321 1741 263 82 conformitatem
1538 1741 186 82 vniuntur
1677 1741 93 82 in
1724 1741 108 82 vno
1786 1741 93 82 ab
1817 1741 77 82 vni

425 1805 123 61 tate
502 1805 154 61 dicto,
610 1805 108 61 non
672 1805 201 61 inuenitur
826 1805 123 61 nisi
903 1805 93 61 in
949 1805 216 61 creaturis,
1119 1805 93 61 in
1166 1805 154 61 quibus
1274 1805 170 61 diuersa
1397 1805 154 61 numero
1505 1805 262 61 conformitatem
1721 1805 154 61 habent
1829 1805 93 61 in

429 1841 102 76 ter
488 1841 102 76 se,
546 1841 73 76 &
575 1841 174 76 vniuntur
705 1841 87 76 in
749 1841 102 76 vno
807 1841 160 76 vnitate
923 1841 247 76 communitatis.
1127 1841 87 76 Vt
1170 1841 102 76 eni
1228 1841 131 76 dicit
1316 1841 131 76 Comm.
1403 1841 145 76 super.
1504 1841 102 76 ix.
1562 1841 160 76 regulam
1679 1841 87 76 de
1722 1841 131 76 Hebd.
1795 1841 87 76 Vnio

428 1881 108 62 est
489 1881 154 62 semper
597 1881 170 62 illorum
720 1881 123 62 quae
798 1881 170 62 diuersa
921 1881 123 62 sunt
998 1881 200 62 vtriusque
1152 1881 170 62 numero.
1275 1881 108 62 Sed
1337 1881 108 62 hoc
1399 1881 154 62 multis
1507 1881 139 62 modis
1599 1881 92 62 ex
1645 1881 231 62 diuersitate
1815 1881 77 62 ra-

431 1933 145 71 tionum
532 1933 87 71 in
575 1933 188 71 diuersis.
720 1933 145 71 Aliter
821 1933 145 71 namque
922 1933 116 71 sibi
994 1933 130 71 vnita
1081 1933 174 71 dicuntur
1211 1933 159 71 materia
1327 1933 72 71 &
1356 1933 130 71 forma
1443 1933 87 71 vt
1486 1933 202 71 subsistens
1645 1933 116 71 sit:
1717 1933 145 71 aliter
1804 1933 87 71 pars

436 1976 70 58 &
464 1976 125 58 pars,
548 1976 84 58 vt
589 1976 112 58 quod
659 1976 153 58 constat
771 1976 84 58 ex
812 1976 125 58 illis
896 1976 125 58 totum
980 1976 112 58 vnum
1049 1976 112 58 sit:
1119 1976 98 58 aut
1175 1976 167 58 linguae,
1300 1976 98 58 aut
1356 1976 139 58 ritus,
1454 1976 98 58 aut
1510 1976 139 58 legis,
1607 1976 98 58 aut
1663 1976 125 58 loci,
1747 1976 98 58 aut
1788 1976 98 58 affe-

423 2020 133 71 ctus
506 2020 149 71 vnius
606 2020 215 71 consortio
771 2020 199 71 dicantur
921 2020 149 71 multi
1020 2020 116 71 vna
1086 2020 149 71 gens:
1186 2020 133 71 vnus
1269 2020 199 71 populus:
1418 2020 133 71 vnus
1501 2020 232 71 conuentus:
1683 2020 133 71 vnum
1766 2020 133 71 cor:
1832 2020 50 71 &

428 2065 229 70 huiusmodi.
608 2065 98 70 de
657 2065 164 70 quibus
772 2065 180 70 omnibus
903 2065 115 70 nil
968 2065 98 70 ad
1017 2065 229 70 praesentem
1197 2065 164 70 locum.
1312 2065 115 70 Sed
1377 2065 115 70 est
1443 2065 180 70 quaedam
1574 2065 246 70 alterutrius
1754 2065 131 70 numero

431 2115 214 55 diuersorum
599 2115 138 55 vnio,
691 2115 122 55 quam
767 2115 260 55 conformitatis
981 2115 138 55 ratio
1073 2115 153 55 facit:
1180 2115 122 55 quae
1257 2115 92 55 ad
1303 2115 214 55 praesentem
1471 2115 138 55 locum
1563 2115 199 55 pertinet.
1716 2115 122 55 Haec
1777 2115 107 55 autem

432 2166 122 59 vnio
508 2166 214 59 diuersorum
676 2166 214 59 conformium
844 2166 107 59 aut
905 2166 107 59 est
966 2166 92 59 in
1012 2166 107 59 vno
1073 2166 168 59 communi
1195 2166 122 59 quod
1271 2166 107 59 est
1332 2166 229 59 substantia:
1516 2166 107 59 aut
1577 2166 92 59 in
1622 2166 107 59 vno
1684 2166 168 59 communi
1790 2166 92 59 quod

441 2204 100 71 est
498 2204 200 71 quantitas:
655 2204 100 71 aut
712 2204 86 71 in
755 2204 100 71 vno
812 2204 157 71 communi
926 2204 114 71 quod
997 2204 100 71 est
1054 2204 186 71 qualitas:
1197 2204 71 71 &
1226 2204 186 71 vtrobique
1368 2204 100 71 tam
1425 2204 86 71 in
1468 2204 186 71 qualitate
1611 2204 114 71 quam
1682 2204 86 71 in
1711 2204 171 71 quantitate

426 2250 252 73 subdiuidendo:
634 2250 119 73 quia
708 2250 104 73 aut
768 2250 104 73 est
827 2250 89 73 in
872 2250 104 73 vno
931 2250 119 73 quod
1005 2250 104 73 est
1065 2250 193 73 quantitas
1213 2250 267 73 substantialis:
1436 2250 104 73 aut
1495 2250 89 73 in
1540 2250 104 73 vno
1599 2250 119 73 quod
1673 2250 104 73 est
1718 2250 163 73 quantitas

426 2304 238 58 accidentalis:
622 2304 182 58 similiter
763 2304 98 58 aut
819 2304 84 58 in
861 2304 98 58 vno
917 2304 112 58 quid
987 2304 98 58 est
1043 2304 168 58 qualitas
1170 2304 253 58 substantialis,
1380 2304 98 58 aut
1436 2304 112 58 quid
1506 2304 98 58 est
1562 2304 168 58 qualitas
1675 2304 210 58 accidentalis.

431 2338 208 71 Relationes
595 2338 134 71 autem
684 2338 178 71 communes
818 2338 178 71 causatae
951 2338 89 71 ab
996 2338 104 71 vno
1056 2338 149 71 vnione
1160 2338 89 71 in
1204 2338 104 71 vno
1264 2338 119 71 quod
1338 2338 104 71 est
1397 2338 223 71 substantia:
1576 2338 104 71 est
1635 2338 193 71 identitas
1784 2338 104 71 qua
1829 2338 59 71 di

430 2394 142 58 uersa
525 2394 205 58 indiuidua
683 2394 189 58 dicuntur
824 2394 142 58 eadem
919 2394 173 58 specie:
1045 2394 126 58 puta
1124 2394 158 58 Petrus
1234 2394 79 58 &
1266 2394 158 58 Paulus
1376 2394 95 58 in
1424 2394 173 58 homine:
1550 2394 110 58 aut
1613 2394 189 58 diuersae
1739 2394 142 58 species

437 2439 96 50 in
485 2439 177 50 genere:
614 2439 129 50 puta
694 2439 129 50 homo
775 2439 80 50 &
807 2439 161 50 asinus
919 2439 96 50 in
968 2439 193 50 animali.
1112 2439 225 50 Relationes
1289 2439 129 50 vero
1369 2439 193 50 communes
1514 2439 193 50 causatae
1659 2439 96 50 ab
1707 2439 113 50 vno
1755 2439 129 50 vnione

423 2478 89 65 in
468 2478 104 65 vno
527 2478 119 65 quod
601 2478 104 65 est
661 2478 252 65 substantialis
868 2478 193 65 quantitas
1017 2478 104 65 aut
1076 2478 193 65 qualitas:
1224 2478 178 65 vocantur
1358 2478 252 65 substantiales
1565 2478 252 65 aequalitates,
1773 2478 74 65 &
1788 2478 89 65 simi

432 2525 207 74 litudines.
595 2525 178 74 Causatae
728 2525 118 74 vero
802 2525 89 74 ab
847 2525 104 74 vno
906 2525 89 74 ab
950 2525 148 74 vnione
1054 2525 89 74 in
1098 2525 104 74 vno
1158 2525 118 74 quod
1232 2525 104 74 est
1291 2525 237 74 accidentalis
1483 2525 207 74 quantitas,
1646 2525 104 74 aut
1705 2525 178 74 qualitas
1824 2525 59 74 ac

431 2573 229 64 cidentalis:
614 2573 184 64 vocantur
752 2573 245 64 accidentales
951 2573 260 64 aequalitates,
1165 2573 76 64 &
1196 2573 275 64 similitudines.
1425 2573 260 64 Substantialis
1639 2573 122 64 enim
1700 2573 184 64 aequalitas

422 2620 74 51 &
452 2620 221 51 similitudo:
629 2620 192 51 pertinent
776 2620 88 51 ad
820 2620 88 51 ea
865 2620 118 51 quae
938 2620 118 51 sunt
1012 2620 103 51 rei
1071 2620 251 51 substantialia
1277 2620 133 51 atque
1366 2620 236 51 essentialia:
1558 2620 74 51 &
1587 2620 177 51 respicit
1705 2620 177 51 aequalitas

419 2666 145 56 gradum
520 2666 188 56 vniformem
665 2666 232 56 perfectionis
853 2666 87 56 in
896 2666 101 56 rei
954 2666 203 56 substantia
1113 2666 116 56 siue
1185 2666 188 56 essentia.
1330 2666 203 56 Similitudo
1489 2666 130 56 autem
1576 2666 246 56 substantialis
1764 2666 116 56 duplex

417 2711 110 76 est.
486 2711 151 76 Quaedam
596 2711 123 76 vera,
678 2711 110 76 quae
746 2711 96 76 est
801 2711 96 76 per
856 2711 192 76 diuersarum
1007 2711 178 76 naturarum
1144 2711 233 76 conformitatem
1336 2711 82 76 in
1377 2711 219 76 substantiali
1556 2711 192 76 qualitate,
1707 2711 110 76 quae
1775 2711 96 76 est
1816 2711 69 76 spe
