2017 3104
170 238 143 58 cifica
270 238 229 58 differentia.
455 238 114 58 Alia
527 238 114 58 vero
598 238 214 58 imaginaria:
770 238 114 58 quae
841 238 100 58 est
898 238 100 58 per
955 238 214 58 imitationem
1127 238 157 58 quandam
1241 238 129 58 vnius
1327 238 157 58 naturae
1441 238 86 58 ad
1470 238 114 58 aliam.

168 286 144 47 Primo
264 286 128 47 modo
344 286 128 47 homo
423 286 128 47 vnus
503 286 176 47 dicitur
631 286 176 47 similis
759 286 176 47 alteri.
887 286 176 47 Secundo
1014 286 128 47 modo
1094 286 160 47 humana
1206 286 176 47 pictura
1334 286 176 47 dicitur
1445 286 144 47 similis

175 332 157 53 homini.
289 332 171 53 secundum
417 332 114 53 quod
488 332 86 53 de
531 332 100 53 his
588 332 157 53 sparsim
702 332 128 53 dicit
788 332 114 53 idem
859 332 157 53 Commen.
973 332 143 53 ibidem
1073 332 171 53 continue
1201 332 171 53 subdens.
1329 332 114 53 Vnio
1401 332 157 53 vocatur
1500 332 86 53 simi

175 378 139 54 litudo:
277 378 63 54 &
302 378 89 54 est
353 378 89 54 vel
403 378 152 54 secundum
517 378 152 54 naturam:
631 378 89 54 vel
682 378 152 54 secundum
795 378 139 54 quaedam
897 378 177 54 intrinseca
1036 378 152 54 secundum
1150 378 152 54 naturam:
1264 378 152 54 qualiter
1378 378 139 54 similis
1479 378 89 54 est
1517 378 63 54 ho-

173 419 88 60 mo
217 419 161 60 homini:
335 419 103 60 vel
393 419 176 60 secundum
525 419 220 60 extrinseca:
701 419 73 60 &
730 419 161 60 vocatur
848 419 205 60 imaginaria
1009 419 220 60 similitudo:
1185 419 176 60 qualiter
1317 419 147 60 humana
1419 419 161 60 pictura
1522 419 73 60 ve-

169 467 88 51 ro
213 467 147 51 homini
316 467 161 51 dicitur
434 467 176 51 similis.
566 467 88 51 Et
610 467 117 51 tali
683 467 205 51 imaginaria
844 467 235 51 similitudine
1035 467 161 51 dicitur
1153 467 117 51 homo
1226 467 161 51 similis
1343 467 117 51 dec,
1417 467 132 51 quasi
1490 467 103 51 simi-

173 506 165 56 litudine
297 506 193 56 defectiua.
449 506 83 56 Et
490 506 124 56 prima
573 506 152 56 illarum
683 506 165 56 pertinet
807 506 83 56 ad
849 506 124 56 genus
931 506 193 56 relationum
1083 506 193 56 conmunium.
1235 506 152 56 Secunda
1345 506 110 56 vero
1414 506 165 56 pertinet
1538 506 83 56 ad

174 549 130 56 genus
260 549 201 56 relationis
418 549 115 56 quod
490 549 101 56 est
548 549 86 56 in
591 549 187 56 mensuris:
735 549 101 56 quo
792 549 115 56 homo
864 549 101 56 est
922 549 130 56 imago
1008 549 115 56 dei,
1080 549 72 56 &
1109 549 101 56 ita
1167 549 158 56 similis
1282 549 101 56 ei:
1339 549 115 56 quia
1411 549 130 56 imago
1483 549 101 56 omnis

167 594 135 53 similis
265 594 98 53 est:
326 594 111 53 licet
400 594 86 53 non
449 594 86 53 sit
498 594 160 53 aequalis.
621 594 135 53 dicente
719 594 123 53 Augug.
805 594 221 53 lxxxiiiiestion
989 594 111 53 quius
1063 594 98 53 quae
1124 594 147 53 lxxiiii.
1235 594 86 53 Vbi
1284 594 123 53 imago,
1370 594 147 53 continuo
1468 594 123 53 similitu

162 643 99 52 do:
218 643 99 52 non
275 643 169 52 continuo
402 643 155 52 aequal:
515 643 113 52 tas,
585 643 85 52 vt
628 643 85 52 in
670 643 169 52 speculo.
797 643 85 52 Et
839 643 99 52 hoc
896 643 113 52 ideo
966 643 113 52 quia
1037 643 198 52 aequalitas
1192 643 99 52 non
1248 643 141 52 potest
1347 643 113 52 esse
1418 643 113 52 nisi
1488 643 99 52 sit
1531 643 56 52 pa

159 696 127 41 ritas
244 696 226 41 quantitatis.
427 696 198 41 Similitudo
583 696 127 41 autem
668 696 141 41 potest
766 696 113 41 esse
837 696 113 41 sine
908 696 184 41 paritate.
1049 696 127 41 Minus
1134 696 113 41 enim
1204 696 170 41 requirit
1332 696 170 41 vnitatis
1459 696 85 41 in
1501 696 113 41 qua-

173 725 140 54 litate
271 725 210 54 similitudo:
439 725 112 54 quam
509 725 196 54 aequalitas
663 725 84 54 in
705 725 210 54 quantitate.
873 725 154 54 Propter
984 725 112 54 quod
1054 725 112 54 homo
1124 725 126 54 aeque
1208 725 154 54 distans
1320 725 168 54 secundum
1432 725 168 54 qualitatem

171 774 227 50 substantialem
358 774 67 50 &
384 774 200 50 quantitatem
545 774 67 50 a
571 774 107 50 deo,
638 774 147 50 dicitur
745 774 147 50 imitari
852 774 93 50 eum
905 774 227 50 similitudine:
1092 774 174 50 nequaquam
1225 774 120 50 autem
1306 774 214 50 aequalitate.
1466 774 120 50 Propter

168 817 117 51 quod
241 817 73 51 &
271 817 131 51 imago
358 817 102 51 est
417 817 175 51 qualitas
548 817 88 51 in
592 817 204 51 quantitate
752 817 175 51 secundum
884 817 146 51 formam
986 817 73 51 &
1015 817 175 51 figuram:
1146 817 73 51 &
1176 817 131 51 magis
1263 817 175 51 pertinet
1395 817 88 51 ad
1424 817 175 51 qualitatem

168 856 116 62 quam
240 856 87 62 ad
283 856 231 62 quantitatem.
471 856 159 62 Idcirco
587 856 130 62 etiam
673 856 159 62 dicitur
789 856 116 62 homo
861 856 188 62 inquantum
1006 856 101 62 est
1064 856 130 62 imago
1150 856 116 62 dei,
1223 856 173 62 accedere
1353 856 87 62 ad
1396 856 130 62 deum:
1483 856 72 62 &
1497 856 87 62 esse

177 909 74 52 ad
214 909 149 52 imaginem
326 909 87 52 dei
375 909 199 52 similitudine
537 909 112 52 magis
611 909 99 52 quam
673 909 199 52 aequalitate.
835 909 137 52 dicente
934 909 161 52 Augustino
1058 909 74 52 de
1095 909 137 52 homine.
1195 909 99 52 vii.
1257 909 74 52 de
1294 909 186 52 triniitate.
1443 909 87 52 ca.
1480 909 112 52 vltimo.

172 946 115 54 Homo
243 946 129 54 imago
329 946 100 54 dei
387 946 100 54 non
444 946 143 54 omnino
545 946 172 54 aequalis
674 946 158 54 fiebat:
789 946 158 54 tanquam
903 946 100 54 non
961 946 86 54 ab
1004 946 115 54 illo
1076 946 129 54 nata:
1162 946 100 54 sed
1219 946 86 54 ab
1262 946 115 54 illo
1334 946 158 54 creata.
1449 946 129 54 Huius
1520 946 72 54 rei

166 986 189 54 signandae
311 986 131 54 causa
398 986 102 54 ita
456 986 131 54 imago
543 986 102 54 est
600 986 87 54 vt
644 986 87 54 ad
688 986 174 54 imaginem
818 986 131 54 siti.
905 986 87 54 i.
949 986 102 54 non
1007 986 174 54 aequatur
1137 986 218 54 parilitate:
1311 986 102 54 sed
1369 986 145 54 quadam
1456 986 145 54 similitu

171 1032 113 61 dine
241 1032 169 61 accedit:
368 1032 99 61 non
424 1032 127 61 quasi
509 1032 84 61 ad
551 1032 141 61 filium
650 1032 169 61 dicitur:
776 1032 99 61 qui
833 1032 99 61 est
889 1032 127 61 imago
973 1032 169 61 aequalis
1100 1032 141 61 solius
1199 1032 155 61 patris:
1311 1032 99 61 sed
1368 1032 155 61 propter
1466 1032 127 61 simili-

161 1072 164 64 tudinem
280 1072 149 64 dictus
384 1072 104 64 est
444 1072 119 64 homo
518 1072 89 64 ad
562 1072 253 64 similitudinem
771 1072 178 64 accedens
904 1072 149 64 quadam
1008 1072 253 64 similitudine,
1217 1072 134 64 sicut
1306 1072 223 64 distantibus
1469 1072 134 64 signifi

168 1119 114 50 catur
244 1119 139 50 quaedam
345 1119 164 50 vicinitas
472 1119 89 50 non
523 1119 114 50 loci:
599 1119 89 50 sed
649 1119 152 50 cuiusdam
763 1119 202 50 imitationis.
927 1119 76 50 de
965 1119 89 50 qua
1016 1119 114 50 dicit
1092 1119 139 50 Augugt.
1193 1119 139 50 lxxxiii
1294 1119 152 50 qiaestin
1408 1119 114 50 qubus
1484 1119 101 50 quae
1535 1119 63 50 ii.

167 1165 138 58 Multis
264 1165 125 58 modis
347 1165 152 58 possunt
458 1165 97 58 res
513 1165 111 58 dici
582 1165 152 58 similes
693 1165 111 58 deo.
762 1165 125 58 Aliae
845 1165 166 58 secundum
970 1165 166 58 virtutem
1094 1165 69 58 &
1122 1165 208 58 sapientiam:
1288 1165 125 58 quia:
1371 1165 83 58 in
1412 1165 111 58 ipso
1481 1165 97 58 est
1523 1165 69 58 vir

166 1210 100 54 tus
223 1210 71 54 &
251 1210 200 54 sapientia.
408 1210 128 54 Aliae
494 1210 185 54 inquantum
636 1210 157 54 viuunt:
751 1210 114 54 quia
822 1210 114 54 ille
893 1210 128 54 summe
979 1210 143 54 viuit.
1079 1210 128 54 Aliae
1164 1210 185 54 inquantum
1307 1210 128 54 sunt:
1392 1210 114 54 quia
1464 1210 114 54 ille
1521 1210 71 54 sum

172 1260 92 45 me
218 1260 122 45 est.
294 1260 107 45 sed
355 1260 153 45 exigue
462 1260 122 45 sunt
538 1260 92 45 ad
584 1260 260 45 similitudinem
798 1260 137 45 eius.
890 1260 92 45 De
935 1260 122 45 tali
1012 1260 137 45 autem
1103 1260 244 45 similitudine
1302 1260 107 45 non
1363 1260 107 45 est
1424 1260 107 45 hic
1470 1260 122 45 sermo:

164 1296 97 54 sed
219 1296 180 54 solummodo
358 1296 83 54 de
399 1296 111 54 illa
468 1296 111 54 quae
538 1296 97 54 est
593 1296 166 54 secundum
718 1296 152 54 naturae
828 1296 249 54 similitudinem:
1036 1296 111 54 quam
1105 1296 194 54 necessario
1257 1296 166 54 sequitur
1382 1296 194 54 aequalitas
1520 1296 69 54 sub

162 1338 215 53 stantialis:
334 1338 72 53 &
362 1338 215 53 circuneunt.
534 1338 86 53 x.
577 1338 258 53 praedicamenta:
792 1338 72 53 &
821 1338 201 53 diuiduntur
979 1338 172 53 secundum
1108 1338 201 53 diuisionem
1265 1338 215 53 singulorum.
1437 1338 86 53 x.
1466 1338 129 53 generum

167 1369 298 83 praedicamentorum
420 1369 89 83 in
465 1369 208 83 subalterna
628 1369 149 83 genera
732 1369 74 83 &
762 1369 164 83 species
881 1369 134 83 vsque
971 1369 89 83 ad
1015 1369 208 83 indiuidua.
1179 1369 104 83 Vbi
1238 1369 104 83 est
1298 1369 238 83 aduertendum,
1491 1369 119 83 quod
1566 1369 104 83 di-

169 1432 206 55 uersimode
328 1432 143 55 super
423 1432 127 55 idem
502 1432 95 55 re
550 1432 190 55 fundatur
692 1432 174 55 relatio
819 1432 254 55 identitatis,
1025 1432 270 55 aequalitatis,
1247 1432 79 55 &
1279 1432 285 55 similitudinis.
1501 1432 95 55 Homo

176 1472 114 54 enim
247 1472 157 54 homini,
362 1472 114 54 puta
433 1472 143 54 Sertes
533 1472 157 54 Platoni
648 1472 272 54 substantialiter
877 1472 114 54 idem
948 1472 100 54 est
1005 1472 143 54 vnione
1106 1472 86 54 in
1149 1472 114 54 tota
1220 1472 157 54 specie.
1334 1472 157 54 Similis
1449 1472 129 54 autem
1520 1472 72 54 est

178 1513 85 59 in
220 1513 213 59 differentia
391 1513 185 59 specifica
533 1513 227 59 constitutiua
717 1513 170 59 speciei.
845 1513 170 59 Aequalis
973 1513 128 59 autem
1058 1513 85 59 ex
1101 1513 142 59 vnione
1200 1513 85 59 in
1243 1513 199 59 quantitate
1385 1513 213 59 perfectionali

166 1556 160 64 paritate
286 1556 147 64 gradus.
393 1556 120 64 Sicut
473 1556 107 64 ergo
540 1556 107 64 vnum
606 1556 134 64 duplex
700 1556 94 64 est
753 1556 160 64 scilicet
874 1556 94 64 vel
927 1556 134 64 dictum
1021 1556 80 64 ab
1061 1556 160 64 vnitate:
1181 1556 107 64 quod
1248 1556 160 64 importat
1368 1556 214 64 indiuisionem
1528 1556 67 64 vni

164 1604 146 53 tatis:
267 1604 102 53 vel
325 1604 146 53 dictum
427 1604 88 53 ab
471 1604 161 53 vnione,
588 1604 117 53 quod
661 1604 175 53 importat
792 1604 234 53 indiuisionem
982 1604 146 53 vnius:
1084 1604 73 53 &
1113 1604 175 53 secundum
1245 1604 102 53 hoc
1303 1604 175 53 diuersae
1420 1604 175 53 relationes

169 1650 180 50 communes
304 1650 195 50 causantur
454 1650 90 50 ab
499 1650 120 50 vno,
574 1650 90 50 vt
619 1650 105 50 iam
679 1650 165 50 habitum
799 1650 105 50 est
859 1650 150 50 supra:
965 1650 105 50 sic
1025 1650 150 50 multum
1130 1650 165 50 econtra
1250 1650 150 50 duplex
1355 1650 120 50 est:
1430 1650 105 50 vel
1475 1650 120 50 impor-

170 1701 116 45 tans
243 1701 204 45 diuisionem
403 1701 204 45 contrariam
563 1701 218 45 indiuisioni
738 1701 189 45 vnitatis:
883 1701 102 45 vel
941 1701 204 45 contrariam
1101 1701 218 45 indiuisioni
1276 1701 175 45 vnionis.
1407 1701 87 45 Et
1451 1701 102 45 hoc
1494 1701 102 45 solum

181 1733 110 51 modo
250 1733 83 51 in
291 1733 193 51 creaturis.
443 1733 179 51 Nequaquam
580 1733 110 51 enim
649 1733 83 51 in
690 1733 151 51 diuinis
800 1733 179 51 inuenitur
938 1733 151 51 multum:
1048 1733 96 51 sed
1103 1733 110 51 vnum
1172 1733 151 51 tantum.
1282 1733 83 51 Et
1323 1733 138 51 multum
1419 1733 151 51 vtroque
1529 1733 96 51 mo-

176 1782 89 54 do
221 1782 104 54 non
280 1782 104 54 est
340 1782 149 54 multum
443 1782 119 54 nisi
518 1782 119 54 quia
592 1782 104 54 est
651 1782 223 54 contentiuum
830 1782 104 54 per
889 1782 134 54 solam
978 1782 252 54 aggregationem
1186 1782 163 54 plurium
1305 1782 149 54 vnorum
1409 1782 178 54 dictorum
1543 1782 89 54 ab

169 1825 185 55 vnitate,
307 1825 108 55 vel
369 1825 170 55 plurium
493 1825 154 55 vnorum
601 1825 185 55 dictorum
740 1825 93 55 ab
786 1825 170 55 vnione.
909 1825 108 55 Non
971 1825 123 55 enim
1048 1825 108 55 est
1110 1825 154 55 multum
1218 1825 123 55 nisi
1295 1825 201 55 contineat
1450 1825 139 55 plura
1527 1825 77 55 vna

180 1864 126 54 dicta
264 1864 84 54 ab
306 1864 168 54 vnitate:
432 1864 84 54 ad
474 1864 112 54 quid
545 1864 168 54 sequitur
671 1864 182 54 diuersum,
811 1864 98 54 vel
867 1864 126 54 plura
951 1864 98 54 vna
1007 1864 84 54 ab
1049 1864 140 54 vnione
1147 1864 140 54 dicta:
1246 1864 84 54 ad
1288 1864 112 54 quid
1358 1864 168 54 sequitur
1470 1864 126 54 inaequa

171 1908 86 55 le
214 1908 71 55 &
242 1908 200 55 dissimile.
399 1908 214 55 Indiuisioni
571 1908 114 55 enim
642 1908 172 55 vnitatis
771 1908 86 55 in
814 1908 186 55 creaturis
957 1908 114 55 quae
1028 1908 100 55 est
1085 1908 229 55 communitatis
1271 1908 86 55 ad
1314 1908 114 55 quam
1386 1908 172 55 secundum
1500 1908 100 55 prae-

175 1957 134 57 dicta
264 1957 179 57 sequitur
398 1957 119 57 idem
473 1957 149 57 specie
577 1957 104 57 vel
637 1957 164 57 genere:
756 1957 193 57 opponitur
904 1957 164 57 diuisio
1024 1957 134 57 multi
1113 1957 89 57 ad
1157 1957 119 57 quam
1232 1957 179 57 sequitur
1366 1957 179 57 diuersum
1485 1957 119 57 specie

168 1995 73 59 &
197 1995 160 59 genere.
313 1995 218 59 Indiuisioni
487 1995 131 59 autem
574 1995 174 59 vnitatis
704 1995 87 59 in
748 1995 189 59 creaturis
893 1995 116 59 quae
965 1995 102 59 est
1023 1995 276 59 singularitatis:
1255 1995 87 59 ad
1299 1995 116 59 quam
1371 1995 174 59 sequitur
1487 1995 116 59 identi

165 2049 98 51 tas
221 2049 126 51 inter
305 2049 140 51 partem
403 2049 70 51 &
431 2049 140 51 totum,
529 2049 126 51 prout
613 2049 98 51 est
669 2049 196 51 contentiua
823 2049 140 51 illius
921 2049 154 51 partis,
1033 2049 182 51 opponitur
1173 2049 154 51 diuisio
1285 2049 140 51 multi:
1383 2049 84 51 ad
1425 2049 112 51 quam
1481 2049 112 51 seque-

177 2086 97 53 tur
232 2086 166 53 diuersum
357 2086 124 53 inter
439 2086 124 53 totum
522 2086 69 53 &
550 2086 138 53 eandem
646 2086 152 53 partem:
757 2086 124 53 prout
839 2086 97 53 est
894 2086 193 53 contentiua
1046 2086 166 53 alterius
1170 2086 152 53 partis.
1281 2086 124 53 Totum
1364 2086 97 53 eni
1419 2086 166 53 secundum
1529 2086 69 53 hoc

168 2126 98 56 est
224 2126 112 56 vnum
294 2126 70 56 &
322 2126 112 56 idem
392 2126 98 56 cum
448 2126 168 56 qualibet
574 2126 168 56 partium.
700 2126 112 56 Alio
770 2126 126 56 autem
854 2126 112 56 modo
923 2126 140 56 multum
1021 2126 70 56 &
1049 2126 168 56 diuersum
1175 2126 70 56 a
1203 2126 182 56 qualibet:
1343 2126 168 56 secundum
1469 2126 112 56 quod
1525 2126 84 56 haec

171 2171 144 63 patent
272 2171 87 63 ex
315 2171 202 63 praedictis
473 2171 115 63 iam.
545 2171 187 63 Similiter
690 2171 216 63 indiuisioni
863 2171 173 63 vnitatis
992 2171 115 63 quae
1065 2171 101 63 est
1122 2171 274 63 singularitatis,
1353 2171 87 63 ad
1396 2171 115 63 quam
1454 2171 144 63 sequitur

171 2215 201 66 identitas
325 2215 139 66 vnius
418 2215 93 66 ad
464 2215 186 66 seipsum:
603 2215 201 66 opponitur
758 2215 216 66 diuersitas
928 2215 139 66 inter
1021 2215 139 66 plura
1114 2215 170 66 numero.
1237 2215 232 66 Indiuisioni
1423 2215 139 66 autem
1500 2215 93 66 vnio

178 2258 112 58 nis
242 2258 128 58 siue
322 2258 207 58 vnitionis
481 2258 223 58 conformium
656 2258 96 58 in
704 2258 112 58 vno
768 2258 239 58 communitate
959 2258 96 58 ad
1007 2258 128 58 quam
1087 2258 191 58 sequitur
1230 2258 96 58 in
1278 2258 207 58 creaturis
1438 2258 175 58 aequale
1549 2258 48 58 &

179 2302 147 62 simile
282 2302 118 62 siue
356 2302 235 62 substantiale
547 2302 118 62 siue
620 2302 235 62 accidentale,
811 2302 191 62 opponitur
958 2302 162 62 diuisio
1076 2302 88 62 in
1120 2302 132 62 multo
1208 2302 88 62 ad
1252 2302 118 62 quam
1326 2302 176 62 sequitur
1443 2302 162 62 inaequale

174 2347 69 58 &
202 2347 194 58 dissimile.
354 2347 166 58 Secundum
478 2347 111 58 quod
547 2347 111 58 haec
617 2347 83 58 in
658 2347 124 58 parte
741 2347 138 58 patent
838 2347 83 58 ex
879 2347 207 58 praedictis,
1045 2347 69 58 &
1073 2347 97 58 iam
1128 2347 152 58 amplius
1239 2347 166 58 patebunt
1363 2347 83 58 in
1404 2347 180 58 dicendis.
1529 2347 69 58 Sic

176 2397 130 53 ergo
257 2397 243 53 concedendum
451 2397 114 53 est
516 2397 130 53 quod
597 2397 130 53 vnum
679 2397 81 53 &
711 2397 162 53 multum
825 2397 146 53 circa
922 2397 195 53 contenta
1068 2397 114 53 sub
1133 2397 146 53 forma
1230 2397 146 53 vnius
1327 2397 81 53 &
1360 2397 146 53 multi
1441 2397 162 53 materia-

173 2432 129 77 liter
259 2432 101 77 vel
316 2432 144 77 quasi:
417 2432 115 77 sunt
489 2432 187 77 principia
633 2432 187 77 causatiua
776 2432 201 77 relationum
934 2432 201 77 communium.
1093 2432 86 77 Et
1136 2432 172 77 secundum
1265 2432 101 77 hoc
1323 2432 201 77 concedenda
1481 2432 101 77 est
1524 2432 86 77 vlti

166 2487 100 59 ma
216 2487 150 59 ratio
316 2487 100 59 ad
366 2487 117 59 hoc
416 2487 167 59 adducta.

207 2529 107 57 Ad
260 2529 178 57 primum
385 2529 107 57 in
439 2529 250 57 oppositum,
635 2529 143 57 quod
724 2529 107 57 ab
777 2529 125 57 vno
848 2529 232 57 inquantum
1027 2529 143 57 vnum
1116 2529 125 57 non
1187 2529 214 57 procedit
1347 2529 143 57 nisi
1437 2529 143 57 vnum
1508 2529 89 57 &c.

179 2575 112 68 Dico
249 2575 168 68 secundum
375 2575 98 68 iam
431 2575 126 68 dicta
515 2575 112 68 quod
586 2575 84 68 in
628 2575 98 68 vno
684 2575 70 68 &
712 2575 126 68 multo
796 2575 98 68 est
852 2575 210 68 considerare
1020 2575 140 68 formam
1118 2575 168 68 vnitatis
1245 2575 112 68 quae
1315 2575 168 68 perfecte
1441 2575 98 68 est
1497 2575 84 68 in
1525 2575 70 68 vno

174 2617 74 81 &
204 2617 178 81 diminute
337 2617 89 81 in
382 2617 148 81 multo:
485 2617 74 81 &
515 2617 104 81 rem
574 2617 133 81 quasi
663 2617 237 81 materialiter
855 2617 193 81 subiectam
1004 2617 148 81 formae
1107 2617 133 81 huic:
1196 2617 133 81 circa
1285 2617 118 81 quam
1359 2617 104 81 (vt
1418 2617 148 81 dictum
1507 2617 89 81 est)
