2017 3206
424 248 125 81 vnum
503 248 78 81 &
534 248 156 81 multum
643 248 125 81 sunt
721 248 203 81 principia
878 248 203 81 causatiua
1034 248 219 81 relationum
1206 248 219 81 conmunium.
1378 248 141 81 Primo
1472 248 141 81 autem
1566 248 125 81 modo
1644 248 109 81 non
1707 248 109 81 est
1769 248 94 81 in
1801 248 109 81 illis

432 315 121 60 nisi
507 315 136 60 vnum.
598 315 166 60 Secundo
718 315 136 60 autem
809 315 121 60 modo
884 315 106 60 sub
944 315 121 60 illo
1020 315 106 60 vno
1080 315 181 60 secundum
1216 315 151 60 formam
1321 315 256 60 considerantur
1532 315 136 60 plura
1623 315 181 60 secundum
1743 315 166 60 materiam.

437 359 129 53 Vnum
517 359 129 53 enim
598 359 161 53 dictum
711 359 97 53 ab
759 359 177 53 vnitate
888 359 290 53 singularitatis
1129 359 97 53 in
1178 359 225 53 substantia
1355 359 290 53 consideratione
1596 359 193 53 rationis
1725 359 177 53 deriuatur

428 399 190 57 secundum
571 399 158 57 eandem
682 399 158 57 formam
793 399 79 57 &
824 399 111 57 sub
888 399 143 57 eadem
983 399 143 57 forma
1078 399 143 57 vnius
1173 399 95 57 in
1221 399 238 57 substantiam
1411 399 143 57 aliam
1506 399 79 57 &
1538 399 143 57 aliam
1633 399 174 57 ratione
1759 399 127 57 etsi
1823 399 79 57 non

426 446 85 54 re
468 446 99 54 tam
525 446 85 54 in
568 446 156 54 diuinis
681 446 114 54 quam
752 446 85 54 in
795 446 199 54 creaturis.
951 446 85 54 Et
994 446 170 54 secundum
1121 446 99 54 hoc
1178 446 170 54 sequitur
1306 446 85 54 ad
1348 446 114 54 tale
1419 446 114 54 vnum
1490 446 85 54 in
1533 446 199 54 substantia
1689 446 156 54 relatio
1788 446 114 54 commu-

423 488 102 60 nis
482 488 218 60 identitatis
656 488 218 60 simpliciter
830 488 73 60 &
859 488 174 60 secundum
990 488 174 60 rationem
1121 488 174 60 existens
1251 488 174 60 relatio.
1382 488 87 60 Et
1426 488 189 60 similiter
1571 488 87 60 in
1615 488 160 60 diuinis
1731 488 116 60 vnum
1789 488 116 60 dictum

425 533 94 58 ab
472 533 172 58 vnitate
598 533 282 58 singularitatis
833 533 94 58 in
880 533 219 58 quantitate
1052 533 78 58 &
1084 533 219 58 qualitate.
1256 533 188 58 secundum
1397 533 157 58 eandem
1507 533 157 58 formam
1617 533 78 58 &
1648 533 110 58 sub
1711 533 141 58 eadem
1789 533 110 58 forma

427 583 132 60 vnius
516 583 191 60 deriuatur
663 583 265 60 consideratione
884 583 177 60 rationis
1016 583 88 60 in
1060 583 221 60 quantitatem
1237 583 132 60 aliam
1325 583 74 60 &
1354 583 132 60 aliam
1443 583 177 60 secundum
1575 583 191 60 rationem:
1722 583 74 60 &
1752 583 177 60 secundum

429 624 104 63 hoc
489 624 178 63 sequitur
622 624 89 63 ad
667 624 119 63 tale
741 624 119 63 vnum
815 624 163 63 relatio
934 624 178 63 communis
1068 624 238 63 aequalitatis
1261 624 74 63 &
1290 624 252 63 similitudinis
1498 624 178 63 existens
1632 624 178 63 secundum
1751 624 148 63 rationem

432 668 139 65 inter
524 668 170 65 diuinas
648 668 201 65 personas,
803 668 139 65 prout
896 668 186 65 inferius
1035 668 263 65 declarabitur.
1252 668 124 65 Vnum
1329 668 139 65 autem
1422 668 155 65 dictum
1531 668 93 65 ab
1577 668 170 65 vnitate
1685 668 217 65 communitatis

429 712 173 62 secundum
559 712 144 62 eandem
660 712 144 62 formam
761 712 72 62 &
790 712 101 62 sub
847 712 130 62 eadem
934 712 130 62 forma
1021 712 130 62 vnius
1107 712 188 62 deriuatur
1252 712 101 62 per
1310 712 130 62 agens
1396 712 101 62 aut
1454 712 188 62 producens
1599 712 87 62 in
1642 712 217 62 substantiam
1801 712 101 62 aliam

430 757 73 56 &
460 757 131 56 aliam
547 757 87 56 re
590 757 87 56 in
634 757 204 56 creaturis,
794 757 87 56 vt
838 757 160 56 species
954 757 87 56 in
998 757 204 56 indiuidua.
1157 757 73 56 &
1187 757 174 56 secundum
1317 757 102 56 hoc
1376 757 174 56 sequitur
1506 757 87 56 ad
1550 757 116 56 tale
1623 757 116 56 vnum
1695 757 87 56 in
1725 757 174 56 substantia

426 808 164 61 relatio
546 808 179 61 communis
680 808 224 61 identitatis
859 808 149 61 specie
964 808 105 61 aut
1024 808 149 61 genere
1128 808 179 61 secundum
1263 808 105 61 rem
1322 808 179 61 existens
1457 808 179 61 relatio.
1591 808 90 61 In
1636 808 120 61 vnum
1711 808 134 61 autem
1785 808 120 61 dictum

424 848 94 61 ab
471 848 172 61 vnitate
596 848 172 61 vnionis
721 848 125 61 siue
799 848 203 61 vnitionis
955 848 187 61 vniuntur
1096 848 187 61 secundum
1236 848 156 61 eandem
1346 848 156 61 formam
1455 848 78 61 &
1486 848 109 61 sub
1549 848 141 61 eadem
1643 848 141 61 forma
1736 848 141 61 vnius
1814 848 94 61 con-

423 892 148 62 formia
527 892 178 62 secundum
660 892 222 62 quantitatem
838 892 74 62 &
868 892 207 62 qualitatem
1031 892 104 62 tam
1090 892 252 62 substantialem
1297 892 119 62 quam
1372 892 237 62 accidentalem
1564 892 89 62 in
1609 892 207 62 creaturis,
1757 892 148 62 differem

429 946 98 44 tia
485 946 126 44 tamen
569 946 98 44 re.
626 946 84 44 Et
668 946 168 44 secundum
794 946 98 44 hoc
850 946 168 44 sequitur
976 946 84 44 ad
1019 946 112 44 tale
1089 946 112 44 vnum
1159 946 197 44 aequalitas
1313 946 70 44 &
1341 946 197 44 similitudo
1496 946 239 44 substantialis
1692 946 70 44 &
1706 946 197 44 accidentalis

427 982 113 66 quae
498 982 113 66 sunt
568 982 198 66 relationes
724 982 170 66 secundum
851 982 113 66 rem.
950 982 198 66 Applicando
1106 982 113 66 ergo
1177 982 85 66 ad
1219 982 99 66 hoc
1276 982 212 66 propositum:
1445 982 113 66 dico
1516 982 113 66 quod
1587 982 85 66 ad
1629 982 113 66 vnum
1700 982 127 66 sequi
1785 982 156 66 aliquid

425 1036 127 47 puta
505 1036 223 47 relationem
680 1036 207 47 communem,
839 1036 159 47 potest
951 1036 207 47 intelligi
1110 1036 239 47 dupliciter.
1301 1036 111 47 Vno
1365 1036 127 47 modo
1444 1036 143 47 semel
1540 1036 175 47 accepto
1667 1036 111 47 vno
1731 1036 80 47 &
1747 1036 159 47 formali-

429 1080 112 59 ter.
499 1080 112 59 Alio
570 1080 112 59 modo
640 1080 112 59 ipso
710 1080 98 59 vno
766 1080 155 59 accepto
879 1080 155 59 pluries
991 1080 70 59 &
1019 1080 211 59 plurificato
1188 1080 127 59 quasi
1272 1080 239 59 materialiter:
1469 1080 98 59 aut
1525 1080 169 59 secundum
1652 1080 112 59 rem,
1722 1080 98 59 aut
1764 1080 141 59 secundum

427 1121 212 64 rationem.
590 1121 147 64 Primo
688 1121 131 64 modo
770 1121 180 64 accepto
900 1121 114 64 vno
965 1121 98 64 ad
1014 1121 147 64 ipsum
1112 1121 114 64 non
1178 1121 196 64 sequitur
1325 1121 131 64 vlla
1406 1121 180 64 relatio
1537 1121 212 64 communis,
1700 1121 98 64 vt
1733 1121 163 64 procedit

413 1172 227 58 argumentum
591 1172 81 58 &
623 1172 146 58 bene.
720 1172 129 58 Ipso
801 1172 146 58 autem
898 1172 113 58 vno
963 1172 178 58 accepto
1093 1172 178 58 secundo
1222 1172 146 58 modo.
1319 1172 194 58 secundum
1465 1172 129 58 quem
1546 1172 113 58 non
1611 1172 194 58 procedit
1740 1172 162 58 argumen-

424 1207 126 59 tum:
503 1207 94 59 ad
550 1207 141 59 ipsum
644 1207 204 59 sequuntur
802 1207 141 59 omnes
896 1207 220 59 relationes
1069 1207 189 59 communes
1210 1207 267 59 aequalitatis,
1430 1207 252 59 identitatis,
1635 1207 79 59 &
1650 1207 252 59 similitudinis.

422 1256 130 65 modo
503 1256 114 65 iam
568 1256 162 65 dicto.
714 1256 97 65 Ad
763 1256 195 65 secundum
909 1256 81 65 &
942 1256 179 65 tertium
1072 1256 195 65 obiectum
1218 1256 97 65 ex
1266 1256 146 65 parte
1364 1256 162 65 multi:
1478 1256 130 65 Dico
1559 1256 130 65 quod
1640 1256 162 65 multum
1754 1256 81 65 &
1786 1256 146 65 illud

419 1306 95 48 ad
467 1306 127 48 quod
546 1306 190 48 sequitur
689 1306 190 48 diuersum
831 1306 95 48 in
879 1306 222 48 substantia
1053 1306 190 48 secundum
1196 1306 158 48 eandem
1307 1306 158 48 formam
1418 1306 79 48 &
1449 1306 111 48 sub
1513 1306 143 48 eadem
1608 1306 174 48 ratione
1735 1306 143 48 multi
1814 1306 79 48 con

432 1341 137 53 tinet
523 1341 229 53 substantiam
706 1341 137 53 aliam
798 1341 76 53 &
828 1341 137 53 aliam
920 1341 183 53 secundum
1057 1341 122 53 rem.
1133 1341 122 53 Puta
1210 1341 183 53 diuersum
1347 1341 122 53 quod
1423 1341 107 53 est
1484 1341 214 53 contrarium
1652 1341 214 53 identitati
1804 1341 92 53 cau-

425 1387 136 64 satae
516 1387 91 64 ab
561 1387 106 64 vno
621 1387 91 64 in
667 1387 211 64 substantia
833 1387 136 64 dicto
923 1387 91 64 ab
969 1387 166 64 vnitate
1089 1387 91 64 in
1135 1387 121 64 alia
1210 1387 287 64 singularitatis,
1452 1387 106 64 est
1512 1387 136 64 inter
1603 1387 136 64 eadem
1694 1387 196 64 indiuidua
1829 1387 76 64 sub

420 1434 140 56 eadem
514 1434 156 56 specie
623 1434 265 56 specialissima
841 1434 93 56 vt
887 1434 125 56 sunt
965 1434 202 56 aggregata
1121 1434 109 56 sub
1183 1434 140 56 forma
1276 1434 187 56 speciei:
1417 1434 109 56 non
1479 1434 93 56 vt
1525 1434 140 56 vnita
1619 1434 93 56 in
1666 1434 140 56 illa.
1743 1434 156 56 Diuersum

427 1484 124 46 vero
505 1484 217 46 contrarium
676 1484 217 46 identitati
847 1484 186 46 causatae
987 1484 93 46 ab
1033 1484 109 46 vno
1095 1484 140 46 dicto
1189 1484 93 46 ab
1235 1484 171 46 vnitate
1359 1484 249 46 communitatis
1561 1484 93 46 in
1608 1484 140 46 forma
1701 1484 186 46 speciei,
1825 1484 78 46 est

425 1525 136 54 inter
515 1525 181 54 diuersas
651 1525 166 54 species
772 1525 90 54 vt
817 1525 121 54 sunt
892 1525 211 54 aggregatae
1058 1525 106 54 sub
1118 1525 136 54 forma
1209 1525 181 54 generis:
1344 1525 106 54 non
1405 1525 90 54 vt
1450 1525 121 54 sunt
1525 1525 151 54 vnitae
1631 1525 90 54 in
1676 1525 226 54 substantia.
1842 1525 60 54 Di

425 1575 156 43 uersum
534 1575 125 43 vero
612 1575 218 43 contrarium
784 1575 218 43 identitati
955 1575 187 43 causatae
1095 1575 93 43 ab
1142 1575 109 43 vno
1204 1575 140 43 dicto
1298 1575 93 43 ab
1344 1575 171 43 vnitate
1469 1575 249 43 communitatis
1671 1575 93 43 in
1718 1575 140 43 forma
1796 1575 109 43 gene-

425 1618 128 63 ris,
505 1618 112 63 est
569 1618 144 63 inter
665 1618 176 63 diuersa
794 1618 289 63 praedicamenta:
1034 1618 80 63 &
1066 1618 224 63 quaecunque
1243 1618 112 63 non
1307 1618 128 63 sunt
1387 1618 112 63 sub
1451 1618 144 63 eodem
1547 1618 160 63 genere
1643 1618 257 63 praedicamenti:

428 1662 198 61 cuiusmodi
580 1662 122 61 sunt
656 1662 228 61 substantia,
838 1662 213 61 quantitas:
1006 1662 122 61 deus
1082 1662 76 61 &
1112 1662 198 61 creatura.
1264 1662 91 61 Et
1310 1662 106 61 hoc
1371 1662 91 61 vt
1416 1662 122 61 sunt
1492 1662 198 61 aggregata
1644 1662 91 61 in
1690 1662 122 61 vnum
1751 1662 152 61 collatio

425 1710 95 44 ne
473 1710 252 44 intellectus.
677 1710 126 44 ldem
756 1710 126 44 enim
835 1710 79 44 &
866 1710 189 44 diuersum
1008 1710 95 44 vt
1055 1710 236 44 generaliter
1244 1710 236 44 accipiuntur
1433 1710 221 44 circuneunt
1607 1710 142 44 omnia
1701 1710 158 44 entia:
1811 1710 79 44 &
1827 1710 79 44 ac-

429 1749 139 68 cidit
521 1749 185 68 diuersis
660 1749 200 68 inquantum
814 1749 170 68 diuersa
937 1749 123 68 sunt
1014 1749 123 68 quod
1091 1749 92 68 in
1138 1749 154 68 aliquo
1246 1749 108 68 vno
1307 1749 185 68 secundum
1446 1749 139 68 genus
1538 1749 108 68 aut
1600 1749 170 68 speciem
1708 1749 185 68 conueniunt

416 1799 123 51 quod
492 1799 138 51 tamen
585 1799 215 51 requiritur
754 1799 92 51 in
800 1799 277 51 differentibus.
1030 1799 169 51 dicente
1153 1799 231 51 philosopho.
1338 1799 92 51 x.
1384 1799 261 51 Metaphysicae.
1599 1799 123 51 Omne
1676 1799 108 51 ens
1737 1799 108 51 aut
1783 1799 108 51 diuer

431 1843 93 50 sum
484 1843 93 50 aut
537 1843 119 50 idem:
616 1843 106 50 quod
683 1843 119 50 autem
762 1843 146 50 differt
868 1843 80 50 ab
908 1843 146 50 aliquo,
1014 1843 93 50 per
1067 1843 146 50 aliquid
1173 1843 159 50 differt:
1292 1843 106 50 ergo
1359 1843 146 50 necesse
1465 1843 93 50 est
1518 1843 80 50 vt
1557 1843 146 50 aliquid
1663 1843 93 50 sit
1716 1843 93 50 per
1769 1843 106 50 quid
1836 1843 93 50 non

418 1883 219 68 differant.
591 1883 78 68 &
622 1883 172 68 supple.
747 1883 110 68 Hoc
810 1883 141 68 autem
904 1883 110 68 non
967 1883 204 68 requirunt
1123 1883 188 68 diuersa.
1264 1883 125 68 Vnde
1343 1883 251 68 Commentator.
1546 1883 94 68 i.
1593 1883 188 68 Diuersum
1734 1883 125 68 quod
1813 1883 110 68 ope

425 1933 171 51 ponitur
550 1933 125 51 idem
628 1933 109 51 non
690 1933 109 51 est
753 1933 187 51 diuersum
893 1933 156 51 aliquo
1002 1933 93 51 vt
1049 1933 203 51 differens
1204 1933 125 51 quod
1282 1933 109 51 est
1345 1933 203 51 differens
1500 1933 78 51 &
1532 1933 234 51 conveniens.
1719 1933 140 51 Omnia
1797 1933 93 51 enim

432 1974 108 70 duo
493 1974 138 70 entia
585 1974 108 70 aut
647 1974 123 70 sunt
723 1974 169 70 diuersa
846 1974 108 70 aut
908 1974 138 70 idem.
1000 1974 92 70 Et
1046 1974 108 70 sic
1107 1974 108 70 duo
1169 1974 200 70 indiuidua
1322 1974 215 70 existentia
1491 1974 108 70 sub
1553 1974 138 70 eadem
1645 1974 154 70 specie
1737 1974 169 70 specialis

418 2016 128 60 sima
498 2016 128 60 quae
578 2016 144 60 eadem
675 2016 128 60 sunt
755 2016 160 60 specie
867 2016 96 60 vt
915 2016 144 60 vnita
1012 2016 96 60 in
1060 2016 128 60 illa
1140 2016 112 60 sub
1204 2016 144 60 forma
1300 2016 160 60 vnius,
1413 2016 176 60 diuersa
1541 2016 128 60 sunt
1621 2016 160 60 numero
1734 2016 96 60 vt
1766 2016 128 60 congre

426 2063 122 60 gata
502 2063 122 60 sunt
578 2063 107 60 sub
639 2063 122 60 illa
716 2063 107 60 sub
777 2063 137 60 forma
868 2063 153 60 multi.
975 2063 244 60 Consimiliter
1173 2063 122 60 duae
1249 2063 168 60 species
1371 2063 214 60 existentes
1539 2063 107 60 sub
1600 2063 137 60 eodem
1692 2063 153 60 genere
1798 2063 122 60 quae

421 2116 150 41 eaedem
526 2116 120 41 sunt
601 2116 150 41 genere
705 2116 90 41 vt
750 2116 150 41 vnitae
855 2116 120 41 sunt
930 2116 90 41 in
975 2116 120 41 illo
1050 2116 105 41 sub
1110 2116 135 41 forma
1199 2116 150 41 vnius,
1304 2116 180 41 diuersae
1439 2116 120 41 sunt
1514 2116 150 41 specie
1619 2116 90 41 vt
1663 2116 210 41 aggregatae
1813 2116 90 41 sunt

422 2152 109 62 sub
485 2152 124 62 illa
562 2152 109 62 sub
625 2152 140 62 forma
718 2152 156 62 multi.
827 2152 93 62 Et
873 2152 109 62 duo
936 2152 233 62 differentia
1122 2152 171 62 genere,
1247 2152 124 62 puta
1325 2152 202 62 quantitas
1480 2152 78 62 &
1511 2152 202 62 qualitas,
1667 2152 109 62 aut
1713 2152 187 62 vniuersali

419 2205 112 55 ter
483 2205 112 55 non
547 2205 224 55 existentia
722 2205 112 55 sub
786 2205 144 55 eodem
882 2205 176 55 genere:
1010 2205 128 55 puta
1090 2205 128 55 deus
1169 2205 80 55 &
1201 2205 208 55 creatura:
1361 2205 128 55 quia
1441 2205 112 55 sub
1505 2205 144 55 nulla
1601 2205 144 55 forma
1696 2205 144 55 vnius
1776 2205 112 55 vnium

421 2247 129 51 tur:
502 2247 146 51 nullo
599 2247 129 51 modo
680 2247 129 51 sunt
761 2247 162 51 eadem:
874 2247 129 51 quia
955 2247 146 51 tamen
1052 2247 129 51 sunt
1133 2247 210 51 aggregata
1294 2247 146 51 inter
1391 2247 97 51 se
1440 2247 113 51 sub
1505 2247 146 51 forma
1602 2247 162 51 multi,
1715 2247 129 51 sunt
1780 2247 113 51 diuer

430 2289 110 65 sa.
493 2289 157 65 Multum
603 2289 141 65 autem
697 2289 94 65 ad
744 2289 126 65 quid
823 2289 188 65 sequitur
964 2289 204 65 inaequale
1121 2289 94 65 in
1168 2289 235 65 quantitate.
1356 2289 188 65 secundum
1498 2289 157 65 eandem
1607 2289 78 65 &
1639 2289 110 65 sub
1702 2289 141 65 eadem
1780 2289 110 65 forma

426 2344 142 56 multi
521 2344 189 56 continet
663 2344 237 56 quantitatem
852 2344 142 56 aliam
947 2344 79 56 &
978 2344 158 56 aliam.
1089 2344 126 56 Puta
1168 2344 205 56 inaequale
1325 2344 221 56 contrarium
1499 2344 237 56 aequalitati
1688 2344 189 56 causatae
1830 2344 95 56 ab

421 2380 110 65 vno
484 2380 95 65 in
532 2380 221 65 quantitate
705 2380 110 65 est
768 2380 142 65 inter
863 2380 189 65 habentia
1004 2380 142 65 inter
1099 2380 95 65 se
1146 2380 189 65 diuersas
1288 2380 236 65 quantitates
1477 2380 95 65 vt
1525 2380 126 65 sunt
1603 2380 236 65 aggregatae:
1792 2380 79 65 &
1808 2380 79 65 hoc

424 2423 109 56 sub
487 2423 140 56 eadem
580 2423 156 56 specie
689 2423 234 56 quantitatis
876 2423 156 56 molis.
985 2423 171 56 Aequale
1110 2423 125 56 enim
1188 2423 78 56 &
1219 2423 203 56 inaequale
1375 2423 109 56 non
1437 2423 125 56 sunt
1515 2423 125 56 nisi
1593 2423 187 56 secundum
1718 2423 171 56 quantita-

423 2476 103 52 tes
482 2476 176 52 diuersas
614 2476 103 52 sub
673 2476 132 52 eadem
761 2476 147 52 specie
864 2476 264 52 specialissima,
1084 2476 117 52 puta
1157 2476 132 52 linea
1245 2476 103 52 est
1304 2476 176 52 aequalis
1436 2476 103 52 aut
1495 2476 205 52 inaequalis
1656 2476 161 52 lineae:
1774 2476 103 52 non
1832 2476 88 52 au

425 2512 104 76 tem
485 2512 223 76 superficiei
663 2512 104 76 aut
722 2512 178 76 corpori:
856 2512 134 76 neque
945 2512 149 76 alteri
1049 2512 223 76 quantitati:
1227 2512 74 76 &
1257 2512 193 76 quaelibet
1406 2512 134 76 plura
1495 2512 104 76 tam
1554 2512 104 76 sub
1614 2512 134 76 eodem
1703 2512 149 76 genere
1807 2512 119 76 quam

426 2554 106 58 sub
487 2554 182 58 diuersis
623 2554 197 58 generibus
775 2554 213 58 inaequalia
942 2554 137 58 sunt:
1033 2554 182 58 loquendo
1170 2554 91 58 de
1216 2554 213 58 quantitate
1383 2554 243 58 substantiali
1580 2554 258 58 perfectionis.
1778 2554 122 58 Omnia.

427 2607 128 65 enim
507 2607 144 65 entia
603 2607 160 65 creata
714 2607 224 65 inaequalia
890 2607 128 65 sunt
970 2607 144 65 inter
1066 2607 112 65 se:
1130 2607 128 65 siue
1209 2607 128 65 sunt
1289 2607 176 65 eiusdem
1417 2607 176 65 generis
1545 2607 128 65 siue
1625 2607 224 65 diuersorum
1784 2607 112 65 gene-

418 2655 128 66 rum:
498 2655 80 66 &
530 2655 128 66 sunt
610 2655 160 66 multum
722 2655 288 66 congregatione:
962 2655 80 66 &
994 2655 112 66 sub
1058 2655 128 66 sola
1138 2655 160 66 specie
1251 2655 272 66 specialissima
1475 2655 112 66 est
1539 2655 224 66 aequalitas
1699 2655 192 66 perfectio-

420 2689 112 94 nis:
490 2689 126 94 sicut
574 2689 70 94 &
602 2689 84 94 in
644 2689 112 94 sola
714 2689 140 94 specie
812 2689 238 94 specialissima
1008 2689 98 94 est
1064 2689 112 94 vera
1134 2689 210 94 vniuocatio.
1303 2689 112 94 Vnde
1373 2689 154 94 accidit
1485 2689 224 94 inaequalibus
1667 2689 168 94 secundum
1779 2689 112 94 perfe
