<?xml version="1.0" encoding="UTF-8"?>
<alto xmlns:xsi="http://www.w3.org/2001/XMLSchema-instance"
      xmlns="http://www.loc.gov/standards/alto/ns-v2#"
      xmlns:page="http://schema.primaresearch.org/PAGE/gts/pagecontent/2013-07-15"
      xsi:schemaLocation="http://www.loc.gov/standards/alto/ns-v2# http://www.loc.gov/standards/alto/alto.xsd">
   <Description>
      <MeasurementUnit>pixel</MeasurementUnit>
      <OCRProcessing ID="IdOcr">
         <ocrProcessingStep>
            <processingDateTime>2020-05-23T08:06:24.62-04:00</processingDateTime>
            <processingSoftware>
               <softwareCreator>READ COOP</softwareCreator>
               <softwareName>Transkribus</softwareName>
            </processingSoftware>
         </ocrProcessingStep>
      </OCRProcessing>
   </Description>
   <Layout>
      <Page ID="Page1" PHYSICAL_IMG_NR="1" HEIGHT="3127" WIDTH="2017">
         <TopMargin HEIGHT="0" WIDTH="2017" VPOS="0" HPOS="0"/>
         <LeftMargin HEIGHT="3127" WIDTH="0" VPOS="0" HPOS="0"/>
         <RightMargin HEIGHT="3127" WIDTH="0" VPOS="0" HPOS="2017"/>
         <BottomMargin HEIGHT="0" WIDTH="2017" VPOS="3127" HPOS="0"/>
         <PrintSpace HEIGHT="3127" WIDTH="2017" VPOS="0" HPOS="0">
            <TextBlock ID="TextRegion_1589423865567_4547"
                       HEIGHT="2470"
                       WIDTH="1447"
                       VPOS="237"
                       HPOS="161">
               <Shape>
                  <Polygon POINTS="161,237 1608,237 1608,2707 161,2707"/>
               </Shape>
               <TextLine ID="r1l3"
                         BASELINE="301"
                         HEIGHT="74"
                         WIDTH="1449"
                         VPOS="227"
                         HPOS="153">
                  <String HEIGHT="74"
                          WIDTH="170"
                          VPOS="227"
                          HPOS="138"
                          CONTENT="ctionem"/>
                  <SP HEIGHT="74" WIDTH="15" VPOS="227" HPOS="307"/>
                  <String HEIGHT="74"
                          WIDTH="123"
                          VPOS="227"
                          HPOS="261"
                          CONTENT="quod"/>
                  <SP HEIGHT="74" WIDTH="15" VPOS="227" HPOS="384"/>
                  <String HEIGHT="74" WIDTH="92" VPOS="227" HPOS="338" CONTENT="in"/>
                  <SP HEIGHT="74" WIDTH="15" VPOS="227" HPOS="430"/>
                  <String HEIGHT="74"
                          WIDTH="154"
                          VPOS="227"
                          HPOS="384"
                          CONTENT="aliquo"/>
                  <SP HEIGHT="74" WIDTH="15" VPOS="227" HPOS="538"/>
                  <String HEIGHT="74" WIDTH="108" VPOS="227" HPOS="492" CONTENT="vno"/>
                  <SP HEIGHT="74" WIDTH="15" VPOS="227" HPOS="600"/>
                  <String HEIGHT="74"
                          WIDTH="185"
                          VPOS="227"
                          HPOS="554"
                          CONTENT="secundum"/>
                  <SP HEIGHT="74" WIDTH="15" VPOS="227" HPOS="739"/>
                  <String HEIGHT="74"
                          WIDTH="139"
                          VPOS="227"
                          HPOS="693"
                          CONTENT="genus"/>
                  <SP HEIGHT="74" WIDTH="15" VPOS="227" HPOS="831"/>
                  <String HEIGHT="74"
                          WIDTH="231"
                          VPOS="227"
                          HPOS="785"
                          CONTENT="conueniunt:"/>
                  <SP HEIGHT="74" WIDTH="15" VPOS="227" HPOS="1016"/>
                  <String HEIGHT="74"
                          WIDTH="139"
                          VPOS="227"
                          HPOS="970"
                          CONTENT="sicut"/>
                  <SP HEIGHT="74" WIDTH="15" VPOS="227" HPOS="1109"/>
                  <String HEIGHT="74"
                          WIDTH="108"
                          VPOS="227"
                          HPOS="1062"
                          CONTENT="hoc"/>
                  <SP HEIGHT="74" WIDTH="15" VPOS="227" HPOS="1170"/>
                  <String HEIGHT="74"
                          WIDTH="170"
                          VPOS="227"
                          HPOS="1124"
                          CONTENT="accidit"/>
                  <SP HEIGHT="74" WIDTH="15" VPOS="227" HPOS="1294"/>
                  <String HEIGHT="74"
                          WIDTH="185"
                          VPOS="227"
                          HPOS="1247"
                          CONTENT="diuersis"/>
                  <SP HEIGHT="74" WIDTH="15" VPOS="227" HPOS="1432"/>
                  <String HEIGHT="74"
                          WIDTH="200"
                          VPOS="227"
                          HPOS="1386"
                          CONTENT="inquantum"/>
                  <SP HEIGHT="74" WIDTH="15" VPOS="227" HPOS="1587"/>
                  <String HEIGHT="74"
                          WIDTH="77"
                          VPOS="227"
                          HPOS="1525"
                          CONTENT="di"
                          SUBS_TYPE="HypPart1"
                          SUBS_CONTENT="diuersa"/>
                  <HYP CONTENT="-"/>
               </TextLine>
               <TextLine ID="r1l4"
                         BASELINE="350"
                         HEIGHT="58"
                         WIDTH="1436"
                         VPOS="292"
                         HPOS="169">
                  <String HEIGHT="58"
                          WIDTH="140"
                          VPOS="292"
                          HPOS="153"
                          CONTENT="uersa"
                          SUBS_TYPE="HypPart2"
                          SUBS_CONTENT="diuersa"/>
                  <SP HEIGHT="58" WIDTH="16" VPOS="292" HPOS="294"/>
                  <String HEIGHT="58"
                          WIDTH="125"
                          VPOS="292"
                          HPOS="247"
                          CONTENT="sunt"/>
                  <SP HEIGHT="58" WIDTH="16" VPOS="292" HPOS="372"/>
                  <String HEIGHT="58"
                          WIDTH="187"
                          VPOS="292"
                          HPOS="325"
                          CONTENT="secundum"/>
                  <SP HEIGHT="58" WIDTH="16" VPOS="292" HPOS="512"/>
                  <String HEIGHT="58" WIDTH="109" VPOS="292" HPOS="466" CONTENT="iam"/>
                  <SP HEIGHT="58" WIDTH="16" VPOS="292" HPOS="575"/>
                  <String HEIGHT="58"
                          WIDTH="156"
                          VPOS="292"
                          HPOS="528"
                          CONTENT="dicta."/>
                  <SP HEIGHT="58" WIDTH="16" VPOS="292" HPOS="684"/>
                  <String HEIGHT="58" WIDTH="94" VPOS="292" HPOS="637" CONTENT="Et"/>
                  <SP HEIGHT="58" WIDTH="16" VPOS="292" HPOS="731"/>
                  <String HEIGHT="58"
                          WIDTH="125"
                          VPOS="292"
                          HPOS="684"
                          CONTENT="quia"/>
                  <SP HEIGHT="58" WIDTH="16" VPOS="292" HPOS="809"/>
                  <String HEIGHT="58"
                          WIDTH="203"
                          VPOS="292"
                          HPOS="762"
                          CONTENT="numerorum"/>
                  <SP HEIGHT="58" WIDTH="16" VPOS="292" HPOS="965"/>
                  <String HEIGHT="58"
                          WIDTH="265"
                          VPOS="292"
                          HPOS="918"
                          CONTENT="multiplicatio"/>
                  <SP HEIGHT="58" WIDTH="16" VPOS="292" HPOS="1184"/>
                  <String HEIGHT="58"
                          WIDTH="203"
                          VPOS="292"
                          HPOS="1137"
                          CONTENT="procedens"/>
                  <SP HEIGHT="58" WIDTH="16" VPOS="292" HPOS="1340"/>
                  <String HEIGHT="58" WIDTH="94" VPOS="292" HPOS="1293" CONTENT="ab"/>
                  <SP HEIGHT="58" WIDTH="16" VPOS="292" HPOS="1386"/>
                  <String HEIGHT="58"
                          WIDTH="109"
                          VPOS="292"
                          HPOS="1340"
                          CONTENT="vno"/>
                  <SP HEIGHT="58" WIDTH="16" VPOS="292" HPOS="1449"/>
                  <String HEIGHT="58" WIDTH="94" VPOS="292" HPOS="1402" CONTENT="in"/>
                  <SP HEIGHT="58" WIDTH="16" VPOS="292" HPOS="1496"/>
                  <String HEIGHT="58"
                          WIDTH="172"
                          VPOS="292"
                          HPOS="1433"
                          CONTENT="infinitum"/>
               </TextLine>
               <TextLine ID="r1l5"
                         BASELINE="393"
                         HEIGHT="54"
                         WIDTH="1444"
                         VPOS="339"
                         HPOS="163">
                  <String HEIGHT="54" WIDTH="99" VPOS="339" HPOS="149" CONTENT="sic"/>
                  <SP HEIGHT="54" WIDTH="14" VPOS="339" HPOS="248"/>
                  <String HEIGHT="54" WIDTH="85" VPOS="339" HPOS="205" CONTENT="se"/>
                  <SP HEIGHT="54" WIDTH="14" VPOS="339" HPOS="290"/>
                  <String HEIGHT="54"
                          WIDTH="127"
                          VPOS="339"
                          HPOS="248"
                          CONTENT="habet"/>
                  <SP HEIGHT="54" WIDTH="14" VPOS="339" HPOS="375"/>
                  <String HEIGHT="54"
                          WIDTH="113"
                          VPOS="339"
                          HPOS="333"
                          CONTENT="quod"/>
                  <SP HEIGHT="54" WIDTH="14" VPOS="339" HPOS="446"/>
                  <String HEIGHT="54"
                          WIDTH="142"
                          VPOS="339"
                          HPOS="404"
                          CONTENT="semper"/>
                  <SP HEIGHT="54" WIDTH="14" VPOS="339" HPOS="545"/>
                  <String HEIGHT="54"
                          WIDTH="113"
                          VPOS="339"
                          HPOS="503"
                          CONTENT="vnus"/>
                  <SP HEIGHT="54" WIDTH="14" VPOS="339" HPOS="616"/>
                  <String HEIGHT="54"
                          WIDTH="142"
                          VPOS="339"
                          HPOS="574"
                          CONTENT="alteri"/>
                  <SP HEIGHT="54" WIDTH="14" VPOS="339" HPOS="715"/>
                  <String HEIGHT="54" WIDTH="99" VPOS="339" HPOS="673" CONTENT="est"/>
                  <SP HEIGHT="54" WIDTH="14" VPOS="339" HPOS="772"/>
                  <String HEIGHT="54"
                          WIDTH="212"
                          VPOS="339"
                          HPOS="729"
                          CONTENT="inaequalis:"/>
                  <SP HEIGHT="54" WIDTH="14" VPOS="339" HPOS="942"/>
                  <String HEIGHT="54"
                          WIDTH="127"
                          VPOS="339"
                          HPOS="899"
                          CONTENT="licet"/>
                  <SP HEIGHT="54" WIDTH="14" VPOS="339" HPOS="1027"/>
                  <String HEIGHT="54"
                          WIDTH="170"
                          VPOS="339"
                          HPOS="984"
                          CONTENT="secundum"/>
                  <SP HEIGHT="54" WIDTH="14" VPOS="339" HPOS="1154"/>
                  <String HEIGHT="54"
                          WIDTH="156"
                          VPOS="339"
                          HPOS="1112"
                          CONTENT="species"/>
                  <SP HEIGHT="54" WIDTH="14" VPOS="339" HPOS="1267"/>
                  <String HEIGHT="54"
                          WIDTH="198"
                          VPOS="339"
                          HPOS="1225"
                          CONTENT="differens:"/>
                  <SP HEIGHT="54" WIDTH="14" VPOS="339" HPOS="1423"/>
                  <String HEIGHT="54"
                          WIDTH="156"
                          VPOS="339"
                          HPOS="1380"
                          CONTENT="oportet"/>
                  <SP HEIGHT="54" WIDTH="14" VPOS="339" HPOS="1536"/>
                  <String HEIGHT="54"
                          WIDTH="127"
                          VPOS="339"
                          HPOS="1480"
                          CONTENT="sentire"/>
               </TextLine>
               <TextLine ID="r1l6"
                         BASELINE="438"
                         HEIGHT="52"
                         WIDTH="1448"
                         VPOS="386"
                         HPOS="157">
                  <String HEIGHT="52"
                          WIDTH="125"
                          VPOS="386"
                          HPOS="141"
                          CONTENT="quod"/>
                  <SP HEIGHT="52" WIDTH="16" VPOS="386" HPOS="266"/>
                  <String HEIGHT="52"
                          WIDTH="249"
                          VPOS="386"
                          HPOS="219"
                          CONTENT="inaequalitas"/>
                  <SP HEIGHT="52" WIDTH="16" VPOS="386" HPOS="468"/>
                  <String HEIGHT="52" WIDTH="109" VPOS="386" HPOS="422" CONTENT="non"/>
                  <SP HEIGHT="52" WIDTH="16" VPOS="386" HPOS="531"/>
                  <String HEIGHT="52"
                          WIDTH="187"
                          VPOS="386"
                          HPOS="484"
                          CONTENT="fundetur"/>
                  <SP HEIGHT="52" WIDTH="16" VPOS="386" HPOS="671"/>
                  <String HEIGHT="52"
                          WIDTH="140"
                          VPOS="386"
                          HPOS="624"
                          CONTENT="super"/>
                  <SP HEIGHT="52" WIDTH="16" VPOS="386" HPOS="764"/>
                  <String HEIGHT="52"
                          WIDTH="171"
                          VPOS="386"
                          HPOS="718"
                          CONTENT="numeros"/>
                  <SP HEIGHT="52" WIDTH="16" VPOS="386" HPOS="889"/>
                  <String HEIGHT="52"
                          WIDTH="202"
                          VPOS="386"
                          HPOS="842"
                          CONTENT="diuersos:"/>
                  <SP HEIGHT="52" WIDTH="16" VPOS="386" HPOS="1044"/>
                  <String HEIGHT="52"
                          WIDTH="140"
                          VPOS="386"
                          HPOS="998"
                          CONTENT="neque"/>
                  <SP HEIGHT="52" WIDTH="16" VPOS="386" HPOS="1138"/>
                  <String HEIGHT="52"
                          WIDTH="187"
                          VPOS="386"
                          HPOS="1091"
                          CONTENT="causetur"/>
                  <SP HEIGHT="52" WIDTH="16" VPOS="386" HPOS="1278"/>
                  <String HEIGHT="52" WIDTH="93" VPOS="386" HPOS="1231" CONTENT="ab"/>
                  <SP HEIGHT="52" WIDTH="16" VPOS="386" HPOS="1325"/>
                  <String HEIGHT="52"
                          WIDTH="140"
                          VPOS="386"
                          HPOS="1278"
                          CONTENT="ipsis"/>
                  <SP HEIGHT="52" WIDTH="16" VPOS="386" HPOS="1418"/>
                  <String HEIGHT="52"
                          WIDTH="171"
                          VPOS="386"
                          HPOS="1371"
                          CONTENT="ratione"/>
                  <SP HEIGHT="52" WIDTH="16" VPOS="386" HPOS="1543"/>
                  <String HEIGHT="52"
                          WIDTH="125"
                          VPOS="386"
                          HPOS="1480"
                          CONTENT="forma"
                          SUBS_TYPE="HypPart1"
                          SUBS_CONTENT="formarum"/>
                  <HYP CONTENT="-"/>
               </TextLine>
               <TextLine ID="r1l7"
                         BASELINE="476"
                         HEIGHT="48"
                         WIDTH="1441"
                         VPOS="428"
                         HPOS="164">
                  <String HEIGHT="48"
                          WIDTH="108"
                          VPOS="428"
                          HPOS="149"
                          CONTENT="rum"
                          SUBS_TYPE="HypPart2"
                          SUBS_CONTENT="formarum"/>
                  <SP HEIGHT="48" WIDTH="15" VPOS="428" HPOS="257"/>
                  <String HEIGHT="48"
                          WIDTH="155"
                          VPOS="428"
                          HPOS="210"
                          CONTENT="quibus"/>
                  <SP HEIGHT="48" WIDTH="15" VPOS="428" HPOS="365"/>
                  <String HEIGHT="48" WIDTH="93" VPOS="428" HPOS="319" CONTENT="in"/>
                  <SP HEIGHT="48" WIDTH="15" VPOS="428" HPOS="412"/>
                  <String HEIGHT="48"
                          WIDTH="155"
                          VPOS="428"
                          HPOS="365"
                          CONTENT="specie"/>
                  <SP HEIGHT="48" WIDTH="15" VPOS="428" HPOS="520"/>
                  <String HEIGHT="48"
                          WIDTH="279"
                          VPOS="428"
                          HPOS="474"
                          CONTENT="distinguuntur:"/>
                  <SP HEIGHT="48" WIDTH="15" VPOS="428" HPOS="753"/>
                  <String HEIGHT="48" WIDTH="108" VPOS="428" HPOS="706" CONTENT="sed"/>
                  <SP HEIGHT="48" WIDTH="15" VPOS="428" HPOS="815"/>
                  <String HEIGHT="48"
                          WIDTH="155"
                          VPOS="428"
                          HPOS="768"
                          CONTENT="potius"/>
                  <SP HEIGHT="48" WIDTH="15" VPOS="428" HPOS="923"/>
                  <String HEIGHT="48"
                          WIDTH="170"
                          VPOS="428"
                          HPOS="877"
                          CONTENT="ratione"/>
                  <SP HEIGHT="48" WIDTH="15" VPOS="428" HPOS="1047"/>
                  <String HEIGHT="48"
                          WIDTH="186"
                          VPOS="428"
                          HPOS="1001"
                          CONTENT="vnitatum"/>
                  <SP HEIGHT="48" WIDTH="15" VPOS="428" HPOS="1187"/>
                  <String HEIGHT="48" WIDTH="93" VPOS="428" HPOS="1140" CONTENT="vt"/>
                  <SP HEIGHT="48" WIDTH="15" VPOS="428" HPOS="1233"/>
                  <String HEIGHT="48"
                          WIDTH="217"
                          VPOS="428"
                          HPOS="1187"
                          CONTENT="materiales"/>
                  <SP HEIGHT="48" WIDTH="15" VPOS="428" HPOS="1404"/>
                  <String HEIGHT="48"
                          WIDTH="124"
                          VPOS="428"
                          HPOS="1357"
                          CONTENT="sunt"/>
                  <SP HEIGHT="48" WIDTH="15" VPOS="428" HPOS="1481"/>
                  <String HEIGHT="48" WIDTH="93" VPOS="428" HPOS="1435" CONTENT="in"/>
                  <SP HEIGHT="48" WIDTH="15" VPOS="428" HPOS="1528"/>
                  <String HEIGHT="48"
                          WIDTH="155"
                          VPOS="428"
                          HPOS="1481"
                          CONTENT="illis:"/>
                  <SP HEIGHT="48" WIDTH="15" VPOS="428" HPOS="1636"/>
                  <String HEIGHT="48" WIDTH="31" VPOS="428" HPOS="1574" CONTENT=""/>
               </TextLine>
               <TextLine ID="r1l8"
                         BASELINE="519"
                         HEIGHT="45"
                         WIDTH="1452"
                         VPOS="474"
                         HPOS="158">
                  <String HEIGHT="45" WIDTH="81" VPOS="474" HPOS="142" CONTENT="&amp;"/>
                  <SP HEIGHT="45" WIDTH="16" VPOS="474" HPOS="223"/>
                  <String HEIGHT="45" WIDTH="97" VPOS="474" HPOS="174" CONTENT="vt"/>
                  <SP HEIGHT="45" WIDTH="16" VPOS="474" HPOS="271"/>
                  <String HEIGHT="45"
                          WIDTH="145"
                          VPOS="474"
                          HPOS="223"
                          CONTENT="omnes"/>
                  <SP HEIGHT="45" WIDTH="16" VPOS="474" HPOS="368"/>
                  <String HEIGHT="45"
                          WIDTH="161"
                          VPOS="474"
                          HPOS="319"
                          CONTENT="numeri"/>
                  <SP HEIGHT="45" WIDTH="16" VPOS="474" HPOS="481"/>
                  <String HEIGHT="45"
                          WIDTH="226"
                          VPOS="474"
                          HPOS="432"
                          CONTENT="conueniunt"/>
                  <SP HEIGHT="45" WIDTH="16" VPOS="474" HPOS="658"/>
                  <String HEIGHT="45" WIDTH="97" VPOS="474" HPOS="610" CONTENT="in"/>
                  <SP HEIGHT="45" WIDTH="16" VPOS="474" HPOS="707"/>
                  <String HEIGHT="45"
                          WIDTH="145"
                          VPOS="474"
                          HPOS="658"
                          CONTENT="forma"/>
                  <SP HEIGHT="45" WIDTH="16" VPOS="474" HPOS="803"/>
                  <String HEIGHT="45"
                          WIDTH="210"
                          VPOS="474"
                          HPOS="755"
                          CONTENT="vnitatis:"/>
                  <SP HEIGHT="45" WIDTH="16" VPOS="474" HPOS="965"/>
                  <String HEIGHT="45" WIDTH="113" VPOS="474" HPOS="916" CONTENT="per"/>
                  <SP HEIGHT="45" WIDTH="16" VPOS="474" HPOS="1029"/>
                  <String HEIGHT="45"
                          WIDTH="129"
                          VPOS="474"
                          HPOS="981"
                          CONTENT="quam"/>
                  <SP HEIGHT="45" WIDTH="16" VPOS="474" HPOS="1110"/>
                  <String HEIGHT="45"
                          WIDTH="113"
                          VPOS="474"
                          HPOS="1061"
                          CONTENT="non"/>
                  <SP HEIGHT="45" WIDTH="16" VPOS="474" HPOS="1174"/>
                  <String HEIGHT="45"
                          WIDTH="129"
                          VPOS="474"
                          HPOS="1126"
                          CONTENT="sunt"/>
                  <SP HEIGHT="45" WIDTH="16" VPOS="474" HPOS="1255"/>
                  <String HEIGHT="45"
                          WIDTH="177"
                          VPOS="474"
                          HPOS="1207"
                          CONTENT="proprie"/>
                  <SP HEIGHT="45" WIDTH="16" VPOS="474" HPOS="1384"/>
                  <String HEIGHT="45"
                          WIDTH="129"
                          VPOS="474"
                          HPOS="1336"
                          CONTENT="nisi"/>
                  <SP HEIGHT="45" WIDTH="16" VPOS="474" HPOS="1465"/>
                  <String HEIGHT="45"
                          WIDTH="177"
                          VPOS="474"
                          HPOS="1416"
                          CONTENT="eiusdem"/>
                  <SP HEIGHT="45" WIDTH="16" VPOS="474" HPOS="1594"/>
                  <String HEIGHT="45" WIDTH="81" VPOS="474" HPOS="1529" CONTENT="spe"/>
               </TextLine>
               <TextLine ID="r1l9"
                         BASELINE="571"
                         HEIGHT="53"
                         WIDTH="1451"
                         VPOS="518"
                         HPOS="152">
                  <String HEIGHT="53"
                          WIDTH="128"
                          VPOS="518"
                          HPOS="138"
                          CONTENT="ciei,"/>
                  <SP HEIGHT="53" WIDTH="14" VPOS="518" HPOS="266"/>
                  <String HEIGHT="53"
                          WIDTH="213"
                          VPOS="518"
                          HPOS="223"
                          CONTENT="differentes"/>
                  <SP HEIGHT="53" WIDTH="14" VPOS="518" HPOS="437"/>
                  <String HEIGHT="53"
                          WIDTH="171"
                          VPOS="518"
                          HPOS="394"
                          CONTENT="secundum"/>
                  <SP HEIGHT="53" WIDTH="14" VPOS="518" HPOS="565"/>
                  <String HEIGHT="53"
                          WIDTH="142"
                          VPOS="518"
                          HPOS="522"
                          CONTENT="gradus"/>
                  <SP HEIGHT="53" WIDTH="14" VPOS="518" HPOS="664"/>
                  <String HEIGHT="53"
                          WIDTH="228"
                          VPOS="518"
                          HPOS="621"
                          CONTENT="pluralitatis"/>
                  <SP HEIGHT="53" WIDTH="14" VPOS="518" HPOS="849"/>
                  <String HEIGHT="53" WIDTH="85" VPOS="518" HPOS="806" CONTENT="in"/>
                  <SP HEIGHT="53" WIDTH="14" VPOS="518" HPOS="892"/>
                  <String HEIGHT="53"
                          WIDTH="213"
                          VPOS="518"
                          HPOS="849"
                          CONTENT="vnitatibus:"/>
                  <SP HEIGHT="53" WIDTH="14" VPOS="518" HPOS="1062"/>
                  <String HEIGHT="53" WIDTH="71" VPOS="518" HPOS="1020" CONTENT="&amp;"/>
                  <SP HEIGHT="53" WIDTH="14" VPOS="518" HPOS="1091"/>
                  <String HEIGHT="53"
                          WIDTH="228"
                          VPOS="518"
                          HPOS="1048"
                          CONTENT="perfectionis"/>
                  <SP HEIGHT="53" WIDTH="14" VPOS="518" HPOS="1276"/>
                  <String HEIGHT="53" WIDTH="85" VPOS="518" HPOS="1233" CONTENT="in"/>
                  <SP HEIGHT="53" WIDTH="14" VPOS="518" HPOS="1318"/>
                  <String HEIGHT="53"
                          WIDTH="128"
                          VPOS="518"
                          HPOS="1276"
                          CONTENT="forma"/>
                  <SP HEIGHT="53" WIDTH="14" VPOS="518" HPOS="1404"/>
                  <String HEIGHT="53"
                          WIDTH="185"
                          VPOS="518"
                          HPOS="1361"
                          CONTENT="vnitatis."/>
                  <SP HEIGHT="53" WIDTH="14" VPOS="518" HPOS="1546"/>
                  <String HEIGHT="53" WIDTH="85" VPOS="518" HPOS="1503" CONTENT="Et"/>
                  <SP HEIGHT="53" WIDTH="14" VPOS="518" HPOS="1589"/>
                  <String HEIGHT="53" WIDTH="71" VPOS="518" HPOS="1532" CONTENT="sic"/>
               </TextLine>
               <TextLine ID="r1l10"
                         BASELINE="619"
                         HEIGHT="58"
                         WIDTH="1442"
                         VPOS="561"
                         HPOS="162">
                  <String HEIGHT="58"
                          WIDTH="235"
                          VPOS="561"
                          HPOS="145"
                          CONTENT="inaequalia"/>
                  <SP HEIGHT="58" WIDTH="17" VPOS="561" HPOS="380"/>
                  <String HEIGHT="58"
                          WIDTH="218"
                          VPOS="561"
                          HPOS="330"
                          CONTENT="inquantum"/>
                  <SP HEIGHT="58" WIDTH="17" VPOS="561" HPOS="548"/>
                  <String HEIGHT="58"
                          WIDTH="235"
                          VPOS="561"
                          HPOS="497"
                          CONTENT="inaequalia"/>
                  <SP HEIGHT="58" WIDTH="17" VPOS="561" HPOS="732"/>
                  <String HEIGHT="58"
                          WIDTH="168"
                          VPOS="561"
                          HPOS="682"
                          CONTENT="semper"/>
                  <SP HEIGHT="58" WIDTH="17" VPOS="561" HPOS="849"/>
                  <String HEIGHT="58"
                          WIDTH="134"
                          VPOS="561"
                          HPOS="799"
                          CONTENT="sunt"/>
                  <SP HEIGHT="58" WIDTH="17" VPOS="561" HPOS="933"/>
                  <String HEIGHT="58"
                          WIDTH="134"
                          VPOS="561"
                          HPOS="883"
                          CONTENT="vnum"/>
                  <SP HEIGHT="58" WIDTH="17" VPOS="561" HPOS="1017"/>
                  <String HEIGHT="58"
                          WIDTH="168"
                          VPOS="561"
                          HPOS="967"
                          CONTENT="quadam"/>
                  <SP HEIGHT="58" WIDTH="17" VPOS="561" HPOS="1135"/>
                  <String HEIGHT="58"
                          WIDTH="268"
                          VPOS="561"
                          HPOS="1084"
                          CONTENT="aggregatione"/>
                  <SP HEIGHT="58" WIDTH="17" VPOS="561" HPOS="1352"/>
                  <String HEIGHT="58"
                          WIDTH="184"
                          VPOS="561"
                          HPOS="1302"
                          CONTENT="ipsorum"/>
                  <SP HEIGHT="58" WIDTH="17" VPOS="561" HPOS="1487"/>
                  <String HEIGHT="58"
                          WIDTH="201"
                          VPOS="561"
                          HPOS="1436"
                          CONTENT="inaequa-"/>
                  <SP HEIGHT="58" WIDTH="17" VPOS="561" HPOS="1638"/>
                  <String HEIGHT="58" WIDTH="34" VPOS="561" HPOS="1570" CONTENT=""/>
               </TextLine>
               <TextLine ID="r1l11"
                         BASELINE="659"
                         HEIGHT="52"
                         WIDTH="1440"
                         VPOS="607"
                         HPOS="165">
                  <String HEIGHT="52"
                          WIDTH="128"
                          VPOS="607"
                          HPOS="149"
                          CONTENT="lium"/>
                  <SP HEIGHT="52" WIDTH="16" VPOS="607" HPOS="277"/>
                  <String HEIGHT="52"
                          WIDTH="144"
                          VPOS="607"
                          HPOS="229"
                          CONTENT="inter"/>
                  <SP HEIGHT="52" WIDTH="16" VPOS="607" HPOS="373"/>
                  <String HEIGHT="52" WIDTH="112" VPOS="607" HPOS="325" CONTENT="se,"/>
                  <SP HEIGHT="52" WIDTH="16" VPOS="607" HPOS="437"/>
                  <String HEIGHT="52" WIDTH="112" VPOS="607" HPOS="389" CONTENT="non"/>
                  <SP HEIGHT="52" WIDTH="16" VPOS="607" HPOS="501"/>
                  <String HEIGHT="52" WIDTH="112" VPOS="607" HPOS="453" CONTENT="sub"/>
                  <SP HEIGHT="52" WIDTH="16" VPOS="607" HPOS="565"/>
                  <String HEIGHT="52"
                          WIDTH="160"
                          VPOS="607"
                          HPOS="517"
                          CONTENT="aliqua"/>
                  <SP HEIGHT="52" WIDTH="16" VPOS="607" HPOS="677"/>
                  <String HEIGHT="52"
                          WIDTH="144"
                          VPOS="607"
                          HPOS="629"
                          CONTENT="forma"/>
                  <SP HEIGHT="52" WIDTH="16" VPOS="607" HPOS="773"/>
                  <String HEIGHT="52"
                          WIDTH="160"
                          VPOS="607"
                          HPOS="725"
                          CONTENT="numeri"/>
                  <SP HEIGHT="52" WIDTH="16" VPOS="607" HPOS="885"/>
                  <String HEIGHT="52"
                          WIDTH="160"
                          VPOS="607"
                          HPOS="837"
                          CONTENT="vnius."/>
                  <SP HEIGHT="52" WIDTH="16" VPOS="607" HPOS="997"/>
                  <String HEIGHT="52" WIDTH="112" VPOS="607" HPOS="949" CONTENT="Duo"/>
                  <SP HEIGHT="52" WIDTH="16" VPOS="607" HPOS="1061"/>
                  <String HEIGHT="52"
                          WIDTH="128"
                          VPOS="607"
                          HPOS="1013"
                          CONTENT="enim"/>
                  <SP HEIGHT="52" WIDTH="16" VPOS="607" HPOS="1141"/>
                  <String HEIGHT="52" WIDTH="80" VPOS="607" HPOS="1093" CONTENT="&amp;"/>
                  <SP HEIGHT="52" WIDTH="16" VPOS="607" HPOS="1173"/>
                  <String HEIGHT="52"
                          WIDTH="176"
                          VPOS="607"
                          HPOS="1125"
                          CONTENT="quatuor"/>
                  <SP HEIGHT="52" WIDTH="16" VPOS="607" HPOS="1301"/>
                  <String HEIGHT="52"
                          WIDTH="128"
                          VPOS="607"
                          HPOS="1253"
                          CONTENT="sunt"/>
                  <SP HEIGHT="52" WIDTH="16" VPOS="607" HPOS="1381"/>
                  <String HEIGHT="52"
                          WIDTH="224"
                          VPOS="607"
                          HPOS="1333"
                          CONTENT="inaequalia"/>
                  <SP HEIGHT="52" WIDTH="16" VPOS="607" HPOS="1557"/>
                  <String HEIGHT="52"
                          WIDTH="112"
                          VPOS="607"
                          HPOS="1493"
                          CONTENT="inae"
                          SUBS_TYPE="HypPart1"
                          SUBS_CONTENT="inaequalitate"/>
                  <HYP CONTENT="-"/>
               </TextLine>
               <TextLine ID="r1l12"
                         BASELINE="710"
                         HEIGHT="57"
                         WIDTH="1455"
                         VPOS="653"
                         HPOS="159">
                  <String HEIGHT="57"
                          WIDTH="208"
                          VPOS="653"
                          HPOS="143"
                          CONTENT="qualitate"
                          SUBS_TYPE="HypPart2"
                          SUBS_CONTENT="inaequalitate"/>
                  <SP HEIGHT="57" WIDTH="16" VPOS="653" HPOS="351"/>
                  <String HEIGHT="57"
                          WIDTH="176"
                          VPOS="653"
                          HPOS="303"
                          CONTENT="causata"/>
                  <SP HEIGHT="57" WIDTH="16" VPOS="653" HPOS="479"/>
                  <String HEIGHT="57" WIDTH="80" VPOS="653" HPOS="431" CONTENT="a"/>
                  <SP HEIGHT="57" WIDTH="16" VPOS="653" HPOS="511"/>
                  <String HEIGHT="57"
                          WIDTH="144"
                          VPOS="653"
                          HPOS="463"
                          CONTENT="multo"/>
                  <SP HEIGHT="57" WIDTH="16" VPOS="653" HPOS="607"/>
                  <String HEIGHT="57"
                          WIDTH="176"
                          VPOS="653"
                          HPOS="559"
                          CONTENT="plurium"/>
                  <SP HEIGHT="57" WIDTH="16" VPOS="653" HPOS="735"/>
                  <String HEIGHT="57"
                          WIDTH="192"
                          VPOS="653"
                          HPOS="687"
                          CONTENT="vnitatum"/>
                  <SP HEIGHT="57" WIDTH="16" VPOS="653" HPOS="879"/>
                  <String HEIGHT="57"
                          WIDTH="208"
                          VPOS="653"
                          HPOS="831"
                          CONTENT="existente"/>
                  <SP HEIGHT="57" WIDTH="16" VPOS="653" HPOS="1038"/>
                  <String HEIGHT="57" WIDTH="96" VPOS="653" HPOS="990" CONTENT="in"/>
                  <SP HEIGHT="57" WIDTH="16" VPOS="653" HPOS="1086"/>
                  <String HEIGHT="57"
                          WIDTH="160"
                          VPOS="653"
                          HPOS="1038"
                          CONTENT="illis,"/>
                  <SP HEIGHT="57" WIDTH="16" VPOS="653" HPOS="1198"/>
                  <String HEIGHT="57"
                          WIDTH="112"
                          VPOS="653"
                          HPOS="1150"
                          CONTENT="non"/>
                  <SP HEIGHT="57" WIDTH="16" VPOS="653" HPOS="1262"/>
                  <String HEIGHT="57" WIDTH="96" VPOS="653" HPOS="1214" CONTENT="vt"/>
                  <SP HEIGHT="57" WIDTH="16" VPOS="653" HPOS="1310"/>
                  <String HEIGHT="57"
                          WIDTH="288"
                          VPOS="653"
                          HPOS="1262"
                          CONTENT="concurrentibus"/>
                  <SP HEIGHT="57" WIDTH="16" VPOS="653" HPOS="1550"/>
                  <String HEIGHT="57" WIDTH="96" VPOS="653" HPOS="1502" CONTENT="in"/>
                  <SP HEIGHT="57" WIDTH="16" VPOS="653" HPOS="1598"/>
                  <String HEIGHT="57"
                          WIDTH="80"
                          VPOS="653"
                          HPOS="1534"
                          CONTENT="nu"
                          SUBS_TYPE="HypPart1"
                          SUBS_CONTENT="numero"/>
                  <HYP CONTENT="-"/>
               </TextLine>
               <TextLine ID="r1l13"
                         BASELINE="749"
                         HEIGHT="47"
                         WIDTH="1457"
                         VPOS="702"
                         HPOS="152">
                  <String HEIGHT="47"
                          WIDTH="123"
                          VPOS="702"
                          HPOS="137"
                          CONTENT="mero"
                          SUBS_TYPE="HypPart2"
                          SUBS_CONTENT="numero"/>
                  <SP HEIGHT="47" WIDTH="15" VPOS="702" HPOS="259"/>
                  <String HEIGHT="47"
                          WIDTH="184"
                          VPOS="702"
                          HPOS="213"
                          CONTENT="senario,"/>
                  <SP HEIGHT="47" WIDTH="15" VPOS="702" HPOS="397"/>
                  <String HEIGHT="47" WIDTH="107" VPOS="702" HPOS="351" CONTENT="sed"/>
                  <SP HEIGHT="47" WIDTH="15" VPOS="702" HPOS="459"/>
                  <String HEIGHT="47" WIDTH="92" VPOS="702" HPOS="413" CONTENT="vt"/>
                  <SP HEIGHT="47" WIDTH="15" VPOS="702" HPOS="505"/>
                  <String HEIGHT="47" WIDTH="92" VPOS="702" HPOS="459" CONTENT="in"/>
                  <SP HEIGHT="47" WIDTH="15" VPOS="702" HPOS="551"/>
                  <String HEIGHT="47"
                          WIDTH="215"
                          VPOS="702"
                          HPOS="505"
                          CONTENT="aggregatis"/>
                  <SP HEIGHT="47" WIDTH="15" VPOS="702" HPOS="719"/>
                  <String HEIGHT="47" WIDTH="107" VPOS="702" HPOS="673" CONTENT="per"/>
                  <SP HEIGHT="47" WIDTH="15" VPOS="702" HPOS="781"/>
                  <String HEIGHT="47"
                          WIDTH="230"
                          VPOS="702"
                          HPOS="735"
                          CONTENT="intellectum"/>
                  <SP HEIGHT="47" WIDTH="15" VPOS="702" HPOS="965"/>
                  <String HEIGHT="47"
                          WIDTH="184"
                          VPOS="702"
                          HPOS="919"
                          CONTENT="seorsum:"/>
                  <SP HEIGHT="47" WIDTH="15" VPOS="702" HPOS="1103"/>
                  <String HEIGHT="47"
                          WIDTH="107"
                          VPOS="702"
                          HPOS="1057"
                          CONTENT="nec"/>
                  <SP HEIGHT="47" WIDTH="15" VPOS="702" HPOS="1164"/>
                  <String HEIGHT="47" WIDTH="92" VPOS="702" HPOS="1118" CONTENT="vt"/>
                  <SP HEIGHT="47" WIDTH="15" VPOS="702" HPOS="1210"/>
                  <String HEIGHT="47"
                          WIDTH="107"
                          VPOS="702"
                          HPOS="1164"
                          CONTENT="duo"/>
                  <SP HEIGHT="47" WIDTH="15" VPOS="702" HPOS="1272"/>
                  <String HEIGHT="47"
                          WIDTH="184"
                          VPOS="702"
                          HPOS="1226"
                          CONTENT="secundum"/>
                  <SP HEIGHT="47" WIDTH="15" VPOS="702" HPOS="1410"/>
                  <String HEIGHT="47"
                          WIDTH="123"
                          VPOS="702"
                          HPOS="1364"
                          CONTENT="quod"/>
                  <SP HEIGHT="47" WIDTH="15" VPOS="702" HPOS="1486"/>
                  <String HEIGHT="47"
                          WIDTH="107"
                          VPOS="702"
                          HPOS="1440"
                          CONTENT="est"/>
                  <SP HEIGHT="47" WIDTH="15" VPOS="702" HPOS="1548"/>
                  <String HEIGHT="47"
                          WIDTH="123"
                          VPOS="702"
                          HPOS="1486"
                          CONTENT="subdu"
                          SUBS_TYPE="HypPart1"
                          SUBS_CONTENT="subduplum"/>
                  <HYP CONTENT="-"/>
               </TextLine>
               <TextLine ID="r1l14"
                         BASELINE="795"
                         HEIGHT="52"
                         WIDTH="1448"
                         VPOS="743"
                         HPOS="157">
                  <String HEIGHT="52"
                          WIDTH="117"
                          VPOS="743"
                          HPOS="142"
                          CONTENT="plum"
                          SUBS_TYPE="HypPart2"
                          SUBS_CONTENT="subduplum"/>
                  <SP HEIGHT="52" WIDTH="15" VPOS="743" HPOS="259"/>
                  <String HEIGHT="52" WIDTH="88" VPOS="743" HPOS="216" CONTENT="ad"/>
                  <SP HEIGHT="52" WIDTH="15" VPOS="743" HPOS="303"/>
                  <String HEIGHT="52"
                          WIDTH="176"
                          VPOS="743"
                          HPOS="259"
                          CONTENT="quatuor,"/>
                  <SP HEIGHT="52" WIDTH="15" VPOS="743" HPOS="435"/>
                  <String HEIGHT="52" WIDTH="73" VPOS="743" HPOS="391" CONTENT="&amp;"/>
                  <SP HEIGHT="52" WIDTH="15" VPOS="743" HPOS="464"/>
                  <String HEIGHT="52" WIDTH="102" VPOS="743" HPOS="420" CONTENT="sic"/>
                  <SP HEIGHT="52" WIDTH="15" VPOS="743" HPOS="523"/>
                  <String HEIGHT="52"
                          WIDTH="190"
                          VPOS="743"
                          HPOS="479"
                          CONTENT="inaequale"/>
                  <SP HEIGHT="52" WIDTH="15" VPOS="743" HPOS="669"/>
                  <String HEIGHT="52"
                          WIDTH="132"
                          VPOS="743"
                          HPOS="625"
                          CONTENT="illi,"/>
                  <SP HEIGHT="52" WIDTH="15" VPOS="743" HPOS="757"/>
                  <String HEIGHT="52"
                          WIDTH="190"
                          VPOS="743"
                          HPOS="713"
                          CONTENT="accipitur"/>
                  <SP HEIGHT="52" WIDTH="15" VPOS="743" HPOS="903"/>
                  <String HEIGHT="52" WIDTH="88" VPOS="743" HPOS="859" CONTENT="vt"/>
                  <SP HEIGHT="52" WIDTH="15" VPOS="743" HPOS="947"/>
                  <String HEIGHT="52"
                          WIDTH="117"
                          VPOS="743"
                          HPOS="903"
                          CONTENT="pars"/>
                  <SP HEIGHT="52" WIDTH="15" VPOS="743" HPOS="1020"/>
                  <String HEIGHT="52" WIDTH="88" VPOS="743" HPOS="976" CONTENT="in"/>
                  <SP HEIGHT="52" WIDTH="15" VPOS="743" HPOS="1064"/>
                  <String HEIGHT="52"
                          WIDTH="132"
                          VPOS="743"
                          HPOS="1020"
                          CONTENT="illis"/>
                  <SP HEIGHT="52" WIDTH="15" VPOS="743" HPOS="1152"/>
                  <String HEIGHT="52"
                          WIDTH="176"
                          VPOS="743"
                          HPOS="1108"
                          CONTENT="quatuor:"/>
                  <SP HEIGHT="52" WIDTH="15" VPOS="743" HPOS="1283"/>
                  <String HEIGHT="52"
                          WIDTH="102"
                          VPOS="743"
                          HPOS="1239"
                          CONTENT="vel"/>
                  <SP HEIGHT="52" WIDTH="15" VPOS="743" HPOS="1342"/>
                  <String HEIGHT="52"
                          WIDTH="132"
                          VPOS="743"
                          HPOS="1298"
                          CONTENT="sicut"/>
                  <SP HEIGHT="52" WIDTH="15" VPOS="743" HPOS="1429"/>
                  <String HEIGHT="52"
                          WIDTH="117"
                          VPOS="743"
                          HPOS="1386"
                          CONTENT="pars"/>
                  <SP HEIGHT="52" WIDTH="15" VPOS="743" HPOS="1503"/>
                  <String HEIGHT="52"
                          WIDTH="102"
                          VPOS="743"
                          HPOS="1459"
                          CONTENT="bis"/>
                  <SP HEIGHT="52" WIDTH="15" VPOS="743" HPOS="1561"/>
                  <String HEIGHT="52"
                          WIDTH="102"
                          VPOS="743"
                          HPOS="1503"
                          CONTENT="acci"
                          SUBS_TYPE="HypPart1"
                          SUBS_CONTENT="accipitur"/>
                  <HYP CONTENT="-"/>
               </TextLine>
               <TextLine ID="r1l15"
                         BASELINE="844"
                         HEIGHT="52"
                         WIDTH="1438"
                         VPOS="792"
                         HPOS="155">
                  <String HEIGHT="52"
                          WIDTH="132"
                          VPOS="792"
                          HPOS="140"
                          CONTENT="pitur"
                          SUBS_TYPE="HypPart2"
                          SUBS_CONTENT="accipitur"/>
                  <SP HEIGHT="52" WIDTH="15" VPOS="792" HPOS="272"/>
                  <String HEIGHT="52" WIDTH="103" VPOS="792" HPOS="228" CONTENT="per"/>
                  <SP HEIGHT="52" WIDTH="15" VPOS="792" HPOS="331"/>
                  <String HEIGHT="52"
                          WIDTH="235"
                          VPOS="792"
                          HPOS="287"
                          CONTENT="intellectum:"/>
                  <SP HEIGHT="52" WIDTH="15" VPOS="792" HPOS="522"/>
                  <String HEIGHT="52"
                          WIDTH="132"
                          VPOS="792"
                          HPOS="478"
                          CONTENT="semel"/>
                  <SP HEIGHT="52" WIDTH="15" VPOS="792" HPOS="610"/>
                  <String HEIGHT="52"
                          WIDTH="176"
                          VPOS="792"
                          HPOS="566"
                          CONTENT="scilicet"/>
                  <SP HEIGHT="52" WIDTH="15" VPOS="792" HPOS="742"/>
                  <String HEIGHT="52"
                          WIDTH="117"
                          VPOS="792"
                          HPOS="698"
                          CONTENT="vtur"/>
                  <SP HEIGHT="52" WIDTH="15" VPOS="792" HPOS="815"/>
                  <String HEIGHT="52"
                          WIDTH="117"
                          VPOS="792"
                          HPOS="771"
                          CONTENT="pars"/>
                  <SP HEIGHT="52" WIDTH="15" VPOS="792" HPOS="889"/>
                  <String HEIGHT="52"
                          WIDTH="176"
                          VPOS="792"
                          HPOS="845"
                          CONTENT="existens"/>
                  <SP HEIGHT="52" WIDTH="15" VPOS="792" HPOS="1021"/>
                  <String HEIGHT="52" WIDTH="88" VPOS="792" HPOS="977" CONTENT="in"/>
                  <SP HEIGHT="52" WIDTH="15" VPOS="792" HPOS="1065"/>
                  <String HEIGHT="52"
                          WIDTH="132"
                          VPOS="792"
                          HPOS="1021"
                          CONTENT="toto,"/>
                  <SP HEIGHT="52" WIDTH="15" VPOS="792" HPOS="1153"/>
                  <String HEIGHT="52" WIDTH="73" VPOS="792" HPOS="1109" CONTENT="&amp;"/>
                  <SP HEIGHT="52" WIDTH="15" VPOS="792" HPOS="1182"/>
                  <String HEIGHT="52"
                          WIDTH="132"
                          VPOS="792"
                          HPOS="1138"
                          CONTENT="semel"/>
                  <SP HEIGHT="52" WIDTH="15" VPOS="792" HPOS="1270"/>
                  <String HEIGHT="52" WIDTH="88" VPOS="792" HPOS="1226" CONTENT="vt"/>
                  <SP HEIGHT="52" WIDTH="15" VPOS="792" HPOS="1314"/>
                  <String HEIGHT="52"
                          WIDTH="103"
                          VPOS="792"
                          HPOS="1270"
                          CONTENT="per"/>
                  <SP HEIGHT="52" WIDTH="15" VPOS="792" HPOS="1373"/>
                  <String HEIGHT="52"
                          WIDTH="103"
                          VPOS="792"
                          HPOS="1329"
                          CONTENT="se."/>
                  <SP HEIGHT="52" WIDTH="15" VPOS="792" HPOS="1432"/>
                  <String HEIGHT="52" WIDTH="88" VPOS="792" HPOS="1388" CONTENT="Et"/>
                  <SP HEIGHT="52" WIDTH="15" VPOS="792" HPOS="1476"/>
                  <String HEIGHT="52"
                          WIDTH="132"
                          VPOS="792"
                          HPOS="1432"
                          CONTENT="primo"/>
                  <SP HEIGHT="52" WIDTH="15" VPOS="792" HPOS="1564"/>
                  <String HEIGHT="52"
                          WIDTH="88"
                          VPOS="792"
                          HPOS="1505"
                          CONTENT="modo"/>
               </TextLine>
               <TextLine ID="r1l16"
                         BASELINE="885"
                         HEIGHT="53"
                         WIDTH="1451"
                         VPOS="832"
                         HPOS="159">
                  <String HEIGHT="53" WIDTH="105" VPOS="832" HPOS="144" CONTENT="est"/>
                  <SP HEIGHT="53" WIDTH="15" VPOS="832" HPOS="249"/>
                  <String HEIGHT="53"
                          WIDTH="135"
                          VPOS="832"
                          HPOS="204"
                          CONTENT="inter"/>
                  <SP HEIGHT="53" WIDTH="15" VPOS="832" HPOS="339"/>
                  <String HEIGHT="53" WIDTH="105" VPOS="832" HPOS="294" CONTENT="duo"/>
                  <SP HEIGHT="53" WIDTH="15" VPOS="832" HPOS="398"/>
                  <String HEIGHT="53" WIDTH="75" VPOS="832" HPOS="353" CONTENT="&amp;"/>
                  <SP HEIGHT="53" WIDTH="15" VPOS="832" HPOS="428"/>
                  <String HEIGHT="53"
                          WIDTH="165"
                          VPOS="832"
                          HPOS="383"
                          CONTENT="quatuor"/>
                  <SP HEIGHT="53" WIDTH="15" VPOS="832" HPOS="548"/>
                  <String HEIGHT="53"
                          WIDTH="165"
                          VPOS="832"
                          HPOS="503"
                          CONTENT="relatio"/>
                  <SP HEIGHT="53" WIDTH="15" VPOS="832" HPOS="668"/>
                  <String HEIGHT="53"
                          WIDTH="239"
                          VPOS="832"
                          HPOS="623"
                          CONTENT="identitatis:"/>
                  <SP HEIGHT="53" WIDTH="15" VPOS="832" HPOS="862"/>
                  <String HEIGHT="53"
                          WIDTH="150"
                          VPOS="832"
                          HPOS="817"
                          CONTENT="qualis"/>
                  <SP HEIGHT="53" WIDTH="15" VPOS="832" HPOS="967"/>
                  <String HEIGHT="53"
                          WIDTH="194"
                          VPOS="832"
                          HPOS="922"
                          CONTENT="declarata"/>
                  <SP HEIGHT="53" WIDTH="15" VPOS="832" HPOS="1116"/>
                  <String HEIGHT="53"
                          WIDTH="105"
                          VPOS="832"
                          HPOS="1071"
                          CONTENT="est"/>
                  <SP HEIGHT="53" WIDTH="15" VPOS="832" HPOS="1176"/>
                  <String HEIGHT="53"
                          WIDTH="135"
                          VPOS="832"
                          HPOS="1131"
                          CONTENT="supra"/>
                  <SP HEIGHT="53" WIDTH="15" VPOS="832" HPOS="1266"/>
                  <String HEIGHT="53"
                          WIDTH="135"
                          VPOS="832"
                          HPOS="1221"
                          CONTENT="inter"/>
                  <SP HEIGHT="53" WIDTH="15" VPOS="832" HPOS="1356"/>
                  <String HEIGHT="53"
                          WIDTH="135"
                          VPOS="832"
                          HPOS="1311"
                          CONTENT="totum"/>
                  <SP HEIGHT="53" WIDTH="15" VPOS="832" HPOS="1445"/>
                  <String HEIGHT="53" WIDTH="75" VPOS="832" HPOS="1401" CONTENT="&amp;"/>
                  <SP HEIGHT="53" WIDTH="15" VPOS="832" HPOS="1475"/>
                  <String HEIGHT="53"
                          WIDTH="165"
                          VPOS="832"
                          HPOS="1430"
                          CONTENT="partem."/>
                  <SP HEIGHT="53" WIDTH="15" VPOS="832" HPOS="1595"/>
                  <String HEIGHT="53"
                          WIDTH="75"
                          VPOS="832"
                          HPOS="1535"
                          CONTENT="Se"
                          SUBS_TYPE="HypPart1"
                          SUBS_CONTENT="Secundo"/>
                  <HYP CONTENT="-"/>
               </TextLine>
               <TextLine ID="r1l17"
                         BASELINE="929"
                         HEIGHT="53"
                         WIDTH="1444"
                         VPOS="876"
                         HPOS="162">
                  <String HEIGHT="53"
                          WIDTH="144"
                          VPOS="876"
                          HPOS="146"
                          CONTENT="cundo"
                          SUBS_TYPE="HypPart2"
                          SUBS_CONTENT="Secundo"/>
                  <SP HEIGHT="53" WIDTH="16" VPOS="876" HPOS="290"/>
                  <String HEIGHT="53"
                          WIDTH="144"
                          VPOS="876"
                          HPOS="242"
                          CONTENT="autem"/>
                  <SP HEIGHT="53" WIDTH="16" VPOS="876" HPOS="387"/>
                  <String HEIGHT="53"
                          WIDTH="128"
                          VPOS="876"
                          HPOS="338"
                          CONTENT="modo"/>
                  <SP HEIGHT="53" WIDTH="16" VPOS="876" HPOS="467"/>
                  <String HEIGHT="53" WIDTH="112" VPOS="876" HPOS="419" CONTENT="est"/>
                  <SP HEIGHT="53" WIDTH="16" VPOS="876" HPOS="531"/>
                  <String HEIGHT="53"
                          WIDTH="144"
                          VPOS="876"
                          HPOS="483"
                          CONTENT="inter"/>
                  <SP HEIGHT="53" WIDTH="16" VPOS="876" HPOS="627"/>
                  <String HEIGHT="53" WIDTH="112" VPOS="876" HPOS="579" CONTENT="duo"/>
                  <SP HEIGHT="53" WIDTH="16" VPOS="876" HPOS="691"/>
                  <String HEIGHT="53" WIDTH="80" VPOS="876" HPOS="643" CONTENT="&amp;"/>
                  <SP HEIGHT="53" WIDTH="16" VPOS="876" HPOS="724"/>
                  <String HEIGHT="53"
                          WIDTH="176"
                          VPOS="876"
                          HPOS="675"
                          CONTENT="quatuor"/>
                  <SP HEIGHT="53" WIDTH="16" VPOS="876" HPOS="852"/>
                  <String HEIGHT="53"
                          WIDTH="176"
                          VPOS="876"
                          HPOS="804"
                          CONTENT="relatio"/>
                  <SP HEIGHT="53" WIDTH="16" VPOS="876" HPOS="980"/>
                  <String HEIGHT="53"
                          WIDTH="305"
                          VPOS="876"
                          HPOS="932"
                          CONTENT="inaequalitatis."/>
                  <SP HEIGHT="53" WIDTH="16" VPOS="876" HPOS="1237"/>
                  <String HEIGHT="53"
                          WIDTH="128"
                          VPOS="876"
                          HPOS="1189"
                          CONTENT="Pars"/>
                  <SP HEIGHT="53" WIDTH="16" VPOS="876" HPOS="1317"/>
                  <String HEIGHT="53"
                          WIDTH="128"
                          VPOS="876"
                          HPOS="1269"
                          CONTENT="enim"/>
                  <SP HEIGHT="53" WIDTH="16" VPOS="876" HPOS="1397"/>
                  <String HEIGHT="53"
                          WIDTH="112"
                          VPOS="876"
                          HPOS="1349"
                          CONTENT="non"/>
                  <SP HEIGHT="53" WIDTH="16" VPOS="876" HPOS="1462"/>
                  <String HEIGHT="53"
                          WIDTH="144"
                          VPOS="876"
                          HPOS="1413"
                          CONTENT="habet"/>
                  <SP HEIGHT="53" WIDTH="16" VPOS="876" HPOS="1558"/>
                  <String HEIGHT="53"
                          WIDTH="112"
                          VPOS="876"
                          HPOS="1494"
                          CONTENT="rela"
                          SUBS_TYPE="HypPart1"
                          SUBS_CONTENT="relationem"/>
                  <HYP CONTENT="-"/>
               </TextLine>
               <TextLine ID="r1l18"
                         BASELINE="969"
                         HEIGHT="49"
                         WIDTH="1444"
                         VPOS="920"
                         HPOS="164">
                  <String HEIGHT="49"
                          WIDTH="159"
                          VPOS="920"
                          HPOS="148"
                          CONTENT="tionem"
                          SUBS_TYPE="HypPart2"
                          SUBS_CONTENT="relationem"/>
                  <SP HEIGHT="49" WIDTH="16" VPOS="920" HPOS="307"/>
                  <String HEIGHT="49" WIDTH="95" VPOS="920" HPOS="259" CONTENT="ad"/>
                  <SP HEIGHT="49" WIDTH="16" VPOS="920" HPOS="354"/>
                  <String HEIGHT="49"
                          WIDTH="143"
                          VPOS="920"
                          HPOS="307"
                          CONTENT="totum"/>
                  <SP HEIGHT="49" WIDTH="16" VPOS="920" HPOS="450"/>
                  <String HEIGHT="49"
                          WIDTH="206"
                          VPOS="920"
                          HPOS="402"
                          CONTENT="inquantum"/>
                  <SP HEIGHT="49" WIDTH="16" VPOS="920" HPOS="608"/>
                  <String HEIGHT="49"
                          WIDTH="143"
                          VPOS="920"
                          HPOS="561"
                          CONTENT="pars,"/>
                  <SP HEIGHT="49" WIDTH="16" VPOS="920" HPOS="704"/>
                  <String HEIGHT="49"
                          WIDTH="127"
                          VPOS="920"
                          HPOS="656"
                          CONTENT="nisi"/>
                  <SP HEIGHT="49" WIDTH="16" VPOS="920" HPOS="783"/>
                  <String HEIGHT="49"
                          WIDTH="238"
                          VPOS="920"
                          HPOS="735"
                          CONTENT="identitatis"/>
                  <SP HEIGHT="49" WIDTH="16" VPOS="920" HPOS="973"/>
                  <String HEIGHT="49" WIDTH="79" VPOS="920" HPOS="926" CONTENT="&amp;"/>
                  <SP HEIGHT="49" WIDTH="16" VPOS="920" HPOS="1005"/>
                  <String HEIGHT="49"
                          WIDTH="270"
                          VPOS="920"
                          HPOS="957"
                          CONTENT="diuersitatis,"/>
                  <SP HEIGHT="49" WIDTH="16" VPOS="920" HPOS="1227"/>
                  <String HEIGHT="49" WIDTH="95" VPOS="920" HPOS="1180" CONTENT="vt"/>
                  <SP HEIGHT="49" WIDTH="16" VPOS="920" HPOS="1275"/>
                  <String HEIGHT="49"
                          WIDTH="190"
                          VPOS="920"
                          HPOS="1227"
                          CONTENT="superius"/>
                  <SP HEIGHT="49" WIDTH="16" VPOS="920" HPOS="1418"/>
                  <String HEIGHT="49"
                          WIDTH="206"
                          VPOS="920"
                          HPOS="1370"
                          CONTENT="expositum"/>
                  <SP HEIGHT="49" WIDTH="16" VPOS="920" HPOS="1576"/>
                  <String HEIGHT="49"
                          WIDTH="95"
                          VPOS="920"
                          HPOS="1513"
                          CONTENT="est."/>
               </TextLine>
               <TextLine ID="r1l19"
                         BASELINE="1014"
                         HEIGHT="50"
                         WIDTH="1448"
                         VPOS="964"
                         HPOS="154">
                  <String HEIGHT="50" WIDTH="102" VPOS="964" HPOS="137" CONTENT="Et"/>
                  <SP HEIGHT="50" WIDTH="17" VPOS="964" HPOS="239"/>
                  <String HEIGHT="50" WIDTH="119" VPOS="964" HPOS="188" CONTENT="sic"/>
                  <SP HEIGHT="50" WIDTH="17" VPOS="964" HPOS="307"/>
                  <String HEIGHT="50"
                          WIDTH="153"
                          VPOS="964"
                          HPOS="256"
                          CONTENT="etiam"/>
                  <SP HEIGHT="50" WIDTH="17" VPOS="964" HPOS="410"/>
                  <String HEIGHT="50"
                          WIDTH="170"
                          VPOS="964"
                          HPOS="358"
                          CONTENT="semper"/>
                  <SP HEIGHT="50" WIDTH="17" VPOS="964" HPOS="529"/>
                  <String HEIGHT="50"
                          WIDTH="153"
                          VPOS="964"
                          HPOS="478"
                          CONTENT="ipsum"/>
                  <SP HEIGHT="50" WIDTH="17" VPOS="964" HPOS="631"/>
                  <String HEIGHT="50"
                          WIDTH="221"
                          VPOS="964"
                          HPOS="580"
                          CONTENT="inaequale"/>
                  <SP HEIGHT="50" WIDTH="17" VPOS="964" HPOS="801"/>
                  <String HEIGHT="50" WIDTH="102" VPOS="964" HPOS="750" CONTENT="in"/>
                  <SP HEIGHT="50" WIDTH="17" VPOS="964" HPOS="852"/>
                  <String HEIGHT="50"
                          WIDTH="187"
                          VPOS="964"
                          HPOS="801"
                          CONTENT="numeris"/>
                  <SP HEIGHT="50" WIDTH="17" VPOS="964" HPOS="989"/>
                  <String HEIGHT="50"
                          WIDTH="204"
                          VPOS="964"
                          HPOS="938"
                          CONTENT="continet"/>
                  <SP HEIGHT="50" WIDTH="17" VPOS="964" HPOS="1142"/>
                  <String HEIGHT="50"
                          WIDTH="153"
                          VPOS="964"
                          HPOS="1091"
                          CONTENT="maius"/>
                  <SP HEIGHT="50" WIDTH="17" VPOS="964" HPOS="1244"/>
                  <String HEIGHT="50" WIDTH="85" VPOS="964" HPOS="1193" CONTENT="&amp;"/>
                  <SP HEIGHT="50" WIDTH="17" VPOS="964" HPOS="1278"/>
                  <String HEIGHT="50"
                          WIDTH="170"
                          VPOS="964"
                          HPOS="1227"
                          CONTENT="minus."/>
                  <SP HEIGHT="50" WIDTH="17" VPOS="964" HPOS="1398"/>
                  <String HEIGHT="50"
                          WIDTH="153"
                          VPOS="964"
                          HPOS="1346"
                          CONTENT="Omnis"/>
                  <SP HEIGHT="50" WIDTH="17" VPOS="964" HPOS="1500"/>
                  <String HEIGHT="50"
                          WIDTH="136"
                          VPOS="964"
                          HPOS="1449"
                          CONTENT="enim"/>
                  <SP HEIGHT="50" WIDTH="17" VPOS="964" HPOS="1585"/>
                  <String HEIGHT="50"
                          WIDTH="85"
                          VPOS="964"
                          HPOS="1517"
                          CONTENT="nu"
                          SUBS_TYPE="HypPart1"
                          SUBS_CONTENT="numerus"/>
                  <HYP CONTENT="-"/>
               </TextLine>
               <TextLine ID="r1l20"
                         BASELINE="1062"
                         HEIGHT="54"
                         WIDTH="1449"
                         VPOS="1008"
                         HPOS="162">
                  <String HEIGHT="54"
                          WIDTH="152"
                          VPOS="1008"
                          HPOS="145"
                          CONTENT="merus"
                          SUBS_TYPE="HypPart2"
                          SUBS_CONTENT="numerus"/>
                  <SP HEIGHT="54" WIDTH="17" VPOS="1008" HPOS="297"/>
                  <String HEIGHT="54"
                          WIDTH="202"
                          VPOS="1008"
                          HPOS="246"
                          CONTENT="remotior"/>
                  <SP HEIGHT="54" WIDTH="17" VPOS="1008" HPOS="448"/>
                  <String HEIGHT="54" WIDTH="101" VPOS="1008" HPOS="398" CONTENT="ab"/>
                  <SP HEIGHT="54" WIDTH="17" VPOS="1008" HPOS="499"/>
                  <String HEIGHT="54"
                          WIDTH="135"
                          VPOS="1008"
                          HPOS="448"
                          CONTENT="vno,"/>
                  <SP HEIGHT="54" WIDTH="17" VPOS="1008" HPOS="583"/>
                  <String HEIGHT="54"
                          WIDTH="118"
                          VPOS="1008"
                          HPOS="533"
                          CONTENT="est"/>
                  <SP HEIGHT="54" WIDTH="17" VPOS="1008" HPOS="651"/>
                  <String HEIGHT="54"
                          WIDTH="168"
                          VPOS="1008"
                          HPOS="600"
                          CONTENT="maior:"/>
                  <SP HEIGHT="54" WIDTH="17" VPOS="1008" HPOS="769"/>
                  <String HEIGHT="54" WIDTH="84" VPOS="1008" HPOS="718" CONTENT="&amp;"/>
                  <SP HEIGHT="54" WIDTH="17" VPOS="1008" HPOS="802"/>
                  <String HEIGHT="54"
                          WIDTH="253"
                          VPOS="1008"
                          HPOS="752"
                          CONTENT="propinquior"/>
                  <SP HEIGHT="54" WIDTH="17" VPOS="1008" HPOS="1004"/>
                  <String HEIGHT="54"
                          WIDTH="118"
                          VPOS="1008"
                          HPOS="954"
                          CONTENT="est"/>
                  <SP HEIGHT="54" WIDTH="17" VPOS="1008" HPOS="1072"/>
                  <String HEIGHT="54"
                          WIDTH="168"
                          VPOS="1008"
                          HPOS="1021"
                          CONTENT="minor:"/>
                  <SP HEIGHT="54" WIDTH="17" VPOS="1008" HPOS="1190"/>
                  <String HEIGHT="54" WIDTH="84" VPOS="1008" HPOS="1139" CONTENT="&amp;"/>
                  <SP HEIGHT="54" WIDTH="17" VPOS="1008" HPOS="1223"/>
                  <String HEIGHT="54"
                          WIDTH="152"
                          VPOS="1008"
                          HPOS="1173"
                          CONTENT="omnis"/>
                  <SP HEIGHT="54" WIDTH="17" VPOS="1008" HPOS="1325"/>
                  <String HEIGHT="54"
                          WIDTH="185"
                          VPOS="1008"
                          HPOS="1274"
                          CONTENT="numerus"/>
                  <SP HEIGHT="54" WIDTH="17" VPOS="1008" HPOS="1459"/>
                  <String HEIGHT="54"
                          WIDTH="101"
                          VPOS="1008"
                          HPOS="1409"
                          CONTENT="ad"/>
                  <SP HEIGHT="54" WIDTH="17" VPOS="1008" HPOS="1510"/>
                  <String HEIGHT="54"
                          WIDTH="168"
                          VPOS="1008"
                          HPOS="1443"
                          CONTENT="superio"
                          SUBS_TYPE="HypPart1"
                          SUBS_CONTENT="superiores"/>
                  <HYP CONTENT="-"/>
               </TextLine>
               <TextLine ID="r1l21"
                         BASELINE="1112"
                         HEIGHT="54"
                         WIDTH="1451"
                         VPOS="1058"
                         HPOS="166">
                  <String HEIGHT="54"
                          WIDTH="108"
                          VPOS="1058"
                          HPOS="151"
                          CONTENT="res"
                          SUBS_TYPE="HypPart2"
                          SUBS_CONTENT="superiores"/>
                  <SP HEIGHT="54" WIDTH="15" VPOS="1058" HPOS="259"/>
                  <String HEIGHT="54"
                          WIDTH="108"
                          VPOS="1058"
                          HPOS="212"
                          CONTENT="est"/>
                  <SP HEIGHT="54" WIDTH="15" VPOS="1058" HPOS="320"/>
                  <String HEIGHT="54"
                          WIDTH="154"
                          VPOS="1058"
                          HPOS="274"
                          CONTENT="minor,"/>
                  <SP HEIGHT="54" WIDTH="15" VPOS="1058" HPOS="428"/>
                  <String HEIGHT="54" WIDTH="77" VPOS="1058" HPOS="382" CONTENT="&amp;"/>
                  <SP HEIGHT="54" WIDTH="15" VPOS="1058" HPOS="459"/>
                  <String HEIGHT="54" WIDTH="93" VPOS="1058" HPOS="413" CONTENT="ad"/>
                  <SP HEIGHT="54" WIDTH="15" VPOS="1058" HPOS="506"/>
                  <String HEIGHT="54"
                          WIDTH="216"
                          VPOS="1058"
                          HPOS="459"
                          CONTENT="inferiores"/>
                  <SP HEIGHT="54" WIDTH="15" VPOS="1058" HPOS="675"/>
                  <String HEIGHT="54"
                          WIDTH="139"
                          VPOS="1058"
                          HPOS="629"
                          CONTENT="vsque"/>
                  <SP HEIGHT="54" WIDTH="15" VPOS="1058" HPOS="768"/>
                  <String HEIGHT="54" WIDTH="93" VPOS="1058" HPOS="722" CONTENT="ad"/>
                  <SP HEIGHT="54" WIDTH="15" VPOS="1058" HPOS="814"/>
                  <String HEIGHT="54"
                          WIDTH="185"
                          VPOS="1058"
                          HPOS="768"
                          CONTENT="vnitatem"/>
                  <SP HEIGHT="54" WIDTH="15" VPOS="1058" HPOS="953"/>
                  <String HEIGHT="54"
                          WIDTH="108"
                          VPOS="1058"
                          HPOS="907"
                          CONTENT="est"/>
                  <SP HEIGHT="54" WIDTH="15" VPOS="1058" HPOS="1015"/>
                  <String HEIGHT="54"
                          WIDTH="154"
                          VPOS="1058"
                          HPOS="969"
                          CONTENT="maior."/>
                  <SP HEIGHT="54" WIDTH="15" VPOS="1058" HPOS="1123"/>
                  <String HEIGHT="54"
                          WIDTH="108"
                          VPOS="1058"
                          HPOS="1077"
                          CONTENT="Sed"/>
                  <SP HEIGHT="54" WIDTH="15" VPOS="1058" HPOS="1185"/>
                  <String HEIGHT="54"
                          WIDTH="139"
                          VPOS="1058"
                          HPOS="1138"
                          CONTENT="maius"/>
                  <SP HEIGHT="54" WIDTH="15" VPOS="1058" HPOS="1277"/>
                  <String HEIGHT="54" WIDTH="93" VPOS="1058" HPOS="1231" CONTENT="in"/>
                  <SP HEIGHT="54" WIDTH="15" VPOS="1058" HPOS="1324"/>
                  <String HEIGHT="54"
                          WIDTH="201"
                          VPOS="1058"
                          HPOS="1277"
                          CONTENT="discretis"/>
                  <SP HEIGHT="54" WIDTH="15" VPOS="1058" HPOS="1478"/>
                  <String HEIGHT="54"
                          WIDTH="170"
                          VPOS="1058"
                          HPOS="1432"
                          CONTENT="proprie"/>
                  <SP HEIGHT="54" WIDTH="15" VPOS="1058" HPOS="1602"/>
                  <String HEIGHT="54"
                          WIDTH="77"
                          VPOS="1058"
                          HPOS="1540"
                          CONTENT="ap"
                          SUBS_TYPE="HypPart1"
                          SUBS_CONTENT="appellatur"/>
                  <HYP CONTENT="-"/>
               </TextLine>
               <TextLine ID="r1l22"
                         BASELINE="1152"
                         HEIGHT="54"
                         WIDTH="1453"
                         VPOS="1098"
                         HPOS="155">
                  <String HEIGHT="54"
                          WIDTH="194"
                          VPOS="1098"
                          HPOS="139"
                          CONTENT="pellatur"
                          SUBS_TYPE="HypPart2"
                          SUBS_CONTENT="appellatur"/>
                  <SP HEIGHT="54" WIDTH="16" VPOS="1098" HPOS="333"/>
                  <String HEIGHT="54"
                          WIDTH="145"
                          VPOS="1098"
                          HPOS="284"
                          CONTENT="plus:"/>
                  <SP HEIGHT="54" WIDTH="16" VPOS="1098" HPOS="429"/>
                  <String HEIGHT="54" WIDTH="81" VPOS="1098" HPOS="381" CONTENT="&amp;"/>
                  <SP HEIGHT="54" WIDTH="16" VPOS="1098" HPOS="462"/>
                  <String HEIGHT="54" WIDTH="97" VPOS="1098" HPOS="413" CONTENT="in"/>
                  <SP HEIGHT="54" WIDTH="16" VPOS="1098" HPOS="510"/>
                  <String HEIGHT="54"
                          WIDTH="210"
                          VPOS="1098"
                          HPOS="462"
                          CONTENT="continuis"/>
                  <SP HEIGHT="54" WIDTH="16" VPOS="1098" HPOS="672"/>
                  <String HEIGHT="54"
                          WIDTH="129"
                          VPOS="1098"
                          HPOS="623"
                          CONTENT="omne"/>
                  <SP HEIGHT="54" WIDTH="16" VPOS="1098" HPOS="752"/>
                  <String HEIGHT="54"
                          WIDTH="145"
                          VPOS="1098"
                          HPOS="704"
                          CONTENT="nomen"/>
                  <SP HEIGHT="54" WIDTH="16" VPOS="1098" HPOS="849"/>
                  <String HEIGHT="54"
                          WIDTH="129"
                          VPOS="1098"
                          HPOS="801"
                          CONTENT="quod"/>
                  <SP HEIGHT="54" WIDTH="16" VPOS="1098" HPOS="930"/>
                  <String HEIGHT="54"
                          WIDTH="113"
                          VPOS="1098"
                          HPOS="882"
                          CONTENT="est"/>
                  <SP HEIGHT="54" WIDTH="16" VPOS="1098" HPOS="995"/>
                  <String HEIGHT="54"
                          WIDTH="145"
                          VPOS="1098"
                          HPOS="946"
                          CONTENT="maius"/>
                  <SP HEIGHT="54" WIDTH="16" VPOS="1098" HPOS="1091"/>
                  <String HEIGHT="54" WIDTH="81" VPOS="1098" HPOS="1043" CONTENT="a"/>
                  <SP HEIGHT="54" WIDTH="16" VPOS="1098" HPOS="1124"/>
                  <String HEIGHT="54"
                          WIDTH="242"
                          VPOS="1098"
                          HPOS="1075"
                          CONTENT="proprietate"/>
                  <SP HEIGHT="54" WIDTH="16" VPOS="1098" HPOS="1317"/>
                  <String HEIGHT="54"
                          WIDTH="210"
                          VPOS="1098"
                          HPOS="1269"
                          CONTENT="seruatur."/>
                  <SP HEIGHT="54" WIDTH="16" VPOS="1098" HPOS="1479"/>
                  <String HEIGHT="54"
                          WIDTH="145"
                          VPOS="1098"
                          HPOS="1430"
                          CONTENT="Maius"/>
                  <SP HEIGHT="54" WIDTH="16" VPOS="1098" HPOS="1576"/>
                  <String HEIGHT="54"
                          WIDTH="113"
                          VPOS="1098"
                          HPOS="1527"
                          CONTENT="au-"/>
                  <SP HEIGHT="54" WIDTH="16" VPOS="1098" HPOS="1640"/>
                  <String HEIGHT="54" WIDTH="32" VPOS="1098" HPOS="1576" CONTENT=""/>
               </TextLine>
               <TextLine ID="r1l23"
                         BASELINE="1195"
                         HEIGHT="48"
                         WIDTH="1440"
                         VPOS="1147"
                         HPOS="158">
                  <String HEIGHT="48"
                          WIDTH="108"
                          VPOS="1147"
                          HPOS="143"
                          CONTENT="tem"/>
                  <SP HEIGHT="48" WIDTH="15" VPOS="1147" HPOS="251"/>
                  <String HEIGHT="48" WIDTH="93" VPOS="1147" HPOS="204" CONTENT="in"/>
                  <SP HEIGHT="48" WIDTH="15" VPOS="1147" HPOS="297"/>
                  <String HEIGHT="48"
                          WIDTH="217"
                          VPOS="1147"
                          HPOS="251"
                          CONTENT="quantitate"/>
                  <SP HEIGHT="48" WIDTH="15" VPOS="1147" HPOS="468"/>
                  <String HEIGHT="48"
                          WIDTH="248"
                          VPOS="1147"
                          HPOS="421"
                          CONTENT="perfectionis"/>
                  <SP HEIGHT="48" WIDTH="15" VPOS="1147" HPOS="669"/>
                  <String HEIGHT="48"
                          WIDTH="124"
                          VPOS="1147"
                          HPOS="623"
                          CONTENT="siue"/>
                  <SP HEIGHT="48" WIDTH="15" VPOS="1147" HPOS="746"/>
                  <String HEIGHT="48"
                          WIDTH="186"
                          VPOS="1147"
                          HPOS="700"
                          CONTENT="virtutis"/>
                  <SP HEIGHT="48" WIDTH="15" VPOS="1147" HPOS="886"/>
                  <String HEIGHT="48"
                          WIDTH="170"
                          VPOS="1147"
                          HPOS="839"
                          CONTENT="proprie"/>
                  <SP HEIGHT="48" WIDTH="15" VPOS="1147" HPOS="1010"/>
                  <String HEIGHT="48"
                          WIDTH="217"
                          VPOS="1147"
                          HPOS="963"
                          CONTENT="appellatur"/>
                  <SP HEIGHT="48" WIDTH="15" VPOS="1147" HPOS="1180"/>
                  <String HEIGHT="48"
                          WIDTH="155"
                          VPOS="1147"
                          HPOS="1133"
                          CONTENT="magis:"/>
                  <SP HEIGHT="48" WIDTH="15" VPOS="1147" HPOS="1288"/>
                  <String HEIGHT="48"
                          WIDTH="108"
                          VPOS="1147"
                          HPOS="1242"
                          CONTENT="sed"/>
                  <SP HEIGHT="48" WIDTH="15" VPOS="1147" HPOS="1350"/>
                  <String HEIGHT="48"
                          WIDTH="139"
                          VPOS="1147"
                          HPOS="1304"
                          CONTENT="minus"/>
                  <SP HEIGHT="48" WIDTH="15" VPOS="1147" HPOS="1443"/>
                  <String HEIGHT="48"
                          WIDTH="108"
                          VPOS="1147"
                          HPOS="1397"
                          CONTENT="sub"/>
                  <SP HEIGHT="48" WIDTH="15" VPOS="1147" HPOS="1505"/>
                  <String HEIGHT="48"
                          WIDTH="139"
                          VPOS="1147"
                          HPOS="1459"
                          CONTENT="eodem"/>
                  <SP HEIGHT="48" WIDTH="15" VPOS="1147" HPOS="1598"/>
                  <String HEIGHT="48" WIDTH="62" VPOS="1147" HPOS="1536" CONTENT="no"/>
               </TextLine>
               <TextLine ID="r1l24"
                         BASELINE="1241"
                         HEIGHT="53"
                         WIDTH="1457"
                         VPOS="1188"
                         HPOS="154">
                  <String HEIGHT="53"
                          WIDTH="131"
                          VPOS="1188"
                          HPOS="138"
                          CONTENT="mine"/>
                  <SP HEIGHT="53" WIDTH="16" VPOS="1188" HPOS="269"/>
                  <String HEIGHT="53" WIDTH="98" VPOS="1188" HPOS="219" CONTENT="in"/>
                  <SP HEIGHT="53" WIDTH="16" VPOS="1188" HPOS="318"/>
                  <String HEIGHT="53"
                          WIDTH="196"
                          VPOS="1188"
                          HPOS="269"
                          CONTENT="singulis"/>
                  <SP HEIGHT="53" WIDTH="16" VPOS="1188" HPOS="465"/>
                  <String HEIGHT="53"
                          WIDTH="229"
                          VPOS="1188"
                          HPOS="416"
                          CONTENT="inuenitur."/>
                  <SP HEIGHT="53" WIDTH="16" VPOS="1188" HPOS="645"/>
                  <String HEIGHT="53" WIDTH="98" VPOS="1188" HPOS="596" CONTENT="Et"/>
                  <SP HEIGHT="53" WIDTH="16" VPOS="1188" HPOS="694"/>
                  <String HEIGHT="53"
                          WIDTH="213"
                          VPOS="1188"
                          HPOS="645"
                          CONTENT="inaequale"/>
                  <SP HEIGHT="53" WIDTH="16" VPOS="1188" HPOS="858"/>
                  <String HEIGHT="53" WIDTH="98" VPOS="1188" HPOS="809" CONTENT="in"/>
                  <SP HEIGHT="53" WIDTH="16" VPOS="1188" HPOS="907"/>
                  <String HEIGHT="53"
                          WIDTH="213"
                          VPOS="1188"
                          HPOS="858"
                          CONTENT="discretis"/>
                  <SP HEIGHT="53" WIDTH="16" VPOS="1188" HPOS="1071"/>
                  <String HEIGHT="53"
                          WIDTH="196"
                          VPOS="1188"
                          HPOS="1022"
                          CONTENT="excedens"/>
                  <SP HEIGHT="53" WIDTH="16" VPOS="1188" HPOS="1218"/>
                  <String HEIGHT="53"
                          WIDTH="229"
                          VPOS="1188"
                          HPOS="1169"
                          CONTENT="appellatur"/>
                  <SP HEIGHT="53" WIDTH="16" VPOS="1188" HPOS="1398"/>
                  <String HEIGHT="53"
                          WIDTH="180"
                          VPOS="1188"
                          HPOS="1349"
                          CONTENT="multum:"/>
                  <SP HEIGHT="53" WIDTH="16" VPOS="1188" HPOS="1529"/>
                  <String HEIGHT="53" WIDTH="82" VPOS="1188" HPOS="1480" CONTENT="&amp;"/>
                  <SP HEIGHT="53" WIDTH="16" VPOS="1188" HPOS="1562"/>
                  <String HEIGHT="53"
                          WIDTH="115"
                          VPOS="1188"
                          HPOS="1496"
                          CONTENT="defi"
                          SUBS_TYPE="HypPart1"
                          SUBS_CONTENT="deficiens"/>
                  <HYP CONTENT="-"/>
               </TextLine>
               <TextLine ID="r1l25"
                         BASELINE="1285"
                         HEIGHT="56"
                         WIDTH="1449"
                         VPOS="1229"
                         HPOS="159">
                  <String HEIGHT="56"
                          WIDTH="148"
                          VPOS="1229"
                          HPOS="143"
                          CONTENT="ciens"
                          SUBS_TYPE="HypPart2"
                          SUBS_CONTENT="deficiens"/>
                  <SP HEIGHT="56" WIDTH="16" VPOS="1229" HPOS="291"/>
                  <String HEIGHT="56"
                          WIDTH="231"
                          VPOS="1229"
                          HPOS="241"
                          CONTENT="appellatur"/>
                  <SP HEIGHT="56" WIDTH="16" VPOS="1229" HPOS="472"/>
                  <String HEIGHT="56"
                          WIDTH="181"
                          VPOS="1229"
                          HPOS="422"
                          CONTENT="paucum."/>
                  <SP HEIGHT="56" WIDTH="16" VPOS="1229" HPOS="604"/>
                  <String HEIGHT="56" WIDTH="99" VPOS="1229" HPOS="554" CONTENT="In"/>
                  <SP HEIGHT="56" WIDTH="16" VPOS="1229" HPOS="653"/>
                  <String HEIGHT="56"
                          WIDTH="214"
                          VPOS="1229"
                          HPOS="604"
                          CONTENT="continuis"/>
                  <SP HEIGHT="56" WIDTH="16" VPOS="1229" HPOS="818"/>
                  <String HEIGHT="56"
                          WIDTH="132"
                          VPOS="1229"
                          HPOS="768"
                          CONTENT="vero"/>
                  <SP HEIGHT="56" WIDTH="16" VPOS="1229" HPOS="900"/>
                  <String HEIGHT="56" WIDTH="82" VPOS="1229" HPOS="851" CONTENT="&amp;"/>
                  <SP HEIGHT="56" WIDTH="16" VPOS="1229" HPOS="933"/>
                  <String HEIGHT="56" WIDTH="99" VPOS="1229" HPOS="884" CONTENT="in"/>
                  <SP HEIGHT="56" WIDTH="16" VPOS="1229" HPOS="982"/>
                  <String HEIGHT="56"
                          WIDTH="280"
                          VPOS="1229"
                          HPOS="933"
                          CONTENT="quantitatibus"/>
                  <SP HEIGHT="56" WIDTH="16" VPOS="1229" HPOS="1213"/>
                  <String HEIGHT="56"
                          WIDTH="198"
                          VPOS="1229"
                          HPOS="1163"
                          CONTENT="virtutis"/>
                  <SP HEIGHT="56" WIDTH="16" VPOS="1229" HPOS="1361"/>
                  <String HEIGHT="56"
                          WIDTH="198"
                          VPOS="1229"
                          HPOS="1312"
                          CONTENT="excedens"/>
                  <SP HEIGHT="56" WIDTH="16" VPOS="1229" HPOS="1509"/>
                  <String HEIGHT="56"
                          WIDTH="165"
                          VPOS="1229"
                          HPOS="1443"
                          CONTENT="appella"
                          SUBS_TYPE="HypPart1"
                          SUBS_CONTENT="appellatur"/>
                  <HYP CONTENT="-"/>
               </TextLine>
               <TextLine ID="r1l26"
                         BASELINE="1325"
                         HEIGHT="51"
                         WIDTH="1459"
                         VPOS="1274"
                         HPOS="153">
                  <String HEIGHT="51"
                          WIDTH="109"
                          VPOS="1274"
                          HPOS="137"
                          CONTENT="tur"
                          SUBS_TYPE="HypPart2"
                          SUBS_CONTENT="appellatur"/>
                  <SP HEIGHT="51" WIDTH="16" VPOS="1274" HPOS="246"/>
                  <String HEIGHT="51"
                          WIDTH="171"
                          VPOS="1274"
                          HPOS="200"
                          CONTENT="magnum:"/>
                  <SP HEIGHT="51" WIDTH="16" VPOS="1274" HPOS="370"/>
                  <String HEIGHT="51" WIDTH="78" VPOS="1274" HPOS="324" CONTENT="&amp;"/>
                  <SP HEIGHT="51" WIDTH="16" VPOS="1274" HPOS="401"/>
                  <String HEIGHT="51"
                          WIDTH="202"
                          VPOS="1274"
                          HPOS="355"
                          CONTENT="deficiens"/>
                  <SP HEIGHT="51" WIDTH="16" VPOS="1274" HPOS="557"/>
                  <String HEIGHT="51"
                          WIDTH="171"
                          VPOS="1274"
                          HPOS="510"
                          CONTENT="paruum."/>
                  <SP HEIGHT="51" WIDTH="16" VPOS="1274" HPOS="681"/>
                  <String HEIGHT="51" WIDTH="93" VPOS="1274" HPOS="634" CONTENT="Et"/>
                  <SP HEIGHT="51" WIDTH="16" VPOS="1274" HPOS="727"/>
                  <String HEIGHT="51" WIDTH="93" VPOS="1274" HPOS="681" CONTENT="in"/>
                  <SP HEIGHT="51" WIDTH="16" VPOS="1274" HPOS="774"/>
                  <String HEIGHT="51"
                          WIDTH="217"
                          VPOS="1274"
                          HPOS="727"
                          CONTENT="quantitate"/>
                  <SP HEIGHT="51" WIDTH="16" VPOS="1274" HPOS="945"/>
                  <String HEIGHT="51"
                          WIDTH="248"
                          VPOS="1274"
                          HPOS="898"
                          CONTENT="perfectionis"/>
                  <SP HEIGHT="51" WIDTH="16" VPOS="1274" HPOS="1146"/>
                  <String HEIGHT="51"
                          WIDTH="109"
                          VPOS="1274"
                          HPOS="1100"
                          CONTENT="(in"/>
                  <SP HEIGHT="51" WIDTH="16" VPOS="1274" HPOS="1208"/>
                  <String HEIGHT="51"
                          WIDTH="202"
                          VPOS="1274"
                          HPOS="1162"
                          CONTENT="qualitate"/>
                  <SP HEIGHT="51" WIDTH="16" VPOS="1274" HPOS="1364"/>
                  <String HEIGHT="51"
                          WIDTH="233"
                          VPOS="1274"
                          HPOS="1317"
                          CONTENT="accidentali"/>
                  <SP HEIGHT="51" WIDTH="16" VPOS="1274" HPOS="1550"/>
                  <String HEIGHT="51"
                          WIDTH="124"
                          VPOS="1274"
                          HPOS="1488"
                          CONTENT="specia"/>
               </TextLine>
               <TextLine ID="r1l27"
                         BASELINE="1366"
                         HEIGHT="47"
                         WIDTH="1449"
                         VPOS="1319"
                         HPOS="156">
                  <String HEIGHT="47"
                          WIDTH="146"
                          VPOS="1319"
                          HPOS="141"
                          CONTENT="liter)"/>
                  <SP HEIGHT="47" WIDTH="15" VPOS="1319" HPOS="288"/>
                  <String HEIGHT="47"
                          WIDTH="190"
                          VPOS="1319"
                          HPOS="244"
                          CONTENT="deficiens"/>
                  <SP HEIGHT="47" WIDTH="15" VPOS="1319" HPOS="434"/>
                  <String HEIGHT="47"
                          WIDTH="161"
                          VPOS="1319"
                          HPOS="390"
                          CONTENT="dicitur"/>
                  <SP HEIGHT="47" WIDTH="15" VPOS="1319" HPOS="551"/>
                  <String HEIGHT="47"
                          WIDTH="146"
                          VPOS="1319"
                          HPOS="507"
                          CONTENT="parum:"/>
                  <SP HEIGHT="47" WIDTH="15" VPOS="1319" HPOS="654"/>
                  <String HEIGHT="47" WIDTH="88" VPOS="1319" HPOS="610" CONTENT="vt"/>
                  <SP HEIGHT="47" WIDTH="15" VPOS="1319" HPOS="698"/>
                  <String HEIGHT="47"
                          WIDTH="132"
                          VPOS="1319"
                          HPOS="654"
                          CONTENT="parum"/>
                  <SP HEIGHT="47" WIDTH="15" VPOS="1319" HPOS="785"/>
                  <String HEIGHT="47"
                          WIDTH="176"
                          VPOS="1319"
                          HPOS="741"
                          CONTENT="calidum."/>
                  <SP HEIGHT="47" WIDTH="15" VPOS="1319" HPOS="917"/>
                  <String HEIGHT="47" WIDTH="88" VPOS="1319" HPOS="873" CONTENT="Et"/>
                  <SP HEIGHT="47" WIDTH="15" VPOS="1319" HPOS="961"/>
                  <String HEIGHT="47"
                          WIDTH="161"
                          VPOS="1319"
                          HPOS="917"
                          CONTENT="recipit"/>
                  <SP HEIGHT="47" WIDTH="15" VPOS="1319" HPOS="1078"/>
                  <String HEIGHT="47"
                          WIDTH="190"
                          VPOS="1319"
                          HPOS="1034"
                          CONTENT="inaequale"/>
                  <SP HEIGHT="47" WIDTH="15" VPOS="1319" HPOS="1224"/>
                  <String HEIGHT="47"
                          WIDTH="176"
                          VPOS="1319"
                          HPOS="1181"
                          CONTENT="secundum"/>
                  <SP HEIGHT="47" WIDTH="15" VPOS="1319" HPOS="1356"/>
                  <String HEIGHT="47"
                          WIDTH="176"
                          VPOS="1319"
                          HPOS="1312"
                          CONTENT="excessum"/>
                  <SP HEIGHT="47" WIDTH="15" VPOS="1319" HPOS="1488"/>
                  <String HEIGHT="47" WIDTH="88" VPOS="1319" HPOS="1444" CONTENT="in"/>
                  <SP HEIGHT="47" WIDTH="15" VPOS="1319" HPOS="1532"/>
                  <String HEIGHT="47"
                          WIDTH="132"
                          VPOS="1319"
                          HPOS="1473"
                          CONTENT="discre"
                          SUBS_TYPE="HypPart1"
                          SUBS_CONTENT="discretis"/>
                  <HYP CONTENT="-"/>
               </TextLine>
               <TextLine ID="r1l28"
                         BASELINE="1420"
                         HEIGHT="58"
                         WIDTH="1449"
                         VPOS="1362"
                         HPOS="154">
                  <String HEIGHT="58"
                          WIDTH="117"
                          VPOS="1362"
                          HPOS="137"
                          CONTENT="tis"
                          SUBS_TYPE="HypPart2"
                          SUBS_CONTENT="discretis"/>
                  <SP HEIGHT="58" WIDTH="17" VPOS="1362" HPOS="254"/>
                  <String HEIGHT="58"
                          WIDTH="283"
                          VPOS="1362"
                          HPOS="204"
                          CONTENT="comparationem"/>
                  <SP HEIGHT="58" WIDTH="17" VPOS="1362" HPOS="487"/>
                  <String HEIGHT="58"
                          WIDTH="133"
                          VPOS="1362"
                          HPOS="437"
                          CONTENT="sic,"/>
                  <SP HEIGHT="58" WIDTH="17" VPOS="1362" HPOS="570"/>
                  <String HEIGHT="58"
                          WIDTH="167"
                          VPOS="1362"
                          HPOS="520"
                          CONTENT="multum"/>
                  <SP HEIGHT="58" WIDTH="17" VPOS="1362" HPOS="687"/>
                  <String HEIGHT="58"
                          WIDTH="133"
                          VPOS="1362"
                          HPOS="637"
                          CONTENT="plus"/>
                  <SP HEIGHT="58" WIDTH="17" VPOS="1362" HPOS="770"/>
                  <String HEIGHT="58"
                          WIDTH="217"
                          VPOS="1362"
                          HPOS="720"
                          CONTENT="plurimum:"/>
                  <SP HEIGHT="58" WIDTH="17" VPOS="1362" HPOS="937"/>
                  <String HEIGHT="58" WIDTH="83" VPOS="1362" HPOS="887" CONTENT="&amp;"/>
                  <SP HEIGHT="58" WIDTH="17" VPOS="1362" HPOS="970"/>
                  <String HEIGHT="58" WIDTH="100" VPOS="1362" HPOS="920" CONTENT="in"/>
                  <SP HEIGHT="58" WIDTH="17" VPOS="1362" HPOS="1020"/>
                  <String HEIGHT="58"
                          WIDTH="217"
                          VPOS="1362"
                          HPOS="970"
                          CONTENT="continuis"/>
                  <SP HEIGHT="58" WIDTH="17" VPOS="1362" HPOS="1187"/>
                  <String HEIGHT="58"
                          WIDTH="100"
                          VPOS="1362"
                          HPOS="1137"
                          CONTENT="ac"/>
                  <SP HEIGHT="58" WIDTH="17" VPOS="1362" HPOS="1237"/>
                  <String HEIGHT="58"
                          WIDTH="183"
                          VPOS="1362"
                          HPOS="1187"
                          CONTENT="quantis"/>
                  <SP HEIGHT="58" WIDTH="17" VPOS="1362" HPOS="1370"/>
                  <String HEIGHT="58"
                          WIDTH="250"
                          VPOS="1362"
                          HPOS="1320"
                          CONTENT="perfectione"/>
                  <SP HEIGHT="58" WIDTH="17" VPOS="1362" HPOS="1570"/>
                  <String HEIGHT="58"
                          WIDTH="100"
                          VPOS="1362"
                          HPOS="1503"
                          CONTENT="sic,"/>
               </TextLine>
               <TextLine ID="r1l29"
                         BASELINE="1465"
                         HEIGHT="53"
                         WIDTH="1456"
                         VPOS="1412"
                         HPOS="153">
                  <String HEIGHT="53"
                          WIDTH="182"
                          VPOS="1412"
                          HPOS="135"
                          CONTENT="magnum"/>
                  <SP HEIGHT="53" WIDTH="18" VPOS="1412" HPOS="317"/>
                  <String HEIGHT="53"
                          WIDTH="164"
                          VPOS="1412"
                          HPOS="262"
                          CONTENT="maius"/>
                  <SP HEIGHT="53" WIDTH="18" VPOS="1412" HPOS="426"/>
                  <String HEIGHT="53"
                          WIDTH="218"
                          VPOS="1412"
                          HPOS="371"
                          CONTENT="maximum."/>
                  <SP HEIGHT="53" WIDTH="18" VPOS="1412" HPOS="590"/>
                  <String HEIGHT="53"
                          WIDTH="237"
                          VPOS="1412"
                          HPOS="535"
                          CONTENT="Inaequale"/>
                  <SP HEIGHT="53" WIDTH="18" VPOS="1412" HPOS="772"/>
                  <String HEIGHT="53"
                          WIDTH="146"
                          VPOS="1412"
                          HPOS="717"
                          CONTENT="vero"/>
                  <SP HEIGHT="53" WIDTH="18" VPOS="1412" HPOS="863"/>
                  <String HEIGHT="53"
                          WIDTH="218"
                          VPOS="1412"
                          HPOS="808"
                          CONTENT="secundum"/>
                  <SP HEIGHT="53" WIDTH="18" VPOS="1412" HPOS="1027"/>
                  <String HEIGHT="53"
                          WIDTH="218"
                          VPOS="1412"
                          HPOS="972"
                          CONTENT="defectum"/>
                  <SP HEIGHT="53" WIDTH="18" VPOS="1412" HPOS="1190"/>
                  <String HEIGHT="53"
                          WIDTH="200"
                          VPOS="1412"
                          HPOS="1136"
                          CONTENT="recipit"/>
                  <SP HEIGHT="53" WIDTH="18" VPOS="1412" HPOS="1336"/>
                  <String HEIGHT="53"
                          WIDTH="309"
                          VPOS="1412"
                          HPOS="1281"
                          CONTENT="comparationem"/>
                  <SP HEIGHT="53" WIDTH="18" VPOS="1412" HPOS="1591"/>
                  <String HEIGHT="53"
                          WIDTH="91"
                          VPOS="1412"
                          HPOS="1518"
                          CONTENT="sic"/>
               </TextLine>
               <TextLine ID="r1l30"
                         BASELINE="1510"
                         HEIGHT="54"
                         WIDTH="1453"
                         VPOS="1456"
                         HPOS="151">
                  <String HEIGHT="54"
                          WIDTH="175"
                          VPOS="1456"
                          HPOS="133"
                          CONTENT="paruum"/>
                  <SP HEIGHT="54" WIDTH="18" VPOS="1456" HPOS="309"/>
                  <String HEIGHT="54"
                          WIDTH="140"
                          VPOS="1456"
                          HPOS="256"
                          CONTENT="siue"/>
                  <SP HEIGHT="54" WIDTH="18" VPOS="1456" HPOS="396"/>
                  <String HEIGHT="54"
                          WIDTH="158"
                          VPOS="1456"
                          HPOS="344"
                          CONTENT="parum"/>
                  <SP HEIGHT="54" WIDTH="18" VPOS="1456" HPOS="501"/>
                  <String HEIGHT="54"
                          WIDTH="140"
                          VPOS="1456"
                          HPOS="449"
                          CONTENT="siue"/>
                  <SP HEIGHT="54" WIDTH="18" VPOS="1456" HPOS="589"/>
                  <String HEIGHT="54"
                          WIDTH="175"
                          VPOS="1456"
                          HPOS="536"
                          CONTENT="paucum"/>
                  <SP HEIGHT="54" WIDTH="18" VPOS="1456" HPOS="711"/>
                  <String HEIGHT="54"
                          WIDTH="158"
                          VPOS="1456"
                          HPOS="659"
                          CONTENT="minus"/>
                  <SP HEIGHT="54" WIDTH="18" VPOS="1456" HPOS="816"/>
                  <String HEIGHT="54"
                          WIDTH="210"
                          VPOS="1456"
                          HPOS="764"
                          CONTENT="minimum."/>
                  <SP HEIGHT="54" WIDTH="18" VPOS="1456" HPOS="974"/>
                  <String HEIGHT="54" WIDTH="105" VPOS="1456" HPOS="921" CONTENT="In"/>
                  <SP HEIGHT="54" WIDTH="18" VPOS="1456" HPOS="1026"/>
                  <String HEIGHT="54"
                          WIDTH="228"
                          VPOS="1456"
                          HPOS="974"
                          CONTENT="continuis"/>
                  <SP HEIGHT="54" WIDTH="18" VPOS="1456" HPOS="1201"/>
                  <String HEIGHT="54"
                          WIDTH="140"
                          VPOS="1456"
                          HPOS="1149"
                          CONTENT="enim"/>
                  <SP HEIGHT="54" WIDTH="18" VPOS="1456" HPOS="1289"/>
                  <String HEIGHT="54"
                          WIDTH="175"
                          VPOS="1456"
                          HPOS="1236"
                          CONTENT="gradus"/>
                  <SP HEIGHT="54" WIDTH="18" VPOS="1456" HPOS="1411"/>
                  <String HEIGHT="54"
                          WIDTH="228"
                          VPOS="1456"
                          HPOS="1359"
                          CONTENT="positiuus"/>
                  <SP HEIGHT="54" WIDTH="18" VPOS="1456" HPOS="1586"/>
                  <String HEIGHT="54"
                          WIDTH="88"
                          VPOS="1456"
                          HPOS="1516"
                          CONTENT="est"/>
               </TextLine>
               <TextLine ID="r1l31"
                         BASELINE="1553"
                         HEIGHT="51"
                         WIDTH="1448"
                         VPOS="1502"
                         HPOS="154">
                  <String HEIGHT="51"
                          WIDTH="194"
                          VPOS="1502"
                          HPOS="136"
                          CONTENT="paruum:"/>
                  <SP HEIGHT="51" WIDTH="18" VPOS="1502" HPOS="331"/>
                  <String HEIGHT="51" WIDTH="106" VPOS="1502" HPOS="278" CONTENT="in"/>
                  <SP HEIGHT="51" WIDTH="18" VPOS="1502" HPOS="384"/>
                  <String HEIGHT="51"
                          WIDTH="230"
                          VPOS="1502"
                          HPOS="331"
                          CONTENT="discretis"/>
                  <SP HEIGHT="51" WIDTH="18" VPOS="1502" HPOS="560"/>
                  <String HEIGHT="51"
                          WIDTH="159"
                          VPOS="1502"
                          HPOS="507"
                          CONTENT="autem"/>
                  <SP HEIGHT="51" WIDTH="18" VPOS="1502" HPOS="666"/>
                  <String HEIGHT="51"
                          WIDTH="194"
                          VPOS="1502"
                          HPOS="613"
                          CONTENT="paucum:"/>
                  <SP HEIGHT="51" WIDTH="18" VPOS="1502" HPOS="807"/>
                  <String HEIGHT="51"
                          WIDTH="247"
                          VPOS="1502"
                          HPOS="754"
                          CONTENT="communiter"/>
                  <SP HEIGHT="51" WIDTH="18" VPOS="1502" HPOS="1002"/>
                  <String HEIGHT="51"
                          WIDTH="159"
                          VPOS="1502"
                          HPOS="949"
                          CONTENT="autem"/>
                  <SP HEIGHT="51" WIDTH="18" VPOS="1502" HPOS="1108"/>
                  <String HEIGHT="51"
                          WIDTH="106"
                          VPOS="1502"
                          HPOS="1055"
                          CONTENT="in"/>
                  <SP HEIGHT="51" WIDTH="18" VPOS="1502" HPOS="1161"/>
                  <String HEIGHT="51"
                          WIDTH="194"
                          VPOS="1502"
                          HPOS="1108"
                          CONTENT="vtroque"/>
                  <SP HEIGHT="51" WIDTH="18" VPOS="1502" HPOS="1302"/>
                  <String HEIGHT="51"
                          WIDTH="177"
                          VPOS="1502"
                          HPOS="1249"
                          CONTENT="parum."/>
                  <SP HEIGHT="51" WIDTH="18" VPOS="1502" HPOS="1425"/>
                  <String HEIGHT="51"
                          WIDTH="247"
                          VPOS="1502"
                          HPOS="1355"
                          CONTENT="Comparatiuus"/>
               </TextLine>
               <TextLine ID="r1l32"
                         BASELINE="1599"
                         HEIGHT="58"
                         WIDTH="1453"
                         VPOS="1541"
                         HPOS="151">
                  <String HEIGHT="58"
                          WIDTH="147"
                          VPOS="1541"
                          HPOS="135"
                          CONTENT="autem"/>
                  <SP HEIGHT="58" WIDTH="16" VPOS="1541" HPOS="282"/>
                  <String HEIGHT="58"
                          WIDTH="163"
                          VPOS="1541"
                          HPOS="233"
                          CONTENT="gradus"/>
                  <SP HEIGHT="58" WIDTH="16" VPOS="1541" HPOS="396"/>
                  <String HEIGHT="58" WIDTH="82" VPOS="1541" HPOS="347" CONTENT="&amp;"/>
                  <SP HEIGHT="58" WIDTH="16" VPOS="1541" HPOS="429"/>
                  <String HEIGHT="58"
                          WIDTH="212"
                          VPOS="1541"
                          HPOS="380"
                          CONTENT="similiter"/>
                  <SP HEIGHT="58" WIDTH="16" VPOS="1541" HPOS="592"/>
                  <String HEIGHT="58"
                          WIDTH="261"
                          VPOS="1541"
                          HPOS="543"
                          CONTENT="superlatiuus"/>
                  <SP HEIGHT="58" WIDTH="16" VPOS="1541" HPOS="804"/>
                  <String HEIGHT="58"
                          WIDTH="114"
                          VPOS="1541"
                          HPOS="755"
                          CONTENT="non"/>
                  <SP HEIGHT="58" WIDTH="16" VPOS="1541" HPOS="869"/>
                  <String HEIGHT="58"
                          WIDTH="212"
                          VPOS="1541"
                          HPOS="820"
                          CONTENT="mutantur."/>
                  <SP HEIGHT="58" WIDTH="16" VPOS="1541" HPOS="1033"/>
                  <String HEIGHT="58" WIDTH="82" VPOS="1541" HPOS="984" CONTENT=""/>
                  <SP HEIGHT="58" WIDTH="16" VPOS="1541" HPOS="1065"/>
                  <String HEIGHT="58"
                          WIDTH="114"
                          VPOS="1541"
                          HPOS="1016"
                          CONTENT="Sed"/>
                  <SP HEIGHT="58" WIDTH="16" VPOS="1541" HPOS="1131"/>
                  <String HEIGHT="58"
                          WIDTH="114"
                          VPOS="1541"
                          HPOS="1082"
                          CONTENT="est"/>
                  <SP HEIGHT="58" WIDTH="16" VPOS="1541" HPOS="1196"/>
                  <String HEIGHT="58"
                          WIDTH="245"
                          VPOS="1541"
                          HPOS="1147"
                          CONTENT="aduertendum"/>
                  <SP HEIGHT="58" WIDTH="16" VPOS="1541" HPOS="1392"/>
                  <String HEIGHT="58"
                          WIDTH="131"
                          VPOS="1541"
                          HPOS="1343"
                          CONTENT="quod"/>
                  <SP HEIGHT="58" WIDTH="16" VPOS="1541" HPOS="1473"/>
                  <String HEIGHT="58"
                          WIDTH="163"
                          VPOS="1541"
                          HPOS="1424"
                          CONTENT="multum"/>
                  <SP HEIGHT="58" WIDTH="16" VPOS="1541" HPOS="1588"/>
                  <String HEIGHT="58" WIDTH="98" VPOS="1541" HPOS="1539" CONTENT="in"/>
                  <SP HEIGHT="58" WIDTH="16" VPOS="1541" HPOS="1637"/>
                  <String HEIGHT="58" WIDTH="33" VPOS="1541" HPOS="1571" CONTENT=""/>
               </TextLine>
               <TextLine ID="r1l33"
                         BASELINE="1645"
                         HEIGHT="57"
                         WIDTH="1442"
                         VPOS="1588"
                         HPOS="161">
                  <String HEIGHT="57"
                          WIDTH="227"
                          VPOS="1588"
                          HPOS="145"
                          CONTENT="quantitate"/>
                  <SP HEIGHT="57" WIDTH="16" VPOS="1588" HPOS="372"/>
                  <String HEIGHT="57"
                          WIDTH="211"
                          VPOS="1588"
                          HPOS="323"
                          CONTENT="aequiuoce"/>
                  <SP HEIGHT="57" WIDTH="16" VPOS="1588" HPOS="534"/>
                  <String HEIGHT="57"
                          WIDTH="227"
                          VPOS="1588"
                          HPOS="485"
                          CONTENT="accipitur,"/>
                  <SP HEIGHT="57" WIDTH="16" VPOS="1588" HPOS="712"/>
                  <String HEIGHT="57"
                          WIDTH="146"
                          VPOS="1588"
                          HPOS="663"
                          CONTENT="prout"/>
                  <SP HEIGHT="57" WIDTH="16" VPOS="1588" HPOS="809"/>
                  <String HEIGHT="57"
                          WIDTH="130"
                          VPOS="1588"
                          HPOS="760"
                          CONTENT="idem"/>
                  <SP HEIGHT="57" WIDTH="16" VPOS="1588" HPOS="890"/>
                  <String HEIGHT="57"
                          WIDTH="113"
                          VPOS="1588"
                          HPOS="841"
                          CONTENT="est"/>
                  <SP HEIGHT="57" WIDTH="16" VPOS="1588" HPOS="955"/>
                  <String HEIGHT="57"
                          WIDTH="130"
                          VPOS="1588"
                          HPOS="906"
                          CONTENT="quod"/>
                  <SP HEIGHT="57" WIDTH="16" VPOS="1588" HPOS="1036"/>
                  <String HEIGHT="57"
                          WIDTH="162"
                          VPOS="1588"
                          HPOS="987"
                          CONTENT="habens"/>
                  <SP HEIGHT="57" WIDTH="16" VPOS="1588" HPOS="1149"/>
                  <String HEIGHT="57" WIDTH="97" VPOS="1588" HPOS="1101" CONTENT="in"/>
                  <SP HEIGHT="57" WIDTH="16" VPOS="1588" HPOS="1198"/>
                  <String HEIGHT="57" WIDTH="97" VPOS="1588" HPOS="1149" CONTENT="se"/>
                  <SP HEIGHT="57" WIDTH="16" VPOS="1588" HPOS="1247"/>
                  <String HEIGHT="57"
                          WIDTH="146"
                          VPOS="1588"
                          HPOS="1198"
                          CONTENT="plura"/>
                  <SP HEIGHT="57" WIDTH="16" VPOS="1588" HPOS="1344"/>
                  <String HEIGHT="57"
                          WIDTH="130"
                          VPOS="1588"
                          HPOS="1295"
                          CONTENT="siue"/>
                  <SP HEIGHT="57" WIDTH="16" VPOS="1588" HPOS="1425"/>
                  <String HEIGHT="57"
                          WIDTH="243"
                          VPOS="1588"
                          HPOS="1360"
                          CONTENT="multitudinem:"/>
               </TextLine>
               <TextLine ID="r1l34"
                         BASELINE="1685"
                         HEIGHT="53"
                         WIDTH="1446"
                         VPOS="1632"
                         HPOS="162">
                  <String HEIGHT="53"
                          WIDTH="268"
                          VPOS="1632"
                          HPOS="144"
                          CONTENT="quemadmodum"/>
                  <SP HEIGHT="53" WIDTH="18" VPOS="1632" HPOS="412"/>
                  <String HEIGHT="53"
                          WIDTH="196"
                          VPOS="1632"
                          HPOS="358"
                          CONTENT="aliquid"/>
                  <SP HEIGHT="53" WIDTH="18" VPOS="1632" HPOS="555"/>
                  <String HEIGHT="53"
                          WIDTH="196"
                          VPOS="1632"
                          HPOS="501"
                          CONTENT="dicitur"/>
                  <SP HEIGHT="53" WIDTH="18" VPOS="1632" HPOS="698"/>
                  <String HEIGHT="53"
                          WIDTH="179"
                          VPOS="1632"
                          HPOS="644"
                          CONTENT="magnum"/>
                  <SP HEIGHT="53" WIDTH="18" VPOS="1632" HPOS="823"/>
                  <String HEIGHT="53"
                          WIDTH="143"
                          VPOS="1632"
                          HPOS="769"
                          CONTENT="quia"/>
                  <SP HEIGHT="53" WIDTH="18" VPOS="1632" HPOS="912"/>
                  <String HEIGHT="53"
                          WIDTH="161"
                          VPOS="1632"
                          HPOS="858"
                          CONTENT="habet"/>
                  <SP HEIGHT="53" WIDTH="18" VPOS="1632" HPOS="1019"/>
                  <String HEIGHT="53" WIDTH="107" VPOS="1632" HPOS="965" CONTENT="in"/>
                  <SP HEIGHT="53" WIDTH="18" VPOS="1632" HPOS="1072"/>
                  <String HEIGHT="53"
                          WIDTH="107"
                          VPOS="1632"
                          HPOS="1019"
                          CONTENT="se"/>
                  <SP HEIGHT="53" WIDTH="18" VPOS="1632" HPOS="1126"/>
                  <String HEIGHT="53"
                          WIDTH="303"
                          VPOS="1632"
                          HPOS="1072"
                          CONTENT="magnitudinem:"/>
                  <SP HEIGHT="53" WIDTH="18" VPOS="1632" HPOS="1376"/>
                  <String HEIGHT="53" WIDTH="89" VPOS="1632" HPOS="1322" CONTENT="&amp;"/>
                  <SP HEIGHT="53" WIDTH="18" VPOS="1632" HPOS="1412"/>
                  <String HEIGHT="53"
                          WIDTH="125"
                          VPOS="1632"
                          HPOS="1358"
                          CONTENT="sic"/>
                  <SP HEIGHT="53" WIDTH="18" VPOS="1632" HPOS="1483"/>
                  <String HEIGHT="53"
                          WIDTH="161"
                          VPOS="1632"
                          HPOS="1429"
                          CONTENT="omnis"/>
                  <SP HEIGHT="53" WIDTH="18" VPOS="1632" HPOS="1590"/>
                  <String HEIGHT="53"
                          WIDTH="89"
                          VPOS="1632"
                          HPOS="1519"
                          CONTENT="nu"
                          SUBS_TYPE="HypPart1"
                          SUBS_CONTENT="numerus"/>
                  <HYP CONTENT="-"/>
               </TextLine>
               <TextLine ID="r1l35"
                         BASELINE="1729"
                         HEIGHT="51"
                         WIDTH="1460"
                         VPOS="1678"
                         HPOS="152">
                  <String HEIGHT="51"
                          WIDTH="148"
                          VPOS="1678"
                          HPOS="136"
                          CONTENT="merus"
                          SUBS_TYPE="HypPart2"
                          SUBS_CONTENT="numerus"/>
                  <SP HEIGHT="51" WIDTH="16" VPOS="1678" HPOS="283"/>
                  <String HEIGHT="51"
                          WIDTH="115"
                          VPOS="1678"
                          HPOS="234"
                          CONTENT="est"/>
                  <SP HEIGHT="51" WIDTH="16" VPOS="1678" HPOS="349"/>
                  <String HEIGHT="51"
                          WIDTH="180"
                          VPOS="1678"
                          HPOS="300"
                          CONTENT="multum:"/>
                  <SP HEIGHT="51" WIDTH="16" VPOS="1678" HPOS="480"/>
                  <String HEIGHT="51" WIDTH="82" VPOS="1678" HPOS="431" CONTENT="&amp;"/>
                  <SP HEIGHT="51" WIDTH="16" VPOS="1678" HPOS="513"/>
                  <String HEIGHT="51"
                          WIDTH="115"
                          VPOS="1678"
                          HPOS="464"
                          CONTENT="sic"/>
                  <SP HEIGHT="51" WIDTH="16" VPOS="1678" HPOS="579"/>
                  <String HEIGHT="51"
                          WIDTH="164"
                          VPOS="1678"
                          HPOS="529"
                          CONTENT="multum"/>
                  <SP HEIGHT="51" WIDTH="16" VPOS="1678" HPOS="693"/>
                  <String HEIGHT="51"
                          WIDTH="115"
                          VPOS="1678"
                          HPOS="644"
                          CONTENT="non"/>
                  <SP HEIGHT="51" WIDTH="16" VPOS="1678" HPOS="759"/>
                  <String HEIGHT="51"
                          WIDTH="213"
                          VPOS="1678"
                          HPOS="710"
                          CONTENT="opponitur"/>
                  <SP HEIGHT="51" WIDTH="16" VPOS="1678" HPOS="923"/>
                  <String HEIGHT="51"
                          WIDTH="131"
                          VPOS="1678"
                          HPOS="874"
                          CONTENT="nisi"/>
                  <SP HEIGHT="51" WIDTH="16" VPOS="1678" HPOS="1005"/>
                  <String HEIGHT="51"
                          WIDTH="131"
                          VPOS="1678"
                          HPOS="956"
                          CONTENT="vni."/>
                  <SP HEIGHT="51" WIDTH="16" VPOS="1678" HPOS="1087"/>
                  <String HEIGHT="51"
                          WIDTH="131"
                          VPOS="1678"
                          HPOS="1038"
                          CONTENT="Alio"/>
                  <SP HEIGHT="51" WIDTH="16" VPOS="1678" HPOS="1169"/>
                  <String HEIGHT="51"
                          WIDTH="131"
                          VPOS="1678"
                          HPOS="1120"
                          CONTENT="modo"/>
                  <SP HEIGHT="51" WIDTH="16" VPOS="1678" HPOS="1251"/>
                  <String HEIGHT="51"
                          WIDTH="213"
                          VPOS="1678"
                          HPOS="1202"
                          CONTENT="accipitur"/>
                  <SP HEIGHT="51" WIDTH="16" VPOS="1678" HPOS="1415"/>
                  <String HEIGHT="51"
                          WIDTH="148"
                          VPOS="1678"
                          HPOS="1366"
                          CONTENT="prout"/>
                  <SP HEIGHT="51" WIDTH="16" VPOS="1678" HPOS="1514"/>
                  <String HEIGHT="51"
                          WIDTH="115"
                          VPOS="1678"
                          HPOS="1464"
                          CONTENT="est"/>
                  <SP HEIGHT="51" WIDTH="16" VPOS="1678" HPOS="1579"/>
                  <String HEIGHT="51"
                          WIDTH="115"
                          VPOS="1678"
                          HPOS="1530"
                          CONTENT="ha-"/>
                  <SP HEIGHT="51" WIDTH="16" VPOS="1678" HPOS="1645"/>
                  <String HEIGHT="51" WIDTH="33" VPOS="1678" HPOS="1579" CONTENT=""/>
               </TextLine>
               <TextLine ID="r1l36"
                         BASELINE="1775"
                         HEIGHT="52"
                         WIDTH="1450"
                         VPOS="1723"
                         HPOS="152">
                  <String HEIGHT="52"
                          WIDTH="132"
                          VPOS="1723"
                          HPOS="136"
                          CONTENT="bens"/>
                  <SP HEIGHT="52" WIDTH="16" VPOS="1723" HPOS="267"/>
                  <String HEIGHT="52" WIDTH="99" VPOS="1723" HPOS="218" CONTENT="in"/>
                  <SP HEIGHT="52" WIDTH="16" VPOS="1723" HPOS="317"/>
                  <String HEIGHT="52" WIDTH="99" VPOS="1723" HPOS="267" CONTENT="se"/>
                  <SP HEIGHT="52" WIDTH="16" VPOS="1723" HPOS="366"/>
                  <String HEIGHT="52"
                          WIDTH="148"
                          VPOS="1723"
                          HPOS="317"
                          CONTENT="plura"/>
                  <SP HEIGHT="52" WIDTH="16" VPOS="1723" HPOS="465"/>
                  <String HEIGHT="52"
                          WIDTH="231"
                          VPOS="1723"
                          HPOS="416"
                          CONTENT="excedenter"/>
                  <SP HEIGHT="52" WIDTH="16" VPOS="1723" HPOS="646"/>
                  <String HEIGHT="52"
                          WIDTH="132"
                          VPOS="1723"
                          HPOS="597"
                          CONTENT="siue"/>
                  <SP HEIGHT="52" WIDTH="16" VPOS="1723" HPOS="729"/>
                  <String HEIGHT="52"
                          WIDTH="264"
                          VPOS="1723"
                          HPOS="679"
                          CONTENT="multitudinem"/>
                  <SP HEIGHT="52" WIDTH="16" VPOS="1723" HPOS="943"/>
                  <String HEIGHT="52"
                          WIDTH="247"
                          VPOS="1723"
                          HPOS="893"
                          CONTENT="excedentem."/>
                  <SP HEIGHT="52" WIDTH="16" VPOS="1723" HPOS="1141"/>
                  <String HEIGHT="52" WIDTH="82" VPOS="1723" HPOS="1091" CONTENT="&amp;"/>
                  <SP HEIGHT="52" WIDTH="16" VPOS="1723" HPOS="1174"/>
                  <String HEIGHT="52"
                          WIDTH="115"
                          VPOS="1723"
                          HPOS="1124"
                          CONTENT="sic"/>
                  <SP HEIGHT="52" WIDTH="16" VPOS="1723" HPOS="1240"/>
                  <String HEIGHT="52"
                          WIDTH="214"
                          VPOS="1723"
                          HPOS="1190"
                          CONTENT="opponitur"/>
                  <SP HEIGHT="52" WIDTH="16" VPOS="1723" HPOS="1404"/>
                  <String HEIGHT="52"
                          WIDTH="165"
                          VPOS="1723"
                          HPOS="1355"
                          CONTENT="pauco:"/>
                  <SP HEIGHT="52" WIDTH="16" VPOS="1723" HPOS="1520"/>
                  <String HEIGHT="52"
                          WIDTH="115"
                          VPOS="1723"
                          HPOS="1470"
                          CONTENT="nec"/>
                  <SP HEIGHT="52" WIDTH="16" VPOS="1723" HPOS="1586"/>
                  <String HEIGHT="52"
                          WIDTH="82"
                          VPOS="1723"
                          HPOS="1520"
                          CONTENT="sic"/>
               </TextLine>
               <TextLine ID="r1l37"
                         BASELINE="1826"
                         HEIGHT="60"
                         WIDTH="1450"
                         VPOS="1766"
                         HPOS="154">
                  <String HEIGHT="60"
                          WIDTH="114"
                          VPOS="1766"
                          HPOS="138"
                          CONTENT="est"/>
                  <SP HEIGHT="60" WIDTH="16" VPOS="1766" HPOS="252"/>
                  <String HEIGHT="60"
                          WIDTH="147"
                          VPOS="1766"
                          HPOS="203"
                          CONTENT="omnis"/>
                  <SP HEIGHT="60" WIDTH="16" VPOS="1766" HPOS="350"/>
                  <String HEIGHT="60"
                          WIDTH="179"
                          VPOS="1766"
                          HPOS="301"
                          CONTENT="numerus"/>
                  <SP HEIGHT="60" WIDTH="16" VPOS="1766" HPOS="480"/>
                  <String HEIGHT="60"
                          WIDTH="179"
                          VPOS="1766"
                          HPOS="431"
                          CONTENT="multus:"/>
                  <SP HEIGHT="60" WIDTH="16" VPOS="1766" HPOS="610"/>
                  <String HEIGHT="60"
                          WIDTH="114"
                          VPOS="1766"
                          HPOS="561"
                          CONTENT="sed"/>
                  <SP HEIGHT="60" WIDTH="16" VPOS="1766" HPOS="675"/>
                  <String HEIGHT="60"
                          WIDTH="179"
                          VPOS="1766"
                          HPOS="626"
                          CONTENT="aliquis"/>
                  <SP HEIGHT="60" WIDTH="16" VPOS="1766" HPOS="806"/>
                  <String HEIGHT="60"
                          WIDTH="114"
                          VPOS="1766"
                          HPOS="757"
                          CONTENT="est"/>
                  <SP HEIGHT="60" WIDTH="16" VPOS="1766" HPOS="871"/>
                  <String HEIGHT="60"
                          WIDTH="179"
                          VPOS="1766"
                          HPOS="822"
                          CONTENT="paucus."/>
                  <SP HEIGHT="60" WIDTH="16" VPOS="1766" HPOS="1001"/>
                  <String HEIGHT="60"
                          WIDTH="163"
                          VPOS="1766"
                          HPOS="952"
                          CONTENT="Tertio"/>
                  <SP HEIGHT="60" WIDTH="16" VPOS="1766" HPOS="1115"/>
                  <String HEIGHT="60"
                          WIDTH="130"
                          VPOS="1766"
                          HPOS="1066"
                          CONTENT="modo"/>
                  <SP HEIGHT="60" WIDTH="16" VPOS="1766" HPOS="1197"/>
                  <String HEIGHT="60"
                          WIDTH="163"
                          VPOS="1766"
                          HPOS="1148"
                          CONTENT="multum"/>
                  <SP HEIGHT="60" WIDTH="16" VPOS="1766" HPOS="1311"/>
                  <String HEIGHT="60"
                          WIDTH="212"
                          VPOS="1766"
                          HPOS="1262"
                          CONTENT="accipitur"/>
                  <SP HEIGHT="60" WIDTH="16" VPOS="1766" HPOS="1474"/>
                  <String HEIGHT="60" WIDTH="98" VPOS="1766" HPOS="1425" CONTENT="vt"/>
                  <SP HEIGHT="60" WIDTH="16" VPOS="1766" HPOS="1523"/>
                  <String HEIGHT="60"
                          WIDTH="114"
                          VPOS="1766"
                          HPOS="1474"
                          CONTENT="est"/>
                  <SP HEIGHT="60" WIDTH="16" VPOS="1766" HPOS="1588"/>
                  <String HEIGHT="60" WIDTH="98" VPOS="1766" HPOS="1539" CONTENT="in"/>
                  <SP HEIGHT="60" WIDTH="16" VPOS="1766" HPOS="1637"/>
                  <String HEIGHT="60" WIDTH="33" VPOS="1766" HPOS="1571" CONTENT=""/>
               </TextLine>
               <TextLine ID="r1l38"
                         BASELINE="1871"
                         HEIGHT="57"
                         WIDTH="1456"
                         VPOS="1814"
                         HPOS="152">
                  <String HEIGHT="57" WIDTH="102" VPOS="1814" HPOS="135" CONTENT="se"/>
                  <SP HEIGHT="57" WIDTH="17" VPOS="1814" HPOS="237"/>
                  <String HEIGHT="57"
                          WIDTH="271"
                          VPOS="1814"
                          HPOS="186"
                          CONTENT="aggregatiuum"/>
                  <SP HEIGHT="57" WIDTH="17" VPOS="1814" HPOS="457"/>
                  <String HEIGHT="57"
                          WIDTH="152"
                          VPOS="1814"
                          HPOS="406"
                          CONTENT="multi"/>
                  <SP HEIGHT="57" WIDTH="17" VPOS="1814" HPOS="558"/>
                  <String HEIGHT="57"
                          WIDTH="237"
                          VPOS="1814"
                          HPOS="508"
                          CONTENT="excedentis"/>
                  <SP HEIGHT="57" WIDTH="17" VPOS="1814" HPOS="745"/>
                  <String HEIGHT="57" WIDTH="85" VPOS="1814" HPOS="694" CONTENT="&amp;"/>
                  <SP HEIGHT="57" WIDTH="17" VPOS="1814" HPOS="778"/>
                  <String HEIGHT="57"
                          WIDTH="152"
                          VPOS="1814"
                          HPOS="728"
                          CONTENT="pauci"/>
                  <SP HEIGHT="57" WIDTH="17" VPOS="1814" HPOS="880"/>
                  <String HEIGHT="57"
                          WIDTH="135"
                          VPOS="1814"
                          HPOS="829"
                          CONTENT="quod"/>
                  <SP HEIGHT="57" WIDTH="17" VPOS="1814" HPOS="965"/>
                  <String HEIGHT="57"
                          WIDTH="237"
                          VPOS="1814"
                          HPOS="914"
                          CONTENT="exceditur:"/>
                  <SP HEIGHT="57" WIDTH="17" VPOS="1814" HPOS="1151"/>
                  <String HEIGHT="57" WIDTH="85" VPOS="1814" HPOS="1100" CONTENT="&amp;"/>
                  <SP HEIGHT="57" WIDTH="17" VPOS="1814" HPOS="1185"/>
                  <String HEIGHT="57"
                          WIDTH="119"
                          VPOS="1814"
                          HPOS="1134"
                          CONTENT="sic"/>
                  <SP HEIGHT="57" WIDTH="17" VPOS="1814" HPOS="1252"/>
                  <String HEIGHT="57"
                          WIDTH="220"
                          VPOS="1814"
                          HPOS="1202"
                          CONTENT="solummodo"/>
                  <SP HEIGHT="57" WIDTH="17" VPOS="1814" HPOS="1422"/>
                  <String HEIGHT="57"
                          WIDTH="102"
                          VPOS="1814"
                          HPOS="1371"
                          CONTENT="ad"/>
                  <SP HEIGHT="57" WIDTH="17" VPOS="1814" HPOS="1473"/>
                  <String HEIGHT="57"
                          WIDTH="152"
                          VPOS="1814"
                          HPOS="1422"
                          CONTENT="ipsum"/>
                  <SP HEIGHT="57" WIDTH="17" VPOS="1814" HPOS="1574"/>
                  <String HEIGHT="57"
                          WIDTH="119"
                          VPOS="1814"
                          HPOS="1523"
                          CONTENT="in-"/>
                  <SP HEIGHT="57" WIDTH="17" VPOS="1814" HPOS="1642"/>
                  <String HEIGHT="57" WIDTH="34" VPOS="1814" HPOS="1574" CONTENT=""/>
               </TextLine>
               <TextLine ID="r1l39"
                         BASELINE="1907"
                         HEIGHT="52"
                         WIDTH="1445"
                         VPOS="1855"
                         HPOS="156">
                  <String HEIGHT="52"
                          WIDTH="173"
                          VPOS="1855"
                          HPOS="140"
                          CONTENT="aequale"/>
                  <SP HEIGHT="52" WIDTH="16" VPOS="1855" HPOS="313"/>
                  <String HEIGHT="52"
                          WIDTH="126"
                          VPOS="1855"
                          HPOS="266"
                          CONTENT="quod"/>
                  <SP HEIGHT="52" WIDTH="16" VPOS="1855" HPOS="392"/>
                  <String HEIGHT="52"
                          WIDTH="204"
                          VPOS="1855"
                          HPOS="344"
                          CONTENT="opponitur"/>
                  <SP HEIGHT="52" WIDTH="16" VPOS="1855" HPOS="549"/>
                  <String HEIGHT="52"
                          WIDTH="204"
                          VPOS="1855"
                          HPOS="502"
                          CONTENT="priuatiue"/>
                  <SP HEIGHT="52" WIDTH="16" VPOS="1855" HPOS="706"/>
                  <String HEIGHT="52"
                          WIDTH="188"
                          VPOS="1855"
                          HPOS="659"
                          CONTENT="aequali."/>
                  <SP HEIGHT="52" WIDTH="16" VPOS="1855" HPOS="847"/>
                  <String HEIGHT="52"
                          WIDTH="110"
                          VPOS="1855"
                          HPOS="800"
                          CONTENT="Sed"/>
                  <SP HEIGHT="52" WIDTH="16" VPOS="1855" HPOS="910"/>
                  <String HEIGHT="52"
                          WIDTH="173"
                          VPOS="1855"
                          HPOS="863"
                          CONTENT="secundo"/>
                  <SP HEIGHT="52" WIDTH="16" VPOS="1855" HPOS="1036"/>
                  <String HEIGHT="52"
                          WIDTH="141"
                          VPOS="1855"
                          HPOS="988"
                          CONTENT="modo,"/>
                  <SP HEIGHT="52" WIDTH="16" VPOS="1855" HPOS="1130"/>
                  <String HEIGHT="52"
                          WIDTH="188"
                          VPOS="1855"
                          HPOS="1083"
                          CONTENT="scilicet"/>
                  <SP HEIGHT="52" WIDTH="16" VPOS="1855" HPOS="1271"/>
                  <String HEIGHT="52" WIDTH="94" VPOS="1855" HPOS="1224" CONTENT="vt"/>
                  <SP HEIGHT="52" WIDTH="16" VPOS="1855" HPOS="1318"/>
                  <String HEIGHT="52"
                          WIDTH="204"
                          VPOS="1855"
                          HPOS="1271"
                          CONTENT="opponitur"/>
                  <SP HEIGHT="52" WIDTH="16" VPOS="1855" HPOS="1475"/>
                  <String HEIGHT="52"
                          WIDTH="157"
                          VPOS="1855"
                          HPOS="1428"
                          CONTENT="pauco,"/>
                  <SP HEIGHT="52" WIDTH="16" VPOS="1855" HPOS="1585"/>
                  <String HEIGHT="52"
                          WIDTH="79"
                          VPOS="1855"
                          HPOS="1522"
                          CONTENT="ad"
                          SUBS_TYPE="HypPart1"
                          SUBS_CONTENT="adhuc"/>
                  <HYP CONTENT="-"/>
               </TextLine>
               <TextLine ID="r1l40"
                         BASELINE="1957"
                         HEIGHT="58"
                         WIDTH="1459"
                         VPOS="1899"
                         HPOS="155">
                  <String HEIGHT="58"
                          WIDTH="116"
                          VPOS="1899"
                          HPOS="138"
                          CONTENT="huc"
                          SUBS_TYPE="HypPart2"
                          SUBS_CONTENT="adhuc"/>
                  <SP HEIGHT="58" WIDTH="17" VPOS="1899" HPOS="254"/>
                  <String HEIGHT="58"
                          WIDTH="166"
                          VPOS="1899"
                          HPOS="205"
                          CONTENT="multum"/>
                  <SP HEIGHT="58" WIDTH="17" VPOS="1899" HPOS="371"/>
                  <String HEIGHT="58"
                          WIDTH="232"
                          VPOS="1899"
                          HPOS="321"
                          CONTENT="dupliciter"/>
                  <SP HEIGHT="58" WIDTH="17" VPOS="1899" HPOS="553"/>
                  <String HEIGHT="58"
                          WIDTH="282"
                          VPOS="1899"
                          HPOS="503"
                          CONTENT="consideratur."/>
                  <SP HEIGHT="58" WIDTH="17" VPOS="1899" HPOS="785"/>
                  <String HEIGHT="58"
                          WIDTH="116"
                          VPOS="1899"
                          HPOS="735"
                          CONTENT="Vno"/>
                  <SP HEIGHT="58" WIDTH="17" VPOS="1899" HPOS="851"/>
                  <String HEIGHT="58"
                          WIDTH="133"
                          VPOS="1899"
                          HPOS="802"
                          CONTENT="modo"/>
                  <SP HEIGHT="58" WIDTH="17" VPOS="1899" HPOS="934"/>
                  <String HEIGHT="58" WIDTH="99" VPOS="1899" HPOS="885" CONTENT="vt"/>
                  <SP HEIGHT="58" WIDTH="17" VPOS="1899" HPOS="984"/>
                  <String HEIGHT="58"
                          WIDTH="249"
                          VPOS="1899"
                          HPOS="934"
                          CONTENT="comparantur"/>
                  <SP HEIGHT="58" WIDTH="17" VPOS="1899" HPOS="1183"/>
                  <String HEIGHT="58"
                          WIDTH="149"
                          VPOS="1899"
                          HPOS="1133"
                          CONTENT="inter"/>
                  <SP HEIGHT="58" WIDTH="17" VPOS="1899" HPOS="1282"/>
                  <String HEIGHT="58" WIDTH="99" VPOS="1899" HPOS="1233" CONTENT="se"/>
                  <SP HEIGHT="58" WIDTH="17" VPOS="1899" HPOS="1332"/>
                  <String HEIGHT="58"
                          WIDTH="216"
                          VPOS="1899"
                          HPOS="1282"
                          CONTENT="praecise."/>
                  <SP HEIGHT="58" WIDTH="17" VPOS="1899" HPOS="1498"/>
                  <String HEIGHT="58"
                          WIDTH="133"
                          VPOS="1899"
                          HPOS="1448"
                          CONTENT="Alio"/>
                  <SP HEIGHT="58" WIDTH="17" VPOS="1899" HPOS="1581"/>
                  <String HEIGHT="58"
                          WIDTH="116"
                          VPOS="1899"
                          HPOS="1531"
                          CONTENT="mo-"/>
                  <SP HEIGHT="58" WIDTH="17" VPOS="1899" HPOS="1647"/>
                  <String HEIGHT="58" WIDTH="33" VPOS="1899" HPOS="1581" CONTENT=""/>
               </TextLine>
               <TextLine ID="r1l41"
                         BASELINE="1997"
                         HEIGHT="51"
                         WIDTH="1441"
                         VPOS="1946"
                         HPOS="160">
                  <String HEIGHT="51" WIDTH="102" VPOS="1946" HPOS="143" CONTENT="do"/>
                  <SP HEIGHT="51" WIDTH="17" VPOS="1946" HPOS="245"/>
                  <String HEIGHT="51" WIDTH="102" VPOS="1946" HPOS="194" CONTENT="vt"/>
                  <SP HEIGHT="51" WIDTH="17" VPOS="1946" HPOS="296"/>
                  <String HEIGHT="51"
                          WIDTH="254"
                          VPOS="1946"
                          HPOS="245"
                          CONTENT="comparantur"/>
                  <SP HEIGHT="51" WIDTH="17" VPOS="1946" HPOS="499"/>
                  <String HEIGHT="51"
                          WIDTH="153"
                          VPOS="1946"
                          HPOS="448"
                          CONTENT="inter"/>
                  <SP HEIGHT="51" WIDTH="17" VPOS="1946" HPOS="601"/>
                  <String HEIGHT="51" WIDTH="102" VPOS="1946" HPOS="550" CONTENT="se"/>
                  <SP HEIGHT="51" WIDTH="17" VPOS="1946" HPOS="652"/>
                  <String HEIGHT="51"
                          WIDTH="203"
                          VPOS="1946"
                          HPOS="601"
                          CONTENT="respectu"/>
                  <SP HEIGHT="51" WIDTH="17" VPOS="1946" HPOS="804"/>
                  <String HEIGHT="51"
                          WIDTH="186"
                          VPOS="1946"
                          HPOS="753"
                          CONTENT="tertii."/>
                  <SP HEIGHT="51" WIDTH="17" VPOS="1946" HPOS="940"/>
                  <String HEIGHT="51"
                          WIDTH="153"
                          VPOS="1946"
                          HPOS="889"
                          CONTENT="Primo"/>
                  <SP HEIGHT="51" WIDTH="17" VPOS="1946" HPOS="1042"/>
                  <String HEIGHT="51"
                          WIDTH="136"
                          VPOS="1946"
                          HPOS="991"
                          CONTENT="modo"/>
                  <SP HEIGHT="51" WIDTH="17" VPOS="1946" HPOS="1126"/>
                  <String HEIGHT="51"
                          WIDTH="153"
                          VPOS="1946"
                          HPOS="1075"
                          CONTENT="omnis"/>
                  <SP HEIGHT="51" WIDTH="17" VPOS="1946" HPOS="1228"/>
                  <String HEIGHT="51"
                          WIDTH="186"
                          VPOS="1946"
                          HPOS="1177"
                          CONTENT="numerus"/>
                  <SP HEIGHT="51" WIDTH="17" VPOS="1946" HPOS="1364"/>
                  <String HEIGHT="51"
                          WIDTH="153"
                          VPOS="1946"
                          HPOS="1313"
                          CONTENT="maior"/>
                  <SP HEIGHT="51" WIDTH="17" VPOS="1946" HPOS="1465"/>
                  <String HEIGHT="51"
                          WIDTH="119"
                          VPOS="1946"
                          HPOS="1415"
                          CONTENT="est"/>
                  <SP HEIGHT="51" WIDTH="17" VPOS="1946" HPOS="1533"/>
                  <String HEIGHT="51"
                          WIDTH="136"
                          VPOS="1946"
                          HPOS="1465"
                          CONTENT="multum"/>
               </TextLine>
               <TextLine ID="r1l42"
                         BASELINE="2040"
                         HEIGHT="56"
                         WIDTH="1438"
                         VPOS="1984"
                         HPOS="158">
                  <String HEIGHT="56"
                          WIDTH="198"
                          VPOS="1984"
                          HPOS="141"
                          CONTENT="respectu"/>
                  <SP HEIGHT="56" WIDTH="17" VPOS="1984" HPOS="340"/>
                  <String HEIGHT="56"
                          WIDTH="198"
                          VPOS="1984"
                          HPOS="290"
                          CONTENT="minoris:"/>
                  <SP HEIGHT="56" WIDTH="17" VPOS="1984" HPOS="489"/>
                  <String HEIGHT="56" WIDTH="83" VPOS="1984" HPOS="439" CONTENT="&amp;"/>
                  <SP HEIGHT="56" WIDTH="17" VPOS="1984" HPOS="522"/>
                  <String HEIGHT="56"
                          WIDTH="149"
                          VPOS="1984"
                          HPOS="472"
                          CONTENT="omnis"/>
                  <SP HEIGHT="56" WIDTH="17" VPOS="1984" HPOS="621"/>
                  <String HEIGHT="56"
                          WIDTH="182"
                          VPOS="1984"
                          HPOS="571"
                          CONTENT="numerus"/>
                  <SP HEIGHT="56" WIDTH="17" VPOS="1984" HPOS="753"/>
                  <String HEIGHT="56"
                          WIDTH="116"
                          VPOS="1984"
                          HPOS="703"
                          CONTENT="est"/>
                  <SP HEIGHT="56" WIDTH="17" VPOS="1984" HPOS="819"/>
                  <String HEIGHT="56"
                          WIDTH="165"
                          VPOS="1984"
                          HPOS="770"
                          CONTENT="paucum"/>
                  <SP HEIGHT="56" WIDTH="17" VPOS="1984" HPOS="935"/>
                  <String HEIGHT="56"
                          WIDTH="198"
                          VPOS="1984"
                          HPOS="885"
                          CONTENT="respectu"/>
                  <SP HEIGHT="56" WIDTH="17" VPOS="1984" HPOS="1084"/>
                  <String HEIGHT="56"
                          WIDTH="198"
                          VPOS="1984"
                          HPOS="1034"
                          CONTENT="maioris:"/>
                  <SP HEIGHT="56" WIDTH="17" VPOS="1984" HPOS="1232"/>
                  <String HEIGHT="56" WIDTH="83" VPOS="1984" HPOS="1183" CONTENT="&amp;"/>
                  <SP HEIGHT="56" WIDTH="17" VPOS="1984" HPOS="1265"/>
                  <String HEIGHT="56"
                          WIDTH="132"
                          VPOS="1984"
                          HPOS="1216"
                          CONTENT="vnum"/>
                  <SP HEIGHT="56" WIDTH="17" VPOS="1984" HPOS="1348"/>
                  <String HEIGHT="56"
                          WIDTH="116"
                          VPOS="1984"
                          HPOS="1298"
                          CONTENT="est"/>
                  <SP HEIGHT="56" WIDTH="17" VPOS="1984" HPOS="1414"/>
                  <String HEIGHT="56"
                          WIDTH="165"
                          VPOS="1984"
                          HPOS="1365"
                          CONTENT="paucum"/>
                  <SP HEIGHT="56" WIDTH="17" VPOS="1984" HPOS="1530"/>
                  <String HEIGHT="56"
                          WIDTH="132"
                          VPOS="1984"
                          HPOS="1464"
                          CONTENT="respe"
                          SUBS_TYPE="HypPart1"
                          SUBS_CONTENT="respectu"/>
                  <HYP CONTENT="-"/>
               </TextLine>
               <TextLine ID="r1l43"
                         BASELINE="2085"
                         HEIGHT="55"
                         WIDTH="1434"
                         VPOS="2030"
                         HPOS="169">
                  <String HEIGHT="55"
                          WIDTH="118"
                          VPOS="2030"
                          HPOS="152"
                          CONTENT="ctu"
                          SUBS_TYPE="HypPart2"
                          SUBS_CONTENT="respectu"/>
                  <SP HEIGHT="55" WIDTH="17" VPOS="2030" HPOS="270"/>
                  <String HEIGHT="55"
                          WIDTH="236"
                          VPOS="2030"
                          HPOS="220"
                          CONTENT="cuiuslibet"/>
                  <SP HEIGHT="55" WIDTH="17" VPOS="2030" HPOS="456"/>
                  <String HEIGHT="55"
                          WIDTH="186"
                          VPOS="2030"
                          HPOS="405"
                          CONTENT="numeri:"/>
                  <SP HEIGHT="55" WIDTH="17" VPOS="2030" HPOS="591"/>
                  <String HEIGHT="55" WIDTH="84" VPOS="2030" HPOS="540" CONTENT="&amp;"/>
                  <SP HEIGHT="55" WIDTH="17" VPOS="2030" HPOS="625"/>
                  <String HEIGHT="55"
                          WIDTH="169"
                          VPOS="2030"
                          HPOS="574"
                          CONTENT="primum"/>
                  <SP HEIGHT="55" WIDTH="17" VPOS="2030" HPOS="743"/>
                  <String HEIGHT="55"
                          WIDTH="169"
                          VPOS="2030"
                          HPOS="692"
                          CONTENT="paucum"/>
                  <SP HEIGHT="55" WIDTH="17" VPOS="2030" HPOS="861"/>
                  <String HEIGHT="55"
                          WIDTH="270"
                          VPOS="2030"
                          HPOS="810"
                          CONTENT="simpliciter:"/>
                  <SP HEIGHT="55" WIDTH="17" VPOS="2030" HPOS="1080"/>
                  <String HEIGHT="55"
                          WIDTH="202"
                          VPOS="2030"
                          HPOS="1029"
                          CONTENT="binarius"/>
                  <SP HEIGHT="55" WIDTH="17" VPOS="2030" HPOS="1232"/>
                  <String HEIGHT="55"
                          WIDTH="152"
                          VPOS="2030"
                          HPOS="1181"
                          CONTENT="autem"/>
                  <SP HEIGHT="55" WIDTH="17" VPOS="2030" HPOS="1333"/>
                  <String HEIGHT="55"
                          WIDTH="118"
                          VPOS="2030"
                          HPOS="1282"
                          CONTENT="est"/>
                  <SP HEIGHT="55" WIDTH="17" VPOS="2030" HPOS="1401"/>
                  <String HEIGHT="55"
                          WIDTH="169"
                          VPOS="2030"
                          HPOS="1350"
                          CONTENT="primus"/>
                  <SP HEIGHT="55" WIDTH="17" VPOS="2030" HPOS="1519"/>
                  <String HEIGHT="55"
                          WIDTH="152"
                          VPOS="2030"
                          HPOS="1451"
                          CONTENT="numerus"/>
               </TextLine>
               <TextLine ID="r1l44"
                         BASELINE="2135"
                         HEIGHT="50"
                         WIDTH="1444"
                         VPOS="2085"
                         HPOS="163">
                  <String HEIGHT="50"
                          WIDTH="183"
                          VPOS="2085"
                          HPOS="146"
                          CONTENT="paucus."/>
                  <SP HEIGHT="50" WIDTH="17" VPOS="2085" HPOS="329"/>
                  <String HEIGHT="50" WIDTH="83" VPOS="2085" HPOS="279" CONTENT="&amp;"/>
                  <SP HEIGHT="50" WIDTH="17" VPOS="2085" HPOS="362"/>
                  <String HEIGHT="50"
                          WIDTH="199"
                          VPOS="2085"
                          HPOS="312"
                          CONTENT="dicuntur"/>
                  <SP HEIGHT="50" WIDTH="17" VPOS="2085" HPOS="512"/>
                  <String HEIGHT="50"
                          WIDTH="149"
                          VPOS="2085"
                          HPOS="462"
                          CONTENT="inter"/>
                  <SP HEIGHT="50" WIDTH="17" VPOS="2085" HPOS="611"/>
                  <String HEIGHT="50" WIDTH="100" VPOS="2085" HPOS="561" CONTENT="se"/>
                  <SP HEIGHT="50" WIDTH="17" VPOS="2085" HPOS="661"/>
                  <String HEIGHT="50"
                          WIDTH="199"
                          VPOS="2085"
                          HPOS="611"
                          CONTENT="relatiue"/>
                  <SP HEIGHT="50" WIDTH="17" VPOS="2085" HPOS="810"/>
                  <String HEIGHT="50"
                          WIDTH="166"
                          VPOS="2085"
                          HPOS="761"
                          CONTENT="multum"/>
                  <SP HEIGHT="50" WIDTH="17" VPOS="2085" HPOS="926"/>
                  <String HEIGHT="50" WIDTH="83" VPOS="2085" HPOS="877" CONTENT="&amp;"/>
                  <SP HEIGHT="50" WIDTH="17" VPOS="2085" HPOS="960"/>
                  <String HEIGHT="50"
                          WIDTH="183"
                          VPOS="2085"
                          HPOS="910"
                          CONTENT="paucum:"/>
                  <SP HEIGHT="50" WIDTH="17" VPOS="2085" HPOS="1092"/>
                  <String HEIGHT="50"
                          WIDTH="149"
                          VPOS="2085"
                          HPOS="1043"
                          CONTENT="atque"/>
                  <SP HEIGHT="50" WIDTH="17" VPOS="2085" HPOS="1192"/>
                  <String HEIGHT="50"
                          WIDTH="216"
                          VPOS="2085"
                          HPOS="1142"
                          CONTENT="continent"/>
                  <SP HEIGHT="50" WIDTH="17" VPOS="2085" HPOS="1358"/>
                  <String HEIGHT="50"
                          WIDTH="116"
                          VPOS="2085"
                          HPOS="1308"
                          CONTENT="sub"/>
                  <SP HEIGHT="50" WIDTH="17" VPOS="2085" HPOS="1424"/>
                  <String HEIGHT="50"
                          WIDTH="100"
                          VPOS="2085"
                          HPOS="1375"
                          CONTENT="se"/>
                  <SP HEIGHT="50" WIDTH="17" VPOS="2085" HPOS="1474"/>
                  <String HEIGHT="50"
                          WIDTH="149"
                          VPOS="2085"
                          HPOS="1424"
                          CONTENT="omnes"/>
                  <SP HEIGHT="50" WIDTH="17" VPOS="2085" HPOS="1574"/>
                  <String HEIGHT="50"
                          WIDTH="100"
                          VPOS="2085"
                          HPOS="1507"
                          CONTENT="pro"
                          SUBS_TYPE="HypPart1"
                          SUBS_CONTENT="proportiones"/>
                  <HYP CONTENT="-"/>
               </TextLine>
               <TextLine ID="r1l45"
                         BASELINE="2182"
                         HEIGHT="60"
                         WIDTH="1431"
                         VPOS="2122"
                         HPOS="164">
                  <String HEIGHT="60"
                          WIDTH="207"
                          VPOS="2122"
                          HPOS="148"
                          CONTENT="portiones"
                          SUBS_TYPE="HypPart2"
                          SUBS_CONTENT="proportiones"/>
                  <SP HEIGHT="60" WIDTH="16" VPOS="2122" HPOS="355"/>
                  <String HEIGHT="60"
                          WIDTH="207"
                          VPOS="2122"
                          HPOS="307"
                          CONTENT="numerales"/>
                  <SP HEIGHT="60" WIDTH="16" VPOS="2122" HPOS="514"/>
                  <String HEIGHT="60"
                          WIDTH="127"
                          VPOS="2122"
                          HPOS="466"
                          CONTENT="quae"/>
                  <SP HEIGHT="60" WIDTH="16" VPOS="2122" HPOS="593"/>
                  <String HEIGHT="60"
                          WIDTH="143"
                          VPOS="2122"
                          HPOS="546"
                          CONTENT="primo"/>
                  <SP HEIGHT="60" WIDTH="16" VPOS="2122" HPOS="689"/>
                  <String HEIGHT="60" WIDTH="80" VPOS="2122" HPOS="641" CONTENT="&amp;"/>
                  <SP HEIGHT="60" WIDTH="16" VPOS="2122" HPOS="721"/>
                  <String HEIGHT="60"
                          WIDTH="111"
                          VPOS="2122"
                          HPOS="673"
                          CONTENT="per"/>
                  <SP HEIGHT="60" WIDTH="16" VPOS="2122" HPOS="784"/>
                  <String HEIGHT="60" WIDTH="95" VPOS="2122" HPOS="736" CONTENT="se"/>
                  <SP HEIGHT="60" WIDTH="16" VPOS="2122" HPOS="832"/>
                  <String HEIGHT="60"
                          WIDTH="127"
                          VPOS="2122"
                          HPOS="784"
                          CONTENT="sunt"/>
                  <SP HEIGHT="60" WIDTH="16" VPOS="2122" HPOS="911"/>
                  <String HEIGHT="60" WIDTH="95" VPOS="2122" HPOS="864" CONTENT="in"/>
                  <SP HEIGHT="60" WIDTH="16" VPOS="2122" HPOS="959"/>
                  <String HEIGHT="60"
                          WIDTH="223"
                          VPOS="2122"
                          HPOS="911"
                          CONTENT="discretis."/>
                  <SP HEIGHT="60" WIDTH="16" VPOS="2122" HPOS="1134"/>
                  <String HEIGHT="60"
                          WIDTH="175"
                          VPOS="2122"
                          HPOS="1086"
                          CONTENT="Secundo"/>
                  <SP HEIGHT="60" WIDTH="16" VPOS="2122" HPOS="1261"/>
                  <String HEIGHT="60"
                          WIDTH="143"
                          VPOS="2122"
                          HPOS="1213"
                          CONTENT="autem"/>
                  <SP HEIGHT="60" WIDTH="16" VPOS="2122" HPOS="1357"/>
                  <String HEIGHT="60"
                          WIDTH="111"
                          VPOS="2122"
                          HPOS="1309"
                          CONTENT="per"/>
                  <SP HEIGHT="60" WIDTH="16" VPOS="2122" HPOS="1420"/>
                  <String HEIGHT="60"
                          WIDTH="191"
                          VPOS="2122"
                          HPOS="1372"
                          CONTENT="discreta"/>
                  <SP HEIGHT="60" WIDTH="16" VPOS="2122" HPOS="1563"/>
                  <String HEIGHT="60"
                          WIDTH="95"
                          VPOS="2122"
                          HPOS="1500"
                          CONTENT="sunt"/>
               </TextLine>
               <TextLine ID="r1l46"
                         BASELINE="2215"
                         HEIGHT="52"
                         WIDTH="1432"
                         VPOS="2163"
                         HPOS="167">
                  <String HEIGHT="52" WIDTH="98" VPOS="2163" HPOS="151" CONTENT="in"/>
                  <SP HEIGHT="52" WIDTH="16" VPOS="2163" HPOS="248"/>
                  <String HEIGHT="52"
                          WIDTH="228"
                          VPOS="2163"
                          HPOS="200"
                          CONTENT="continuis:"/>
                  <SP HEIGHT="52" WIDTH="16" VPOS="2163" HPOS="427"/>
                  <String HEIGHT="52"
                          WIDTH="212"
                          VPOS="2163"
                          HPOS="379"
                          CONTENT="inquantum"/>
                  <SP HEIGHT="52" WIDTH="16" VPOS="2163" HPOS="590"/>
                  <String HEIGHT="52"
                          WIDTH="195"
                          VPOS="2163"
                          HPOS="541"
                          CONTENT="scilicet"/>
                  <SP HEIGHT="52" WIDTH="16" VPOS="2163" HPOS="737"/>
                  <String HEIGHT="52"
                          WIDTH="212"
                          VPOS="2163"
                          HPOS="688"
                          CONTENT="discretum"/>
                  <SP HEIGHT="52" WIDTH="16" VPOS="2163" HPOS="899"/>
                  <String HEIGHT="52"
                          WIDTH="146"
                          VPOS="2163"
                          HPOS="850"
                          CONTENT="cadit"/>
                  <SP HEIGHT="52" WIDTH="16" VPOS="2163" HPOS="997"/>
                  <String HEIGHT="52" WIDTH="98" VPOS="2163" HPOS="948" CONTENT="in"/>
                  <SP HEIGHT="52" WIDTH="16" VPOS="2163" HPOS="1046"/>
                  <String HEIGHT="52"
                          WIDTH="212"
                          VPOS="2163"
                          HPOS="997"
                          CONTENT="continuo:"/>
                  <SP HEIGHT="52" WIDTH="16" VPOS="2163" HPOS="1208"/>
                  <String HEIGHT="52" WIDTH="81" VPOS="2163" HPOS="1160" CONTENT="&amp;"/>
                  <SP HEIGHT="52" WIDTH="16" VPOS="2163" HPOS="1241"/>
                  <String HEIGHT="52"
                          WIDTH="260"
                          VPOS="2163"
                          HPOS="1192"
                          CONTENT="magnitudines"/>
                  <SP HEIGHT="52" WIDTH="16" VPOS="2163" HPOS="1453"/>
                  <String HEIGHT="52"
                          WIDTH="163"
                          VPOS="2163"
                          HPOS="1404"
                          CONTENT="numeri"/>
                  <SP HEIGHT="52" WIDTH="16" VPOS="2163" HPOS="1566"/>
                  <String HEIGHT="52"
                          WIDTH="98"
                          VPOS="2163"
                          HPOS="1501"
                          CONTENT="sunt"/>
               </TextLine>
               <TextLine ID="r1l47"
                         BASELINE="2263"
                         HEIGHT="51"
                         WIDTH="1442"
                         VPOS="2212"
                         HPOS="164">
                  <String HEIGHT="51"
                          WIDTH="180"
                          VPOS="2212"
                          HPOS="149"
                          CONTENT="secundum"/>
                  <SP HEIGHT="51" WIDTH="15" VPOS="2212" HPOS="329"/>
                  <String HEIGHT="51"
                          WIDTH="225"
                          VPOS="2212"
                          HPOS="284"
                          CONTENT="philosophum"/>
                  <SP HEIGHT="51" WIDTH="15" VPOS="2212" HPOS="509"/>
                  <String HEIGHT="51"
                          WIDTH="135"
                          VPOS="2212"
                          HPOS="464"
                          CONTENT="libro"/>
                  <SP HEIGHT="51" WIDTH="15" VPOS="2212" HPOS="600"/>
                  <String HEIGHT="51"
                          WIDTH="240"
                          VPOS="2212"
                          HPOS="555"
                          CONTENT="Posteriorum."/>
                  <SP HEIGHT="51" WIDTH="15" VPOS="2212" HPOS="795"/>
                  <String HEIGHT="51" WIDTH="90" VPOS="2212" HPOS="750" CONTENT="Et"/>
                  <SP HEIGHT="51" WIDTH="15" VPOS="2212" HPOS="840"/>
                  <String HEIGHT="51"
                          WIDTH="120"
                          VPOS="2212"
                          HPOS="795"
                          CONTENT="sunt"/>
                  <SP HEIGHT="51" WIDTH="15" VPOS="2212" HPOS="915"/>
                  <String HEIGHT="51"
                          WIDTH="135"
                          VPOS="2212"
                          HPOS="870"
                          CONTENT="illae"/>
                  <SP HEIGHT="51" WIDTH="15" VPOS="2212" HPOS="1005"/>
                  <String HEIGHT="51"
                          WIDTH="240"
                          VPOS="2212"
                          HPOS="960"
                          CONTENT="proportiones"/>
                  <SP HEIGHT="51" WIDTH="15" VPOS="2212" HPOS="1200"/>
                  <String HEIGHT="51"
                          WIDTH="105"
                          VPOS="2212"
                          HPOS="1155"
                          CONTENT="aut"/>
                  <SP HEIGHT="51" WIDTH="15" VPOS="2212" HPOS="1261"/>
                  <String HEIGHT="51"
                          WIDTH="180"
                          VPOS="2212"
                          HPOS="1215"
                          CONTENT="secundum"/>
                  <SP HEIGHT="51" WIDTH="15" VPOS="2212" HPOS="1396"/>
                  <String HEIGHT="51"
                          WIDTH="180"
                          VPOS="2212"
                          HPOS="1351"
                          CONTENT="rationem"/>
                  <SP HEIGHT="51" WIDTH="15" VPOS="2212" HPOS="1531"/>
                  <String HEIGHT="51"
                          WIDTH="135"
                          VPOS="2212"
                          HPOS="1471"
                          CONTENT="numero"
                          SUBS_TYPE="HypPart1"
                          SUBS_CONTENT="numerorum"/>
                  <HYP CONTENT="-"/>
               </TextLine>
               <TextLine ID="r1l48"
                         BASELINE="2310"
                         HEIGHT="61"
                         WIDTH="1453"
                         VPOS="2249"
                         HPOS="155">
                  <String HEIGHT="61"
                          WIDTH="111"
                          VPOS="2249"
                          HPOS="139"
                          CONTENT="rum"
                          SUBS_TYPE="HypPart2"
                          SUBS_CONTENT="numerorum"/>
                  <SP HEIGHT="61" WIDTH="16" VPOS="2249" HPOS="250"/>
                  <String HEIGHT="61"
                          WIDTH="268"
                          VPOS="2249"
                          HPOS="202"
                          CONTENT="interminatam:"/>
                  <SP HEIGHT="61" WIDTH="16" VPOS="2249" HPOS="471"/>
                  <String HEIGHT="61"
                          WIDTH="142"
                          VPOS="2249"
                          HPOS="423"
                          CONTENT="sicut"/>
                  <SP HEIGHT="61" WIDTH="16" VPOS="2249" HPOS="566"/>
                  <String HEIGHT="61"
                          WIDTH="126"
                          VPOS="2249"
                          HPOS="518"
                          CONTENT="sunt"/>
                  <SP HEIGHT="61" WIDTH="16" VPOS="2249" HPOS="645"/>
                  <String HEIGHT="61"
                          WIDTH="221"
                          VPOS="2249"
                          HPOS="597"
                          CONTENT="multiplex,"/>
                  <SP HEIGHT="61" WIDTH="16" VPOS="2249" HPOS="818"/>
                  <String HEIGHT="61"
                          WIDTH="284"
                          VPOS="2249"
                          HPOS="771"
                          CONTENT="superpartiens,"/>
                  <SP HEIGHT="61" WIDTH="16" VPOS="2249" HPOS="1055"/>
                  <String HEIGHT="61"
                          WIDTH="347"
                          VPOS="2249"
                          HPOS="1008"
                          CONTENT="superparticularis:"/>
                  <SP HEIGHT="61" WIDTH="16" VPOS="2249" HPOS="1355"/>
                  <String HEIGHT="61"
                          WIDTH="205"
                          VPOS="2249"
                          HPOS="1308"
                          CONTENT="multiplex"/>
                  <SP HEIGHT="61" WIDTH="16" VPOS="2249" HPOS="1513"/>
                  <String HEIGHT="61"
                          WIDTH="158"
                          VPOS="2249"
                          HPOS="1450"
                          CONTENT="superpar"/>
               </TextLine>
               <TextLine ID="r1l49"
                         BASELINE="2353"
                         HEIGHT="53"
                         WIDTH="1440"
                         VPOS="2300"
                         HPOS="162">
                  <String HEIGHT="53"
                          WIDTH="155"
                          VPOS="2300"
                          HPOS="147"
                          CONTENT="tiens,"/>
                  <SP HEIGHT="53" WIDTH="15" VPOS="2300" HPOS="301"/>
                  <String HEIGHT="53"
                          WIDTH="201"
                          VPOS="2300"
                          HPOS="255"
                          CONTENT="multiplex"/>
                  <SP HEIGHT="53" WIDTH="15" VPOS="2300" HPOS="456"/>
                  <String HEIGHT="53"
                          WIDTH="341"
                          VPOS="2300"
                          HPOS="410"
                          CONTENT="superparticularis,"/>
                  <SP HEIGHT="53" WIDTH="15" VPOS="2300" HPOS="750"/>
                  <String HEIGHT="53" WIDTH="77" VPOS="2300" HPOS="704" CONTENT="&amp;"/>
                  <SP HEIGHT="53" WIDTH="15" VPOS="2300" HPOS="781"/>
                  <String HEIGHT="53"
                          WIDTH="139"
                          VPOS="2300"
                          HPOS="735"
                          CONTENT="eorum"/>
                  <SP HEIGHT="53" WIDTH="15" VPOS="2300" HPOS="874"/>
                  <String HEIGHT="53"
                          WIDTH="201"
                          VPOS="2300"
                          HPOS="828"
                          CONTENT="opposita:"/>
                  <SP HEIGHT="53" WIDTH="15" VPOS="2300" HPOS="1029"/>
                  <String HEIGHT="53"
                          WIDTH="108"
                          VPOS="2300"
                          HPOS="983"
                          CONTENT="aut"/>
                  <SP HEIGHT="53" WIDTH="15" VPOS="2300" HPOS="1091"/>
                  <String HEIGHT="53"
                          WIDTH="186"
                          VPOS="2300"
                          HPOS="1045"
                          CONTENT="secundum"/>
                  <SP HEIGHT="53" WIDTH="15" VPOS="2300" HPOS="1230"/>
                  <String HEIGHT="53"
                          WIDTH="186"
                          VPOS="2300"
                          HPOS="1184"
                          CONTENT="rationem"/>
                  <SP HEIGHT="53" WIDTH="15" VPOS="2300" HPOS="1370"/>
                  <String HEIGHT="53"
                          WIDTH="155"
                          VPOS="2300"
                          HPOS="1323"
                          CONTENT="numeri"/>
                  <SP HEIGHT="53" WIDTH="15" VPOS="2300" HPOS="1478"/>
                  <String HEIGHT="53"
                          WIDTH="186"
                          VPOS="2300"
                          HPOS="1416"
                          CONTENT="determina"
                          SUBS_TYPE="HypPart1"
                          SUBS_CONTENT="determinatam:"/>
                  <HYP CONTENT="-"/>
               </TextLine>
               <TextLine ID="r1l50"
                         BASELINE="2395"
                         HEIGHT="58"
                         WIDTH="1451"
                         VPOS="2337"
                         HPOS="157">
                  <String HEIGHT="58"
                          WIDTH="129"
                          VPOS="2337"
                          HPOS="141"
                          CONTENT="tam:"
                          SUBS_TYPE="HypPart2"
                          SUBS_CONTENT="determinatam:"/>
                  <SP HEIGHT="58" WIDTH="16" VPOS="2337" HPOS="270"/>
                  <String HEIGHT="58" WIDTH="97" VPOS="2337" HPOS="221" CONTENT="vt"/>
                  <SP HEIGHT="58" WIDTH="16" VPOS="2337" HPOS="318"/>
                  <String HEIGHT="58"
                          WIDTH="129"
                          VPOS="2337"
                          HPOS="270"
                          CONTENT="sunt"/>
                  <SP HEIGHT="58" WIDTH="16" VPOS="2337" HPOS="399"/>
                  <String HEIGHT="58"
                          WIDTH="177"
                          VPOS="2337"
                          HPOS="350"
                          CONTENT="duplum,"/>
                  <SP HEIGHT="58" WIDTH="16" VPOS="2337" HPOS="528"/>
                  <String HEIGHT="58"
                          WIDTH="193"
                          VPOS="2337"
                          HPOS="479"
                          CONTENT="triplum,"/>
                  <SP HEIGHT="58" WIDTH="16" VPOS="2337" HPOS="673"/>
                  <String HEIGHT="58"
                          WIDTH="242"
                          VPOS="2337"
                          HPOS="625"
                          CONTENT="quadruplum,"/>
                  <SP HEIGHT="58" WIDTH="16" VPOS="2337" HPOS="866"/>
                  <String HEIGHT="58" WIDTH="81" VPOS="2337" HPOS="818" CONTENT="&amp;"/>
                  <SP HEIGHT="58" WIDTH="16" VPOS="2337" HPOS="899"/>
                  <String HEIGHT="58"
                          WIDTH="113"
                          VPOS="2337"
                          HPOS="850"
                          CONTENT="sic"/>
                  <SP HEIGHT="58" WIDTH="16" VPOS="2337" HPOS="963"/>
                  <String HEIGHT="58" WIDTH="97" VPOS="2337" HPOS="915" CONTENT="de"/>
                  <SP HEIGHT="58" WIDTH="16" VPOS="2337" HPOS="1011"/>
                  <String HEIGHT="58"
                          WIDTH="210"
                          VPOS="2337"
                          HPOS="963"
                          CONTENT="caeteris,"/>
                  <SP HEIGHT="58" WIDTH="16" VPOS="2337" HPOS="1173"/>
                  <String HEIGHT="58" WIDTH="81" VPOS="2337" HPOS="1124" CONTENT="&amp;"/>
                  <SP HEIGHT="58" WIDTH="16" VPOS="2337" HPOS="1205"/>
                  <String HEIGHT="58"
                          WIDTH="145"
                          VPOS="2337"
                          HPOS="1157"
                          CONTENT="eorum"/>
                  <SP HEIGHT="58" WIDTH="16" VPOS="2337" HPOS="1302"/>
                  <String HEIGHT="58"
                          WIDTH="210"
                          VPOS="2337"
                          HPOS="1253"
                          CONTENT="opposita."/>
                  <SP HEIGHT="58" WIDTH="16" VPOS="2337" HPOS="1463"/>
                  <String HEIGHT="58"
                          WIDTH="161"
                          VPOS="2337"
                          HPOS="1415"
                          CONTENT="Multum"/>
                  <SP HEIGHT="58" WIDTH="16" VPOS="2337" HPOS="1576"/>
                  <String HEIGHT="58"
                          WIDTH="113"
                          VPOS="2337"
                          HPOS="1527"
                          CONTENT="au-"/>
                  <SP HEIGHT="58" WIDTH="16" VPOS="2337" HPOS="1640"/>
                  <String HEIGHT="58" WIDTH="32" VPOS="2337" HPOS="1576" CONTENT=""/>
               </TextLine>
               <TextLine ID="r1l51"
                         BASELINE="2441"
                         HEIGHT="61"
                         WIDTH="1442"
                         VPOS="2380"
                         HPOS="161">
                  <String HEIGHT="61"
                          WIDTH="104"
                          VPOS="2380"
                          HPOS="146"
                          CONTENT="tem"/>
                  <SP HEIGHT="61" WIDTH="15" VPOS="2380" HPOS="250"/>
                  <String HEIGHT="61" WIDTH="74" VPOS="2380" HPOS="206" CONTENT="&amp;"/>
                  <SP HEIGHT="61" WIDTH="15" VPOS="2380" HPOS="280"/>
                  <String HEIGHT="61"
                          WIDTH="149"
                          VPOS="2380"
                          HPOS="235"
                          CONTENT="paucum"/>
                  <SP HEIGHT="61" WIDTH="15" VPOS="2380" HPOS="384"/>
                  <String HEIGHT="61" WIDTH="89" VPOS="2380" HPOS="339" CONTENT="si"/>
                  <SP HEIGHT="61" WIDTH="15" VPOS="2380" HPOS="429"/>
                  <String HEIGHT="61"
                          WIDTH="223"
                          VPOS="2380"
                          HPOS="384"
                          CONTENT="considerata"/>
                  <SP HEIGHT="61" WIDTH="15" VPOS="2380" HPOS="607"/>
                  <String HEIGHT="61"
                          WIDTH="164"
                          VPOS="2380"
                          HPOS="562"
                          CONTENT="fuerint"/>
                  <SP HEIGHT="61" WIDTH="15" VPOS="2380" HPOS="726"/>
                  <String HEIGHT="61"
                          WIDTH="178"
                          VPOS="2380"
                          HPOS="681"
                          CONTENT="respectu"/>
                  <SP HEIGHT="61" WIDTH="15" VPOS="2380" HPOS="860"/>
                  <String HEIGHT="61"
                          WIDTH="164"
                          VPOS="2380"
                          HPOS="815"
                          CONTENT="tertii:"/>
                  <SP HEIGHT="61" WIDTH="15" VPOS="2380" HPOS="979"/>
                  <String HEIGHT="61"
                          WIDTH="104"
                          VPOS="2380"
                          HPOS="934"
                          CONTENT="aut"/>
                  <SP HEIGHT="61" WIDTH="15" VPOS="2380" HPOS="1038"/>
                  <String HEIGHT="61"
                          WIDTH="238"
                          VPOS="2380"
                          HPOS="993"
                          CONTENT="consideratur"/>
                  <SP HEIGHT="61" WIDTH="15" VPOS="2380" HPOS="1231"/>
                  <String HEIGHT="61"
                          WIDTH="164"
                          VPOS="2380"
                          HPOS="1187"
                          CONTENT="illorum"/>
                  <SP HEIGHT="61" WIDTH="15" VPOS="2380" HPOS="1350"/>
                  <String HEIGHT="61"
                          WIDTH="208"
                          VPOS="2380"
                          HPOS="1306"
                          CONTENT="comparatio"/>
                  <SP HEIGHT="61" WIDTH="15" VPOS="2380" HPOS="1514"/>
                  <String HEIGHT="61"
                          WIDTH="134"
                          VPOS="2380"
                          HPOS="1469"
                          CONTENT="inter"/>
                  <SP HEIGHT="61" WIDTH="15" VPOS="2380" HPOS="1603"/>
                  <String HEIGHT="61" WIDTH="59" VPOS="2380" HPOS="1544" CONTENT="se"/>
               </TextLine>
               <TextLine ID="r1l52"
                         BASELINE="2490"
                         HEIGHT="57"
                         WIDTH="1436"
                         VPOS="2433"
                         HPOS="161">
                  <String HEIGHT="57"
                          WIDTH="172"
                          VPOS="2433"
                          HPOS="147"
                          CONTENT="respectu"/>
                  <SP HEIGHT="57" WIDTH="14" VPOS="2433" HPOS="319"/>
                  <String HEIGHT="57"
                          WIDTH="144"
                          VPOS="2433"
                          HPOS="276"
                          CONTENT="tertii"/>
                  <SP HEIGHT="57" WIDTH="14" VPOS="2433" HPOS="419"/>
                  <String HEIGHT="57"
                          WIDTH="115"
                          VPOS="2433"
                          HPOS="376"
                          CONTENT="quod"/>
                  <SP HEIGHT="57" WIDTH="14" VPOS="2433" HPOS="491"/>
                  <String HEIGHT="57"
                          WIDTH="158"
                          VPOS="2433"
                          HPOS="448"
                          CONTENT="vtrique"/>
                  <SP HEIGHT="57" WIDTH="14" VPOS="2433" HPOS="606"/>
                  <String HEIGHT="57"
                          WIDTH="129"
                          VPOS="2433"
                          HPOS="563"
                          CONTENT="eorum"/>
                  <SP HEIGHT="57" WIDTH="14" VPOS="2433" HPOS="692"/>
                  <String HEIGHT="57"
                          WIDTH="201"
                          VPOS="2433"
                          HPOS="649"
                          CONTENT="opponitur:"/>
                  <SP HEIGHT="57" WIDTH="14" VPOS="2433" HPOS="850"/>
                  <String HEIGHT="57"
                          WIDTH="187"
                          VPOS="2433"
                          HPOS="807"
                          CONTENT="cuiusmodi"/>
                  <SP HEIGHT="57" WIDTH="14" VPOS="2433" HPOS="994"/>
                  <String HEIGHT="57"
                          WIDTH="101"
                          VPOS="2433"
                          HPOS="951"
                          CONTENT="est"/>
                  <SP HEIGHT="57" WIDTH="14" VPOS="2433" HPOS="1051"/>
                  <String HEIGHT="57"
                          WIDTH="158"
                          VPOS="2433"
                          HPOS="1008"
                          CONTENT="aequale"/>
                  <SP HEIGHT="57" WIDTH="14" VPOS="2433" HPOS="1166"/>
                  <String HEIGHT="57"
                          WIDTH="187"
                          VPOS="2433"
                          HPOS="1123"
                          CONTENT="inquantum"/>
                  <SP HEIGHT="57" WIDTH="14" VPOS="2433" HPOS="1310"/>
                  <String HEIGHT="57"
                          WIDTH="187"
                          VPOS="2433"
                          HPOS="1267"
                          CONTENT="inaequale"/>
                  <SP HEIGHT="57" WIDTH="14" VPOS="2433" HPOS="1453"/>
                  <String HEIGHT="57"
                          WIDTH="172"
                          VPOS="2433"
                          HPOS="1410"
                          CONTENT="continet"/>
                  <SP HEIGHT="57" WIDTH="14" VPOS="2433" HPOS="1583"/>
                  <String HEIGHT="57"
                          WIDTH="72"
                          VPOS="2433"
                          HPOS="1525"
                          CONTENT="mul"/>
               </TextLine>
               <TextLine ID="r1l53"
                         BASELINE="2530"
                         HEIGHT="53"
                         WIDTH="1448"
                         VPOS="2477"
                         HPOS="157">
                  <String HEIGHT="53"
                          WIDTH="104"
                          VPOS="2477"
                          HPOS="142"
                          CONTENT="tum"/>
                  <SP HEIGHT="53" WIDTH="15" VPOS="2477" HPOS="247"/>
                  <String HEIGHT="53" WIDTH="75" VPOS="2477" HPOS="202" CONTENT="&amp;"/>
                  <SP HEIGHT="53" WIDTH="15" VPOS="2477" HPOS="276"/>
                  <String HEIGHT="53"
                          WIDTH="164"
                          VPOS="2477"
                          HPOS="232"
                          CONTENT="paucum."/>
                  <SP HEIGHT="53" WIDTH="15" VPOS="2477" HPOS="396"/>
                  <String HEIGHT="53"
                          WIDTH="104"
                          VPOS="2477"
                          HPOS="351"
                          CONTENT="sic"/>
                  <SP HEIGHT="53" WIDTH="15" VPOS="2477" HPOS="456"/>
                  <String HEIGHT="53"
                          WIDTH="149"
                          VPOS="2477"
                          HPOS="411"
                          CONTENT="multum"/>
                  <SP HEIGHT="53" WIDTH="15" VPOS="2477" HPOS="560"/>
                  <String HEIGHT="53" WIDTH="75" VPOS="2477" HPOS="515" CONTENT="&amp;"/>
                  <SP HEIGHT="53" WIDTH="15" VPOS="2477" HPOS="590"/>
                  <String HEIGHT="53"
                          WIDTH="149"
                          VPOS="2477"
                          HPOS="545"
                          CONTENT="paucum"/>
                  <SP HEIGHT="53" WIDTH="15" VPOS="2477" HPOS="694"/>
                  <String HEIGHT="53"
                          WIDTH="209"
                          VPOS="2477"
                          HPOS="650"
                          CONTENT="opponuntur"/>
                  <SP HEIGHT="53" WIDTH="15" VPOS="2477" HPOS="859"/>
                  <String HEIGHT="53"
                          WIDTH="134"
                          VPOS="2477"
                          HPOS="814"
                          CONTENT="inter"/>
                  <SP HEIGHT="53" WIDTH="15" VPOS="2477" HPOS="948"/>
                  <String HEIGHT="53" WIDTH="90" VPOS="2477" HPOS="903" CONTENT="se"/>
                  <SP HEIGHT="53" WIDTH="15" VPOS="2477" HPOS="993"/>
                  <String HEIGHT="53"
                          WIDTH="209"
                          VPOS="2477"
                          HPOS="948"
                          CONTENT="contrarie,"/>
                  <SP HEIGHT="53" WIDTH="15" VPOS="2477" HPOS="1157"/>
                  <String HEIGHT="53"
                          WIDTH="134"
                          VPOS="2477"
                          HPOS="1112"
                          CONTENT="sicut"/>
                  <SP HEIGHT="53" WIDTH="15" VPOS="2477" HPOS="1247"/>
                  <String HEIGHT="53"
                          WIDTH="179"
                          VPOS="2477"
                          HPOS="1202"
                          CONTENT="abundans"/>
                  <SP HEIGHT="53" WIDTH="15" VPOS="2477" HPOS="1381"/>
                  <String HEIGHT="53" WIDTH="75" VPOS="2477" HPOS="1336" CONTENT="&amp;"/>
                  <SP HEIGHT="53" WIDTH="15" VPOS="2477" HPOS="1411"/>
                  <String HEIGHT="53"
                          WIDTH="194"
                          VPOS="2477"
                          HPOS="1366"
                          CONTENT="diminutum"/>
                  <SP HEIGHT="53" WIDTH="15" VPOS="2477" HPOS="1560"/>
                  <String HEIGHT="53"
                          WIDTH="104"
                          VPOS="2477"
                          HPOS="1501"
                          CONTENT="respa"/>
               </TextLine>
               <TextLine ID="r1l54"
                         BASELINE="2572"
                         HEIGHT="55"
                         WIDTH="1446"
                         VPOS="2517"
                         HPOS="158">
                  <String HEIGHT="55"
                          WIDTH="108"
                          VPOS="2517"
                          HPOS="143"
                          CONTENT="ctu"/>
                  <SP HEIGHT="55" WIDTH="15" VPOS="2517" HPOS="250"/>
                  <String HEIGHT="55"
                          WIDTH="185"
                          VPOS="2517"
                          HPOS="204"
                          CONTENT="aequalis"/>
                  <SP HEIGHT="55" WIDTH="15" VPOS="2517" HPOS="389"/>
                  <String HEIGHT="55"
                          WIDTH="108"
                          VPOS="2517"
                          HPOS="343"
                          CONTENT="cui"/>
                  <SP HEIGHT="55" WIDTH="15" VPOS="2517" HPOS="450"/>
                  <String HEIGHT="55"
                          WIDTH="215"
                          VPOS="2517"
                          HPOS="404"
                          CONTENT="opponuntur"/>
                  <SP HEIGHT="55" WIDTH="15" VPOS="2517" HPOS="619"/>
                  <String HEIGHT="55"
                          WIDTH="108"
                          VPOS="2517"
                          HPOS="573"
                          CONTENT="sub"/>
                  <SP HEIGHT="55" WIDTH="15" VPOS="2517" HPOS="681"/>
                  <String HEIGHT="55"
                          WIDTH="138"
                          VPOS="2517"
                          HPOS="635"
                          CONTENT="forma"/>
                  <SP HEIGHT="55" WIDTH="15" VPOS="2517" HPOS="773"/>
                  <String HEIGHT="55"
                          WIDTH="231"
                          VPOS="2517"
                          HPOS="727"
                          CONTENT="inaequalis."/>
                  <SP HEIGHT="55" WIDTH="15" VPOS="2517" HPOS="958"/>
                  <String HEIGHT="55"
                          WIDTH="108"
                          VPOS="2517"
                          HPOS="912"
                          CONTENT="Aut"/>
                  <SP HEIGHT="55" WIDTH="15" VPOS="2517" HPOS="1019"/>
                  <String HEIGHT="55"
                          WIDTH="246"
                          VPOS="2517"
                          HPOS="973"
                          CONTENT="consideratur"/>
                  <SP HEIGHT="55" WIDTH="15" VPOS="2517" HPOS="1219"/>
                  <String HEIGHT="55"
                          WIDTH="169"
                          VPOS="2517"
                          HPOS="1173"
                          CONTENT="illorum"/>
                  <SP HEIGHT="55" WIDTH="15" VPOS="2517" HPOS="1342"/>
                  <String HEIGHT="55"
                          WIDTH="215"
                          VPOS="2517"
                          HPOS="1296"
                          CONTENT="comparatio"/>
                  <SP HEIGHT="55" WIDTH="15" VPOS="2517" HPOS="1512"/>
                  <String HEIGHT="55"
                          WIDTH="154"
                          VPOS="2517"
                          HPOS="1450"
                          CONTENT="respectu"/>
               </TextLine>
               <TextLine ID="r1l55"
                         BASELINE="2615"
                         HEIGHT="50"
                         WIDTH="1435"
                         VPOS="2565"
                         HPOS="161">
                  <String HEIGHT="50"
                          WIDTH="158"
                          VPOS="2565"
                          HPOS="145"
                          CONTENT="tertii"/>
                  <SP HEIGHT="50" WIDTH="16" VPOS="2565" HPOS="303"/>
                  <String HEIGHT="50"
                          WIDTH="126"
                          VPOS="2565"
                          HPOS="256"
                          CONTENT="quod"/>
                  <SP HEIGHT="50" WIDTH="16" VPOS="2565" HPOS="382"/>
                  <String HEIGHT="50"
                          WIDTH="158"
                          VPOS="2565"
                          HPOS="334"
                          CONTENT="neutri"/>
                  <SP HEIGHT="50" WIDTH="16" VPOS="2565" HPOS="492"/>
                  <String HEIGHT="50"
                          WIDTH="221"
                          VPOS="2565"
                          HPOS="445"
                          CONTENT="opponitur:"/>
                  <SP HEIGHT="50" WIDTH="16" VPOS="2565" HPOS="666"/>
                  <String HEIGHT="50"
                          WIDTH="110"
                          VPOS="2565"
                          HPOS="618"
                          CONTENT="hoc"/>
                  <SP HEIGHT="50" WIDTH="16" VPOS="2565" HPOS="729"/>
                  <String HEIGHT="50"
                          WIDTH="126"
                          VPOS="2565"
                          HPOS="681"
                          CONTENT="modo"/>
                  <SP HEIGHT="50" WIDTH="16" VPOS="2565" HPOS="808"/>
                  <String HEIGHT="50"
                          WIDTH="158"
                          VPOS="2565"
                          HPOS="760"
                          CONTENT="multum"/>
                  <SP HEIGHT="50" WIDTH="16" VPOS="2565" HPOS="918"/>
                  <String HEIGHT="50"
                          WIDTH="173"
                          VPOS="2565"
                          HPOS="871"
                          CONTENT="dicitur"/>
                  <SP HEIGHT="50" WIDTH="16" VPOS="2565" HPOS="1044"/>
                  <String HEIGHT="50"
                          WIDTH="189"
                          VPOS="2565"
                          HPOS="997"
                          CONTENT="relatiue"/>
                  <SP HEIGHT="50" WIDTH="16" VPOS="2565" HPOS="1186"/>
                  <String HEIGHT="50" WIDTH="95" VPOS="2565" HPOS="1139" CONTENT="ad"/>
                  <SP HEIGHT="50" WIDTH="16" VPOS="2565" HPOS="1233"/>
                  <String HEIGHT="50"
                          WIDTH="173"
                          VPOS="2565"
                          HPOS="1186"
                          CONTENT="paucum:"/>
                  <SP HEIGHT="50" WIDTH="16" VPOS="2565" HPOS="1359"/>
                  <String HEIGHT="50"
                          WIDTH="237"
                          VPOS="2565"
                          HPOS="1312"
                          CONTENT="quemadmodum"/>
                  <SP HEIGHT="50" WIDTH="16" VPOS="2565" HPOS="1549"/>
                  <String HEIGHT="50"
                          WIDTH="110"
                          VPOS="2565"
                          HPOS="1486"
                          CONTENT="multi"/>
               </TextLine>
               <TextLine ID="r1l56"
                         BASELINE="2669"
                         HEIGHT="60"
                         WIDTH="1431"
                         VPOS="2609"
                         HPOS="168">
                  <String HEIGHT="60"
                          WIDTH="177"
                          VPOS="2609"
                          HPOS="153"
                          CONTENT="dicuntur"/>
                  <SP HEIGHT="60" WIDTH="15" VPOS="2609" HPOS="330"/>
                  <String HEIGHT="60"
                          WIDTH="118"
                          VPOS="2609"
                          HPOS="286"
                          CONTENT="esse"/>
                  <SP HEIGHT="60" WIDTH="15" VPOS="2609" HPOS="404"/>
                  <String HEIGHT="60" WIDTH="89" VPOS="2609" HPOS="360" CONTENT="in"/>
                  <SP HEIGHT="60" WIDTH="15" VPOS="2609" HPOS="448"/>
                  <String HEIGHT="60"
                          WIDTH="118"
                          VPOS="2609"
                          HPOS="404"
                          CONTENT="foro"/>
                  <SP HEIGHT="60" WIDTH="15" VPOS="2609" HPOS="522"/>
                  <String HEIGHT="60"
                          WIDTH="103"
                          VPOS="2609"
                          HPOS="478"
                          CONTENT="vno"/>
                  <SP HEIGHT="60" WIDTH="15" VPOS="2609" HPOS="581"/>
                  <String HEIGHT="60"
                          WIDTH="162"
                          VPOS="2609"
                          HPOS="537"
                          CONTENT="tempore"/>
                  <SP HEIGHT="60" WIDTH="15" VPOS="2609" HPOS="699"/>
                  <String HEIGHT="60"
                          WIDTH="177"
                          VPOS="2609"
                          HPOS="655"
                          CONTENT="respectu"/>
                  <SP HEIGHT="60" WIDTH="15" VPOS="2609" HPOS="832"/>
                  <String HEIGHT="60"
                          WIDTH="177"
                          VPOS="2609"
                          HPOS="788"
                          CONTENT="paucorum"/>
                  <SP HEIGHT="60" WIDTH="15" VPOS="2609" HPOS="965"/>
                  <String HEIGHT="60"
                          WIDTH="103"
                          VPOS="2609"
                          HPOS="920"
                          CONTENT="qui"/>
                  <SP HEIGHT="60" WIDTH="15" VPOS="2609" HPOS="1024"/>
                  <String HEIGHT="60"
                          WIDTH="148"
                          VPOS="2609"
                          HPOS="979"
                          CONTENT="solent"/>
                  <SP HEIGHT="60" WIDTH="15" VPOS="2609" HPOS="1127"/>
                  <String HEIGHT="60"
                          WIDTH="118"
                          VPOS="2609"
                          HPOS="1083"
                          CONTENT="esse"/>
                  <SP HEIGHT="60" WIDTH="15" VPOS="2609" HPOS="1201"/>
                  <String HEIGHT="60" WIDTH="89" VPOS="2609" HPOS="1156" CONTENT="in"/>
                  <SP HEIGHT="60" WIDTH="15" VPOS="2609" HPOS="1245"/>
                  <String HEIGHT="60"
                          WIDTH="118"
                          VPOS="2609"
                          HPOS="1201"
                          CONTENT="illo"/>
                  <SP HEIGHT="60" WIDTH="15" VPOS="2609" HPOS="1319"/>
                  <String HEIGHT="60"
                          WIDTH="118"
                          VPOS="2609"
                          HPOS="1274"
                          CONTENT="alio"/>
                  <SP HEIGHT="60" WIDTH="15" VPOS="2609" HPOS="1392"/>
                  <String HEIGHT="60"
                          WIDTH="177"
                          VPOS="2609"
                          HPOS="1348"
                          CONTENT="tempore:"/>
                  <SP HEIGHT="60" WIDTH="15" VPOS="2609" HPOS="1525"/>
                  <String HEIGHT="60" WIDTH="74" VPOS="2609" HPOS="1481" CONTENT="&amp;"/>
                  <SP HEIGHT="60" WIDTH="15" VPOS="2609" HPOS="1555"/>
                  <String HEIGHT="60"
                          WIDTH="103"
                          VPOS="2609"
                          HPOS="1496"
                          CONTENT="pauci"/>
               </TextLine>
               <TextLine ID="r1l57"
                         BASELINE="2723"
                         HEIGHT="72"
                         WIDTH="1432"
                         VPOS="2651"
                         HPOS="170">
                  <String HEIGHT="72"
                          WIDTH="185"
                          VPOS="2651"
                          HPOS="155"
                          CONTENT="dicuntur"/>
                  <SP HEIGHT="72" WIDTH="15" VPOS="2651" HPOS="339"/>
                  <String HEIGHT="72"
                          WIDTH="123"
                          VPOS="2651"
                          HPOS="293"
                          CONTENT="esse"/>
                  <SP HEIGHT="72" WIDTH="15" VPOS="2651" HPOS="416"/>
                  <String HEIGHT="72" WIDTH="92" VPOS="2651" HPOS="370" CONTENT="in"/>
                  <SP HEIGHT="72" WIDTH="15" VPOS="2651" HPOS="463"/>
                  <String HEIGHT="72"
                          WIDTH="185"
                          VPOS="2651"
                          HPOS="416"
                          CONTENT="ciuitate"/>
                  <SP HEIGHT="72" WIDTH="15" VPOS="2651" HPOS="601"/>
                  <String HEIGHT="72"
                          WIDTH="108"
                          VPOS="2651"
                          HPOS="555"
                          CONTENT="vno"/>
                  <SP HEIGHT="72" WIDTH="15" VPOS="2651" HPOS="663"/>
                  <String HEIGHT="72"
                          WIDTH="169"
                          VPOS="2651"
                          HPOS="617"
                          CONTENT="tempore"/>
                  <SP HEIGHT="72" WIDTH="15" VPOS="2651" HPOS="786"/>
                  <String HEIGHT="72"
                          WIDTH="185"
                          VPOS="2651"
                          HPOS="740"
                          CONTENT="respectu"/>
                  <SP HEIGHT="72" WIDTH="15" VPOS="2651" HPOS="924"/>
                  <String HEIGHT="72"
                          WIDTH="185"
                          VPOS="2651"
                          HPOS="878"
                          CONTENT="multorum"/>
                  <SP HEIGHT="72" WIDTH="15" VPOS="2651" HPOS="1063"/>
                  <String HEIGHT="72"
                          WIDTH="108"
                          VPOS="2651"
                          HPOS="1017"
                          CONTENT="qui"/>
                  <SP HEIGHT="72" WIDTH="15" VPOS="2651" HPOS="1125"/>
                  <String HEIGHT="72"
                          WIDTH="154"
                          VPOS="2651"
                          HPOS="1078"
                          CONTENT="solent"/>
                  <SP HEIGHT="72" WIDTH="15" VPOS="2651" HPOS="1232"/>
                  <String HEIGHT="72"
                          WIDTH="123"
                          VPOS="2651"
                          HPOS="1186"
                          CONTENT="esse"/>
                  <SP HEIGHT="72" WIDTH="15" VPOS="2651" HPOS="1309"/>
                  <String HEIGHT="72" WIDTH="92" VPOS="2651" HPOS="1263" CONTENT="in"/>
                  <SP HEIGHT="72" WIDTH="15" VPOS="2651" HPOS="1356"/>
                  <String HEIGHT="72"
                          WIDTH="123"
                          VPOS="2651"
                          HPOS="1309"
                          CONTENT="illa"/>
                  <SP HEIGHT="72" WIDTH="15" VPOS="2651" HPOS="1433"/>
                  <String HEIGHT="72"
                          WIDTH="123"
                          VPOS="2651"
                          HPOS="1386"
                          CONTENT="alio"/>
                  <SP HEIGHT="72" WIDTH="15" VPOS="2651" HPOS="1510"/>
                  <String HEIGHT="72"
                          WIDTH="154"
                          VPOS="2651"
                          HPOS="1448"
                          CONTENT="tempore:"/>
               </TextLine>
            </TextBlock>
         </PrintSpace>
      </Page>
   </Layout>
</alto>
