2017 3276
437 278 115 68 sum
502 278 181 68 genere.
634 278 214 68 Inaequale
799 278 148 68 autem
898 278 115 68 non
964 278 198 68 causatur
1112 278 132 68 nisi
1194 278 82 68 a
1227 278 148 68 multo
1326 278 165 68 numero
1442 278 231 68 differenti
1623 278 99 68 in
1672 278 148 68 gradu
1755 278 148 68 eiusdem

438 337 180 61 speciei.
573 337 195 61 Dissimile
722 337 135 61 autem
812 337 105 61 non
872 337 180 61 causatur
1007 337 120 61 nisi
1082 337 75 61 a
1112 337 135 61 multo
1201 337 150 61 specie
1306 337 135 61 inter
1396 337 120 61 illa
1471 337 120 61 quae
1546 337 120 61 sunt
1621 337 120 61 vnum
1695 337 165 61 genere.
1800 337 105 61 talia

430 386 138 45 autem
522 386 108 45 non
583 386 231 45 vniformiter
768 386 215 45 causantur.
937 386 123 45 ergo
1014 386 108 45 &c.
1076 386 77 45 ⁋
1106 386 154 45 Contra
1214 386 108 45 est
1275 386 123 45 quod
1352 386 77 45 a
1383 386 154 45 causis
1491 386 231 45 vniformibus
1675 386 200 45 causantur
1814 386 92 45 vni-

430 426 175 52 formiter
562 426 190 52 effectus:
707 426 117 52 quia
780 426 102 52 non
839 426 102 52 est
897 426 219 52 difformitas
1072 426 87 52 in
1116 426 233 52 principiatis
1305 426 117 52 nisi
1378 426 73 52 a
1407 426 233 52 difformitate
1597 426 190 52 existente
1743 426 87 52 in
1772 426 131 52 princi-

432 474 132 63 piis:
520 474 103 63 sed
579 474 117 63 vnum
653 474 176 63 vniforme
785 474 103 63 est
844 474 88 63 in
888 474 220 63 substantia,
1064 474 220 63 quantitate,
1240 474 73 63 &
1269 474 191 63 qualitate
1416 474 73 63 &
1446 474 206 63 econuerso:
1607 474 191 63 similiter
1754 474 162 63 multum:
1857 474 44 63 a

447 514 110 69 quo
510 514 204 69 causantur
667 514 94 69 in
714 514 110 69 eis
777 514 204 69 diuersum,
933 514 220 69 inaequale,
1106 514 78 69 &
1137 514 220 69 dissimile.
1310 514 125 69 ergo
1373 514 78 69 &c.

452 582 88 90 ⁋
488 582 141 90 Dico
576 582 141 90 quod
664 582 123 90 pro
735 582 176 90 quanto
858 582 141 90 ista
946 582 247 90 comparatio
1140 582 176 90 tangit
1264 582 247 90 relationes
1458 582 212 90 causatas
1616 582 106 90 ab
1669 582 123 90 vno
1740 582 141 90 quae
1810 582 106 90 con-

447 667 180 46 muniter
578 667 246 46 inueniuntur
774 667 98 46 in
823 667 115 46 deo
889 667 82 46 &
922 667 98 46 in
971 667 229 46 creaturis:
1151 667 147 46 istam
1249 667 246 46 quaestionem
1446 667 197 46 possumus
1593 667 246 46 intelligere
1773 667 131 46 duobus

428 707 138 53 modis:
525 707 96 53 aut
580 707 83 53 ex
621 707 220 53 vniformitate
800 707 165 53 causandi
924 707 124 53 idem,
1007 707 165 53 aequale,
1131 707 69 53 &
1158 707 138 53 simile
1255 707 83 53 in
1296 707 152 53 diuinis
1406 707 165 53 secundum
1530 707 96 53 se,
1585 707 69 53 &
1613 707 83 53 in
1654 707 179 53 creaturis
1778 707 138 53 secundum

436 747 94 59 se:
489 747 94 59 aut
543 747 201 59 comparatiue
703 747 80 59 in
743 747 94 59 his
797 747 67 59 &
823 747 80 59 in
864 747 134 59 illis.
957 747 80 59 Si
997 747 120 59 primo
1078 747 107 59 modo
1144 747 160 59 scilicet
1265 747 80 59 in
1305 747 147 59 diuinis
1412 747 160 59 secundum
1532 747 94 59 se:
1586 747 107 59 Dico
1653 747 107 59 quod
1719 747 147 59 penitus
1813 747 107 59 vnifor

431 801 139 54 miter
523 801 201 54 causantur
678 801 93 54 ab
725 801 124 54 vno:
802 801 124 54 quia
880 801 108 54 non
941 801 124 54 nisi
1019 801 93 54 ab
1065 801 108 54 vno
1127 801 139 54 dicto
1220 801 93 54 ab
1267 801 170 54 vnitate
1391 801 294 54 singularitatis,
1638 801 93 54 vt
1685 801 155 54 dictum
1793 801 108 54 est
1840 801 77 54 su-

434 837 117 66 pra,
508 837 73 66 &
537 837 161 66 amplius
654 837 234 66 declarabitur
845 837 147 66 infra.
947 837 88 66 Si
991 837 117 66 vero
1064 837 88 66 in
1108 837 190 66 creaturis
1255 837 176 66 secundum
1387 837 103 66 se,
1445 837 117 66 dico
1518 837 132 66 prout
1606 837 176 66 procedit
1738 837 132 66 prima
1811 837 103 66 obie-

431 885 134 58 ctio,
520 885 119 58 quod
595 885 223 58 difformiter
773 885 193 58 causantur
922 885 89 58 ab
967 885 119 58 vno:
1041 885 119 58 quia
1115 885 119 58 idem
1190 885 104 58 non
1249 885 179 58 causatur
1383 885 89 58 in
1428 885 193 58 creaturis
1577 885 119 58 nisi
1651 885 89 58 ab
1696 885 104 58 vno
1755 885 134 58 dicto
1844 885 89 58 ab

429 932 190 56 vnitate:
571 932 79 56 &
603 932 111 56 hoc
666 932 111 56 vel
729 932 284 56 singularitatis
966 932 111 56 vel
1029 932 269 56 communitatis.
1251 932 174 56 Aequale
1377 932 142 56 autem
1472 932 79 56 &
1503 932 158 56 simile
1614 932 111 56 non
1677 932 205 56 causantur
1819 932 95 56 nisi

435 987 97 49 ab
483 987 113 49 vno
548 987 145 49 dicto
644 987 97 49 ab
693 987 177 49 vnione:
822 987 81 49 &
854 987 113 49 hoc
919 987 129 49 quia
999 987 210 49 identitas
1160 987 113 49 non
1225 987 193 49 fundatur
1370 987 145 49 super
1467 987 129 49 vnum
1547 987 97 49 in
1596 987 97 49 re
1644 987 210 49 quacunque
1789 987 129 49 creata

428 1024 121 59 sicut
508 1024 121 59 neque
589 1024 81 59 in
629 1024 161 59 increata
750 1024 121 59 nisi:
830 1024 81 59 vt
870 1024 107 59 ipsa
937 1024 94 59 est
991 1024 188 59 bifurcata,
1139 1024 94 59 vel
1192 1024 215 59 plurificatur
1367 1024 81 59 in
1407 1024 161 59 relatis.
1528 1024 81 59 Et
1568 1024 94 59 hoc
1622 1024 94 59 vel
1675 1024 161 59 secundum
1783 1024 134 59 rationem

431 1078 86 52 vt
474 1078 86 52 in
516 1078 200 52 identitate
673 1078 171 52 secundum
802 1078 185 52 rationem:
944 1078 100 52 vel
1001 1078 171 52 secundum
1130 1078 114 52 rem:
1201 1078 86 52 vt
1244 1078 86 52 in
1286 1078 200 52 identitate
1443 1078 171 52 secundum
1572 1078 114 52 rem.
1643 1078 200 52 Aequalitas
1800 1078 128 52 autem
1871 1078 43 52 &

439 1113 198 59 similitudo
595 1113 99 59 non
651 1113 184 59 fundantur
793 1113 127 59 super
878 1113 113 59 vnum
949 1113 85 59 in
991 1113 85 59 re
1034 1113 142 59 creata
1133 1113 113 59 nisi
1204 1113 85 59 vt
1246 1113 113 59 ipsa
1317 1113 99 59 est
1374 1113 212 59 plurificata
1544 1113 170 59 secundum
1671 1113 113 59 rem,
1742 1113 71 59 &
1770 1113 127 59 quasi
1841 1113 71 59 con

434 1167 160 53 furcata
551 1167 87 53 in
594 1167 160 53 seipsa.
710 1167 73 53 ⁋
739 1167 87 53 Si
783 1167 131 53 autem
870 1167 232 53 intelligamus
1059 1167 160 53 secundo
1175 1167 116 53 modo
1248 1167 131 53 istam
1335 1167 218 53 quaestionem
1509 1167 174 53 scilicet
1640 1167 218 53 comparatiue
1814 1167 87 53 in
1843 1167 73 53 di-

437 1207 134 60 uinis
527 1207 75 60 &
556 1207 89 60 in
601 1207 209 60 creaturis:
765 1207 119 60 Dico
840 1207 119 60 quod
914 1207 104 60 hoc
974 1207 119 60 modo
1048 1207 209 60 dupliciter
1212 1207 134 60 adhuc
1302 1207 149 60 potest
1406 1207 194 60 intelligi
1555 1207 194 60 quaestio.
1704 1207 104 60 Vno
1749 1207 164 60 modo.icet

434 1262 90 49 an
479 1262 105 49 sic
539 1262 195 49 causantur
689 1262 225 49 vniformiter
870 1262 90 49 ab
915 1262 105 49 vno
975 1262 135 49 idem,
1065 1262 180 49 aequale,
1200 1262 75 49 &
1230 1262 150 49 simile
1335 1262 135 49 inter
1425 1262 90 49 se
1470 1262 195 49 comparata
1621 1262 90 49 in
1666 1262 210 49 creaturis:
1816 1262 105 49 sicut

434 1297 197 62 causantur
585 1297 91 62 ab
630 1297 106 62 vno
691 1297 136 62 inter
782 1297 91 62 se
827 1297 166 62 causata
948 1297 91 62 in
993 1297 181 62 diuinis.
1130 1297 121 62 Alio
1205 1297 136 62 modo,
1296 1297 91 62 an
1341 1297 136 62 sicut
1432 1297 181 62 caulatur
1568 1297 121 62 idem
1644 1297 91 62 in
1689 1297 166 62 diuinis
1810 1297 91 62 ab
1840 1297 76 62 vno

426 1345 97 57 sic
481 1345 69 57 &
509 1345 83 57 in
551 1345 194 57 creaturis:
703 1345 69 57 &
730 1345 180 57 similiter
868 1345 83 57 de
910 1345 152 57 aequali
1021 1345 69 57 &
1048 1345 152 57 simili.
1159 1345 83 57 Et
1200 1345 124 57 simul
1283 1345 207 57 respondendo
1449 1345 83 57 ad
1491 1345 166 57 vtrumque
1615 1345 138 57 modum:
1712 1345 111 57 dico
1781 1345 166 57 secundum

444 1391 110 58 quod
513 1391 97 58 iam
568 1391 138 58 tactum
665 1391 110 58 est,
734 1391 69 58 &
762 1391 152 58 amplius
872 1391 221 58 declarabitur
1051 1391 179 58 inferius:
1189 1391 110 58 quod
1258 1391 83 58 in
1300 1391 152 58 diuinis
1410 1391 179 58 fundantur
1548 1391 69 58 &
1576 1391 193 58 identitas,
1728 1391 69 58 &
1741 1391 166 58 aequalitas

429 1439 72 58 &
457 1439 203 58 similitudo
617 1439 130 58 super
704 1439 116 58 vnum
776 1439 145 58 dictum
877 1439 87 58 ab
921 1439 159 58 vnitate
1037 1439 275 58 singularitatis.
1268 1439 87 58 In
1312 1439 188 58 creaturis
1457 1439 130 58 etiam
1544 1439 188 58 identitas
1688 1439 116 58 vera
1761 1439 72 58 &
1775 1439 145 58 simplici

436 1489 103 53 ter
495 1489 176 53 fundatur
627 1489 191 53 similiter
775 1489 132 53 super
863 1489 118 53 vnum
936 1489 147 53 dictum
1039 1489 88 53 ab
1083 1489 162 53 vnitate
1201 1489 279 53 singularitatis,
1436 1489 118 53 quae
1510 1489 88 53 in
1554 1489 191 53 creaturis
1701 1489 191 53 deriuatur
1848 1489 88 53 in

437 1535 188 51 comparata
581 1535 188 51 distincta
725 1535 173 51 secundum
855 1535 173 51 rationem
985 1535 159 51 tantum,
1101 1535 130 51 sicut
1187 1535 72 51 &
1216 1535 87 51 in
1259 1535 173 51 diuinis.
1389 1535 101 51 Sed
1447 1535 101 51 hoc
1505 1535 101 51 non
1563 1535 87 51 in
1606 1535 188 51 creaturis
1750 1535 115 51 nisi
1808 1535 101 51 quan-

433 1558 91 77 do
478 1558 152 77 aliqua
585 1558 213 77 referuntur
752 1558 106 77 per
813 1558 228 77 identitatem
995 1558 91 77 ad
1041 1558 167 77 seipsa.
1162 1558 91 77 Et
1208 1558 106 77 sic
1269 1558 167 77 quantum
1390 1558 106 77 est
1451 1558 91 77 ex
1497 1558 137 77 parte
1588 1558 198 77 vnitatis,
1724 1558 198 77 vniformiter

444 1623 178 58 causatur
578 1623 193 58 identitas
726 1623 89 58 ab
770 1623 104 58 vno
829 1623 89 58 in
874 1623 178 58 diuinis,
1007 1623 74 58 &
1037 1623 89 58 in
1081 1623 207 58 creaturis.
1244 1623 89 58 In
1289 1623 193 58 creaturis
1437 1623 133 58 autem
1526 1623 193 58 identitas
1674 1623 148 58 specie
1778 1623 104 58 aut
1822 1623 89 58 gene

438 1674 90 49 re
483 1674 105 49 non
543 1674 135 49 habet
633 1674 135 49 modos
724 1674 226 49 identitatis
904 1674 241 49 respondentes
1100 1674 90 49 in
1145 1674 180 49 diuinis.
1280 1674 90 49 Et
1325 1674 180 49 secundum
1461 1674 105 49 hoc
1521 1674 226 49 difformiter
1701 1674 196 49 causantur
1852 1674 90 49 ab

434 1715 109 57 vno
497 1715 218 57 relationes
668 1715 187 57 communes
807 1715 233 57 identitatis
994 1715 93 57 in
1041 1715 109 57 deo
1103 1715 78 57 &
1134 1715 93 57 in
1181 1715 218 57 creaturis:
1351 1715 124 57 quia
1429 1715 124 57 sola
1507 1715 202 57 identitas
1662 1715 155 57 numero
1771 1715 78 57 &
1802 1715 93 57 ab
1833 1715 78 57 vno

441 1759 150 58 numero
546 1759 105 58 est
606 1759 90 58 in
652 1759 180 58 diuinis:
787 1759 196 58 nequaquam
937 1759 135 58 autem
1028 1759 196 58 identitas
1178 1759 150 58 specie
1283 1759 105 58 aut
1343 1759 165 58 genere:
1464 1759 120 58 quia
1539 1759 90 58 in
1584 1759 165 58 diuinis
1704 1759 105 58 non
1765 1759 120 58 sunt
1825 1759 90 58 vnum

433 1801 152 54 specie
539 1801 76 54 &
569 1801 167 54 genere:
691 1801 137 54 sicut
782 1801 91 54 in
827 1801 197 54 creaturis
979 1801 106 54 non
1040 1801 182 54 causatur
1176 1801 228 54 similitudo,
1359 1801 106 54 aut
1419 1801 212 54 aequalitas
1586 1801 121 54 nisi
1662 1801 91 54 ab
1708 1801 106 54 vno
1768 1801 182 54 secundum

443 1853 185 56 speciem:
581 1853 93 56 in
628 1853 170 56 diuinis
751 1853 139 56 autem
844 1853 108 56 non
906 1853 123 56 nisi
983 1853 93 56 ab
1029 1853 108 56 vno
1091 1853 185 56 secundum
1230 1853 185 56 numerum.
1369 1853 77 56 &
1400 1853 108 56 hoc
1461 1853 123 56 quia
1539 1853 93 56 in
1585 1853 170 56 diuinis
1708 1853 108 56 non
1770 1853 123 56 nisi
1832 1853 77 56 vna

437 1899 183 59 qualitas
574 1899 76 59 &
604 1899 198 59 quantitas
757 1899 152 59 numero
863 1899 137 59 sicut
955 1899 76 59 &
985 1899 213 59 substantia
1153 1899 152 59 potest
1259 1899 122 59 esse
1335 1899 91 59 in
1381 1899 168 59 diuinis
1503 1899 198 59 personis.
1655 1899 91 59 In
1701 1899 198 59 creaturis
1853 1899 91 59 au

433 1952 109 51 tem
496 1952 94 51 in
543 1952 188 51 diuersis
683 1952 219 51 suppositis
855 1952 109 51 non
918 1952 156 51 potest
1027 1952 125 51 esse
1105 1952 141 51 eadem
1199 1952 188 51 qualitas
1340 1952 109 51 aut
1402 1952 203 51 quantitas
1559 1952 188 51 secundum
1699 1952 188 51 numerum:
1840 1952 109 51 aut

437 1985 205 61 substantia
599 1985 132 61 eadem
687 1985 176 61 secundum
819 1985 176 61 numerum:
951 1985 103 61 sed
1009 1985 176 61 secundum
1141 1985 161 61 speciem
1259 1985 103 61 aut
1317 1985 132 61 genus
1405 1985 161 61 tantum:
1523 1985 117 61 quae
1596 1985 103 61 non
1655 1985 117 61 sunt
1728 1985 117 61 nisi
1801 1985 88 61 in
1831 1985 73 61 di-

444 2030 161 62 uersis.
561 2030 88 62 Et
605 2030 117 62 ideo
679 2030 88 62 in
722 2030 190 62 creaturis
869 2030 205 62 similitudo
1030 2030 73 62 &
1059 2030 205 62 aequalitas
1220 2030 102 62 non
1279 2030 102 62 est
1337 2030 117 62 nisi
1410 2030 176 62 secundum
1542 2030 205 62 qualitatem
1703 2030 73 62 &
1718 2030 190 62 quantitatem

445 2079 195 64 existentem
598 2079 84 64 in
640 2079 181 64 diuersis,
779 2079 84 64 vt
821 2079 125 64 infra
905 2079 167 64 patebit.
1030 2079 84 64 Et
1072 2079 97 64 sic
1127 2079 167 64 procedit
1253 2079 125 64 prima
1336 2079 125 64 ratio
1420 2079 70 64 &
1448 2079 125 64 bene:
1531 2079 111 64 quae
1601 2079 167 64 secundum
1726 2079 97 64 hoc
1768 2079 139 64 conceden

435 2124 89 60 da
480 2124 118 60 est.
553 2124 133 60 Ratio
642 2124 133 60 autem
731 2124 133 60 quare
819 2124 207 60 distinctio
982 2124 222 60 identitatis
1159 2124 103 60 est
1218 2124 177 60 secundum
1351 2124 118 60 vnum
1425 2124 163 60 numero,
1544 2124 163 60 specie,
1662 2124 74 60 &
1691 2124 148 60 genere
1795 2124 89 60 in
1824 2124 89 60 crea

438 2180 145 50 turis:
539 2180 101 50 non
597 2180 101 50 sic
654 2180 130 50 autem
741 2180 202 50 distinctio
900 2180 231 50 aequalitatis
1088 2180 72 50 &
1117 2180 260 50 similitudinis:
1334 2180 101 50 est
1392 2180 116 50 quia
1464 2180 202 50 distinctio
1623 2180 130 50 vnius
1710 2180 174 50 secundum
1826 2180 72 50 nu-

443 2213 143 62 merum,
543 2213 172 62 speciem,
672 2213 72 62 &
701 2213 143 62 genus,
801 2213 172 62 conuenit
930 2213 186 62 solummodo
1073 2213 100 62 rei
1130 2213 172 62 secundum
1259 2213 115 62 quod
1331 2213 129 62 habet
1417 2213 115 62 esse
1489 2213 158 62 aliquid
1603 2213 86 62 in
1646 2213 100 62 suo
1689 2213 215 62 praedicamento

444 2255 97 64 per
500 2255 97 64 se:
555 2255 69 64 &
583 2255 97 64 sic
638 2255 83 64 vt
680 2255 125 64 habet
763 2255 166 64 rationem
888 2255 222 64 substantiae:
1068 2255 111 64 quam
1137 2255 208 64 consequitur
1303 2255 111 64 sola
1373 2255 194 64 identitas:
1525 2255 97 64 non
1580 2255 125 64 autem
1664 2255 194 64 aequalitas
1816 2255 69 64 &
1830 2255 83 64 simi

439 2316 150 48 litudo:
549 2316 82 48 eo
589 2316 109 48 quod
658 2316 109 48 haec
726 2316 96 48 non
780 2316 177 48 sequuntur
917 2316 109 48 nisi
985 2316 191 48 qualitatem
1135 2316 68 48 &
1163 2316 205 48 quantitatem
1326 2316 82 48 vt
1367 2316 109 48 sunt
1435 2316 150 48 aliquid
1545 2316 82 48 in
1586 2316 164 48 subiecto
1708 2316 109 48 quid
1777 2316 164 48 secundum

433 2357 130 57 illas
519 2357 115 57 res:
591 2357 72 57 &
620 2357 101 57 hoc
678 2357 101 57 non
736 2357 115 57 nisi
808 2357 188 57 inquantum
952 2357 173 57 subiecta
1082 2357 173 57 secundum
1212 2357 130 57 illas
1298 2357 144 57 relata
1399 2357 115 57 sunt
1471 2357 188 57 conformia
1615 2357 87 57 in
1659 2357 188 57 qualitate
1803 2357 72 57 &
1817 2357 87 57 quan

442 2395 160 69 titate:
559 2395 102 69 aut
617 2395 189 69 inquantum
762 2395 204 69 qualitates
922 2395 102 69 aut
980 2395 218 69 quantitates
1155 2395 204 69 diuersorum
1315 2395 218 69 subiectorum
1489 2395 116 69 sunt
1562 2395 189 69 conformes
1707 2395 131 69 inter
1795 2395 102 69 se:
1838 2395 73 69 non

444 2451 128 53 autem
529 2451 185 53 inquantum
672 2451 114 53 sunt
743 2451 214 53 quantitates
914 2451 228 53 simpliciter:
1099 2451 100 53 aut
1156 2451 214 53 simpliciter
1326 2451 199 53 qualitates
1483 2451 214 53 existerntes
1654 2451 157 53 aliquod
1768 2451 85 53 in
1796 2451 114 53 genere

442 2486 115 65 suo.
514 2486 188 65 Conformia
658 2486 130 65 autem
745 2486 87 65 in
788 2486 188 65 qualitate
932 2486 101 65 aut
990 2486 202 65 quantitate
1149 2486 101 65 sic
1207 2486 87 65 vt
1250 2486 173 65 secundum
1380 2486 130 65 illas
1466 2486 173 65 dicantur
1596 2486 173 65 subiecta
1726 2486 173 65 aequalia
1842 2486 72 65 vel

439 2538 161 61 similia,
559 2538 94 61 non
613 2538 107 61 sunt
679 2538 134 61 aliqua
773 2538 107 61 nisi
840 2538 161 61 secundum
960 2538 134 61 eandem
1054 2538 147 61 speciem
1161 2538 254 61 specialissimam.
1375 2538 80 61 Et
1415 2538 174 61 difformia
1549 2538 161 61 secundum
1669 2538 187 61 qualitatem
1816 2538 94 61 sic
1856 2538 54 61 vt

444 2575 159 70 secundum
563 2575 119 70 illam
642 2575 159 70 dicantur
761 2575 159 70 subiecta
880 2575 198 70 dissimilia:
1039 2575 93 70 non
1091 2575 106 70 sunt
1158 2575 132 70 aliqua
1250 2575 106 70 nisi
1316 2575 159 70 secundum
1435 2575 159 70 diuersas
1554 2575 145 70 species
1660 2575 238 70 specialissimas
1845 2575 66 70 sub

438 2626 134 62 eodem
527 2626 149 62 genere
631 2626 164 62 proximo
750 2626 223 62 qualitatis:
929 2626 119 62 quia
1003 2626 134 62 solae
1092 2626 134 62 illae
1182 2626 89 62 in
1226 2626 134 62 forma
1315 2626 164 62 generis
1434 2626 119 62 sunt
1509 2626 208 62 conformes:
1672 2626 74 62 &
1702 2626 149 62 nullam
1791 2626 119 62 habent

441 2668 134 66 inter
531 2668 90 66 se
576 2668 269 66 difformitatem.
800 2668 105 66 Sed
859 2668 224 66 quantitates
1039 2668 164 66 eiusdem
1158 2668 164 66 speciei
1278 2668 269 66 specialissimae
1502 2668 120 66 bene
1576 2668 120 66 sunt
1651 2668 134 66 inter
1741 2668 90 66 se
1771 2668 134 66 diffor-

437 2724 101 63 mes
494 2724 174 63 secundum
625 2724 159 63 gradus:
741 2724 87 63 vt
784 2724 116 63 ideo
856 2724 174 63 secundum
987 2724 130 63 illas
1074 2724 116 63 bene
1146 2724 174 63 dicantur
1276 2724 174 63 subiecta
1407 2724 217 63 inaequalia:
1580 2724 130 63 etiam
1667 2724 101 63 quo
1711 2724 188 63 difformiter

426 2763 196 81 fundantur
577 2763 136 81 super
668 2763 166 81 multum,
789 2763 212 81 inaequale,
955 2763 76 81 &
985 2763 212 81 dissimile,
1151 2763 76 81 &
1182 2763 196 81 diuersum,
1333 2763 91 81 vt
1378 2763 181 81 procedit
1514 2763 166 81 secunda
1635 2763 181 81 obiectio
1771 2763 76 81 &
1786 2763 106 81 bene.
