2017 3284
423 271 139 86 minat:
520 271 97 86 sed
576 271 250 86 praedicamentum
784 271 153 86 nominat
896 271 139 86 potius
993 271 153 86 aliquid
1104 271 97 86 cui
1159 271 167 86 convenit
1285 271 111 86 esse
1354 271 83 86 vt
1396 271 222 86 participatum
1576 271 83 86 ab
1618 271 125 86 illo:
1701 271 69 86 &
1729 271 97 86 hoc
1771 271 111 86 analo-

426 346 116 56 gice:
503 346 116 56 prout
581 346 116 56 illud
658 346 142 56 aliquod
761 346 103 56 quod
825 346 90 56 rem
876 346 219 56 praedicamenti
1057 346 154 56 nominat,
1172 346 232 56 diuersificatur
1365 346 77 56 in
1404 346 154 56 diuersis
1520 346 244 56 praedicamentis.
1726 346 103 56 Quae
1790 346 90 56 res
1829 346 64 56 cum

428 388 89 53 hoc
479 388 102 53 quod
543 388 89 53 est
594 388 140 53 diuersa
696 388 64 53 &
722 388 102 53 alia
786 388 115 53 atque
862 388 102 53 alia
926 388 77 53 in
965 388 230 53 praedicamentis
1156 388 153 53 realiter
1271 388 115 53 inter
1348 388 77 53 se
1386 388 192 53 distinctis:
1539 388 204 53 distinguitur
1705 388 115 53 etiam
1782 388 77 53 in
1808 388 89 53 diuer

423 442 96 55 sis
478 442 246 55 praedicamentis
683 442 123 55 penes
765 442 164 55 diuersos
888 442 123 55 modos
970 442 150 55 reales,
1079 442 137 55 quibus
1175 442 109 55 siue
1244 442 164 55 secundum
1367 442 109 55 quos
1435 442 123 55 illis
1517 442 164 55 convenit
1640 442 123 55 esse:
1722 442 109 55 siue
1777 442 109 55 quibus

426 482 113 51 esse
496 482 212 51 participant
666 482 226 51 diuersimode.
849 482 99 51 Qui
906 482 141 51 quidem
1004 482 113 51 modi
1075 482 141 51 reales
1174 482 127 51 sunt:
1258 482 113 51 quia
1329 482 85 51 ex
1371 482 141 51 natura
1470 482 141 51 ipsius
1569 482 99 51 rei
1625 482 240 51 praedicamenti
1808 482 85 51 con-

432 526 206 60 comitantur:
597 526 96 60 non
652 526 124 60 autem
734 526 82 60 ex
776 526 247 60 consideratione
982 526 206 60 intellectus
1146 526 110 60 siue
1215 526 179 60 rationis:
1352 526 110 60 immo
1421 526 82 60 ex
1462 526 124 60 illis
1545 526 206 60 consequuntr
1709 526 151 60 diuersi
1806 526 82 60 modi

423 576 200 56 conceptuum
580 576 200 56 formatorum
737 576 86 56 de
780 576 129 56 ipsis
866 576 143 56 rebus.
966 576 157 56 Illorum
1080 576 129 56 autem
1166 576 157 56 modorum
1280 576 100 56 duo
1337 576 114 56 sunt
1409 576 129 56 primi
1494 576 71 56 &
1523 576 229 56 principales:
1709 576 143 56 quorum
1794 576 86 56 Pri-

422 620 105 58 mus
482 620 105 58 est
542 620 135 58 modus
632 620 165 58 essendi
753 620 180 58 secundum
888 620 90 58 se
933 620 75 58 &
963 620 195 58 absolute.
1113 620 180 58 Secundus
1249 620 120 58 vero
1324 620 105 58 est
1384 620 135 58 modus
1474 620 165 58 essendi
1594 620 90 58 in
1640 620 150 58 ordine
1745 620 90 58 ad
1775 620 105 58 aliud

443 665 137 60 Quorum
539 665 137 60 primus
635 665 164 60 convenit
758 665 137 60 tribus
854 665 246 60 praedicamentis
1059 665 192 60 absolutis:
1210 665 110 60 quae
1279 665 96 60 sub
1333 665 110 60 tali
1402 665 110 60 modo
1470 665 151 60 essendi
1580 665 151 60 communi
1689 665 123 60 ipsis
1771 665 82 60 in
1799 665 82 60 tria

423 710 135 63 genera
517 710 121 63 trium
597 710 121 63 rerum
678 710 202 63 absolutarum
840 710 242 63 distinguuntur:
1041 710 108 63 quae
1109 710 108 63 sunt
1176 710 202 63 substantia,
1337 710 188 63 quantitas,
1485 710 67 63 &
1512 710 175 63 qualitas:
1647 710 94 63 nec
1701 710 108 63 sunt
1768 710 121 63 plura
1835 710 54 63 ge

421 760 106 54 nera
487 760 265 54 praedicamentorum
712 760 106 54 quae
778 760 159 54 proprias
897 760 185 54 realitates
1043 760 146 54 habent.
1149 760 159 54 Secundus
1268 760 119 54 autem
1347 760 119 54 modus
1427 760 132 54 essend
1519 760 159 54 scilicet
1639 760 79 54 ad
1678 760 132 54 aliud,
1758 760 132 54 conuenit

430 803 126 56 illis
514 803 140 56 septem
612 803 182 56 generibus
751 803 279 56 praedicamentorum
989 803 251 56 respectiuorum:
1198 803 112 56 quae
1268 803 98 56 sub
1324 803 112 56 tali
1393 803 112 56 modo
1463 803 154 56 essendi
1575 803 154 56 communi
1687 803 126 56 ipsis
1770 803 98 56 non
1826 803 98 56 ha-

430 848 108 63 bent
498 848 95 63 res
552 848 162 63 proprias
674 848 135 63 quibus
768 848 122 63 inter
849 848 81 63 se
890 848 243 63 distinguuntur:
1092 848 95 63 sed
1146 848 176 63 solummodo
1281 848 189 63 realitatem
1430 848 81 63 in
1470 848 108 63 modo
1538 848 95 63 suo
1592 848 135 63 cmmuni
1686 848 95 63 eis
1727 848 162 63 contrahunt

421 894 89 67 per
472 894 89 67 hoc
523 894 102 67 quod
587 894 166 67 fundantur
715 894 115 67 super
792 894 89 67 res
843 894 115 67 trium
920 894 256 67 praedicamentorum
1137 894 204 67 absolutorum:
1303 894 77 67 in
1341 894 89 67 hoc
1392 894 77 67 ve
1431 894 102 67 quod
1495 894 77 67 ex
1533 894 128 67 natura
1622 894 141 67 illarum
1725 894 115 67 rerum
1789 894 89 67 modus

428 942 97 58 iste
489 942 194 58 consequitur:
646 942 133 58 propter
743 942 97 58 quod
804 942 158 58 respectus
925 942 121 58 reales
1010 942 158 58 dicuntur:
1131 942 146 58 secundum
1240 942 97 58 quod
1301 942 73 58 ex
1337 942 146 58 opposito
1446 942 158 58 respectus
1568 942 170 58 rationales
1701 942 146 58 dicuntur
1798 942 85 58 inqui

429 994 96 51 bus
484 994 123 51 modus
566 994 151 51 essendi
676 994 82 51 ad
717 994 123 51 aliud
800 994 96 51 non
854 994 165 51 sequitur
978 994 151 51 naturam
1088 994 96 51 rei
1142 994 82 51 ex
1184 994 96 51 se:
1238 994 96 51 sed
1293 994 178 51 solummodo
1430 994 261 51 considerationem
1650 994 206 51 intellectus
1801 994 82 51 cir-

423 1029 84 61 ca
465 1029 112 61 rem:
535 1029 84 61 vt
577 1029 140 61 tactum
674 1029 98 61 est
730 1029 140 61 supra.
828 1029 84 61 Et
870 1029 223 61 distinguitur
1051 1029 153 61 vterque
1163 1029 153 61 illorum
1274 1029 153 61 modorum
1386 1029 153 61 realium
1497 1029 84 61 in
1539 1029 126 61 duos.
1623 1029 126 61 Modus
1707 1029 112 61 enim
1762 1029 126 61 essendi

430 1078 173 64 secundum
559 1078 86 64 se
602 1078 72 64 &
631 1078 187 64 absolute:
775 1078 101 64 aut
832 1078 101 64 est
890 1078 129 64 modus
976 1078 158 64 essendi
1091 1078 173 64 secundum
1220 1078 86 64 se
1263 1078 72 64 &
1292 1078 86 64 in
1335 1078 101 64 se:
1393 1078 72 64 &
1422 1078 101 64 est
1479 1078 129 64 modus
1565 1078 173 64 proprius
1680 1078 216 64 praedicamento

427 1126 221 58 substantiae:
607 1126 97 58 aut
662 1126 97 58 est
718 1126 124 58 modus
801 1126 152 58 essendi
911 1126 166 58 secundum
1036 1126 83 58 se
1077 1126 97 58 sed
1132 1126 83 58 in
1174 1126 124 58 alio:
1257 1126 69 58 &
1285 1126 97 58 est
1340 1126 124 58 modus
1423 1126 166 58 proprius
1547 1126 207 58 accidentis,
1713 1126 97 58 qui
1755 1126 138 58 conuenit

428 1174 134 60 duobus
521 1174 241 60 praedicamentis
722 1174 174 60 absolutis
855 1174 200 60 accidentis,
1016 1174 107 60 quae
1082 1174 107 60 sunt
1149 1174 174 60 quantitas
1283 1174 67 60 &
1309 1174 174 60 qualitas,
1443 1174 107 60 quae
1510 1174 227 60 distinguuntur
1697 1174 67 60 a
1710 1174 174 60 praedicamen

433 1219 79 60 to
472 1219 197 60 substantiae
630 1219 118 60 penes
708 1219 118 60 modum
787 1219 144 60 essendi
892 1219 79 60 in
931 1219 79 60 se
971 1219 66 60 &
997 1219 79 60 in
1036 1219 118 60 alio:
1115 1219 131 60 quorum
1207 1219 131 60 primus
1299 1219 197 60 transfertur
1456 1219 79 60 ad
1495 1219 144 60 diuina:
1600 1219 157 60 secundus
1718 1219 118 60 autem
1797 1219 118 60 nequa

427 1263 121 67 quam.
507 1263 147 67 Propter
614 1263 107 67 quod
681 1263 94 67 cum
735 1263 94 67 res
788 1263 201 67 quantitatis
949 1263 67 67 &
976 1263 188 67 qualitatis
1123 1263 228 67 transseruntur
1311 1263 80 67 ad
1351 1263 147 67 diuina:
1458 1263 161 67 dicuntur
1579 1263 161 67 transire
1699 1263 80 67 in
1726 1263 174 67 substantiam

425 1310 122 65 quia.
507 1310 162 65 scilicet
628 1310 122 65 modum
709 1310 149 65 essendi
818 1310 81 65 in
858 1310 108 65 alio
926 1310 176 65 amittunt:
1061 1310 68 65 &
1088 1310 122 65 modum
1169 1310 149 65 essendi
1277 1310 81 65 in
1318 1310 81 65 se
1359 1310 176 65 assumunt.
1494 1310 108 65 Ista
1561 1310 122 65 autem
1643 1310 95 65 duo
1683 1310 203 65 praedicamenta

430 1355 71 65 in
466 1355 154 65 creaturis
584 1355 130 65 coniter
679 1355 83 65 cum
726 1355 201 65 praedicamento
891 1355 177 65 substantiae
1033 1355 201 65 distinguuntur
1199 1355 118 65 contra
1282 1355 95 65 alia
1341 1355 130 65 septem,
1436 1355 71 65 in
1471 1355 83 65 hoc
1518 1355 142 65 scilicet
1625 1355 95 65 quod
1684 1355 95 65 illa
1743 1355 95 65 tria
1790 1355 95 65 habent

424 1395 106 65 esse
490 1395 159 65 secundum
610 1395 93 65 se:
663 1395 106 65 illa
729 1395 119 65 autem
809 1395 133 65 septem
902 1395 133 65 habent
994 1395 106 65 esse
1061 1395 80 65 ad
1101 1395 133 65 aliud.
1194 1395 80 65 Et
1233 1395 199 65 transfertur
1393 1395 146 65 vterque
1499 1395 119 65 horum
1578 1395 146 65 modorum
1685 1395 80 65 ad
1724 1395 146 65 diuina:
1831 1395 66 65 &
1844 1395 53 65 pe

431 1447 86 65 nes
480 1447 111 65 illos
554 1447 74 65 in
591 1447 136 65 diuinis
690 1447 210 65 distinguuntur
862 1447 86 65 duo
912 1447 99 65 modi
973 1447 173 65 praedicand
1109 1447 148 65 scilicet
1220 1447 74 65 ad
1257 1447 74 65 se
1294 1447 62 65 &
1319 1447 74 65 ad
1356 1447 123 65 aliud:
1442 1447 123 65 quorum
1528 1447 99 65 ille
1590 1447 86 65 qui
1639 1447 86 65 est
1689 1447 74 65 ad
1726 1447 86 65 se,
1763 1447 123 65 sequitur

427 1489 113 66 modum
503 1489 138 66 essendi
603 1489 75 66 in
641 1489 75 66 se
678 1489 63 66 &
703 1489 150 66 secundum
816 1489 88 66 se:
866 1489 63 66 &
891 1489 100 66 ideo
954 1489 100 66 idem
1017 1489 88 66 est
1067 1489 100 66 quod
1129 1489 113 66 modus
1205 1489 188 66 praedicandi
1355 1489 251 66 substantialiter:
1568 1489 100 66 ille
1631 1489 100 66 vero
1693 1489 100 66 quid
1756 1489 88 66 est
1806 1489 75 66 ad
1831 1489 63 66 ali

423 1538 97 62 ud,
479 1538 167 62 sequitur
604 1538 125 62 modum
687 1538 153 62 essendi
799 1538 83 62 ad
840 1538 139 62 aliud:
938 1538 70 62 &
965 1538 97 62 est
1021 1538 111 62 idem
1091 1538 111 62 quod
1160 1538 125 62 modus
1243 1538 209 62 praedicandi
1410 1538 181 62 relatiue.
1549 1538 97 62 Nec
1605 1538 97 62 est
1661 1538 83 62 in
1702 1538 153 62 diuinis
1800 1538 97 62 modus

424 1585 142 57 aliquis
527 1585 194 57 praedicandi
682 1585 245 57 accidentaliter:
889 1585 142 57 propter
993 1585 103 57 quod
1057 1585 129 57 tantum
1148 1585 103 57 sunt
1212 1585 90 57 duo
1264 1585 220 57 praedicamenta
1445 1585 78 57 in
1483 1585 142 57 diuinis
1587 1585 155 57 secundum
1703 1585 155 57 superius
1806 1585 78 57 expo

435 1627 112 75 sita:
509 1627 87 75 ita
559 1627 100 75 quod
622 1627 150 75 secundum
734 1627 87 75 iam
784 1627 112 75 dicta
859 1627 87 75 tam
909 1627 75 75 in
947 1627 137 75 diuinis
1047 1627 100 75 quam
1109 1627 75 75 in
1147 1627 162 75 creaturis
1271 1627 125 75 septem
1359 1627 212 75 praedicamenta
1534 1627 125 75 quorum
1621 1627 100 75 esse
1684 1627 62 75 &
1709 1627 175 75 praedicari
1834 1627 62 75 est

419 1674 79 64 ad
458 1674 132 64 aliud,
551 1674 119 64 nihil
630 1674 132 64 habent
722 1674 158 64 proprium
840 1674 92 64 sui
893 1674 145 64 generis
998 1674 105 64 nisi
1064 1674 119 64 modum
1143 1674 145 64 essendi
1249 1674 92 64 seu
1301 1674 198 64 praedicandi
1459 1674 79 64 ad
1499 1674 132 64 aliud:
1591 1674 79 64 in
1631 1674 92 64 quo
1683 1674 171 64 consistit
1802 1674 92 64 ratio

441 1733 209 49 praedicamenti
613 1733 172 49 consequens
749 1733 74 49 ex
786 1733 74 49 re
823 1733 209 49 praedicamenti
995 1733 148 49 absoluti
1106 1733 111 49 super
1180 1733 99 49 quod
1241 1733 160 49 fundatur:
1365 1733 62 49 &
1389 1733 86 49 per
1439 1733 86 49 hoc
1488 1733 74 49 ab
1525 1733 99 49 illa
1586 1733 99 49 suam
1648 1733 172 49 realitatem
1771 1733 111 49 trahit:

424 1771 109 71 quae
493 1771 177 71 consistit
629 1771 95 71 aut
683 1771 82 71 in
724 1771 95 71 hoc
779 1771 109 71 quod
847 1771 123 71 modus
929 1771 164 71 sequitur
1051 1771 82 71 ex
1092 1771 136 71 natura
1187 1771 109 71 rei:
1256 1771 68 71 &
1283 1771 95 71 per
1337 1771 95 71 hoc
1392 1771 95 71 est
1446 1771 150 71 realis:
1555 1771 95 71 aut
1610 1771 82 71 in
1651 1771 95 71 hoc
1705 1771 109 71 quod
1760 1771 136 71 continet

420 1817 78 68 in
459 1817 78 68 se
498 1817 117 68 illam
576 1817 91 68 rem
628 1817 117 68 super
706 1817 104 68 quam
771 1817 117 68 modus
848 1817 104 68 ille
913 1817 169 68 fundatur:
1043 1817 65 68 &
1069 1817 78 68 ad
1108 1817 104 68 quam
1173 1817 156 68 sequitur
1290 1817 78 68 vt
1329 1817 208 68 subintrantem
1498 1817 156 68 rationem
1614 1817 182 68 respectus:
1757 1817 65 68 &
1783 1817 91 68 per
1822 1817 65 68 hoc

433 1869 113 61 ipsa
503 1869 99 61 est
560 1869 197 61 diuersorum
715 1869 296 61 praedicamentorum.
969 1869 211 61 Quemadmodum
1138 1869 127 61 motus
1222 1869 99 61 est
1279 1869 85 61 de
1321 1869 240 61 praedicamento
1518 1869 169 61 actionis
1645 1869 183 61 inquantum
1786 1869 127 61 subin

424 1906 103 63 trat
489 1906 155 63 rationem
605 1906 168 63 respectus
734 1906 155 63 scilicet
850 1906 77 63 vt
889 1906 90 63 est
940 1906 77 63 ab
979 1906 142 63 agente:
1082 1906 65 63 &
1108 1906 90 63 est
1160 1906 77 63 de
1198 1906 219 63 praedicamento
1379 1906 168 63 passionis
1508 1906 168 63 inquantum
1637 1906 168 63 subintrat
1753 1906 129 63 rationem

424 1953 170 59 respectus
555 1953 79 59 vt
594 1953 157 59 receptus
712 1953 92 59 est
764 1953 79 59 in
804 1953 131 59 passo:
895 1953 92 59 cum
948 1953 118 59 tamen
1026 1953 157 59 secundum
1144 1953 79 59 se
1183 1953 209 59 consideratus
1353 1953 92 59 sit
1406 1953 79 59 in
1445 1953 223 59 praedicamento
1628 1953 209 59 quantitatis.
1798 1953 79 59 Et
1825 1953 65 59 per

428 1998 101 59 hunc
492 1998 114 59 modum
567 1998 101 59 dico
631 1998 101 59 quod
694 1998 114 59 omnis
770 1998 139 59 relatio
871 1998 152 59 communis
985 1998 114 59 habet
1061 1998 139 59 fundari
1162 1998 76 59 in
1200 1998 114 59 rebus
1276 1998 114 59 trium
1352 1998 253 59 praedicamentorum
1567 1998 190 59 absolutorum
1719 1998 89 59 tam
1769 1998 76 59 in
1794 1998 89 59 diuin

425 2045 92 71 nis
477 2045 105 71 quam
543 2045 79 71 in
582 2045 183 71 creaturis:
726 2045 65 71 &
752 2045 92 71 non
805 2045 118 71 solum
883 2045 118 71 genus
962 2045 183 71 relationis
1106 2045 170 71 communis:
1237 2045 92 71 sed
1289 2045 118 71 etiam
1368 2045 118 71 totum
1447 2045 118 71 genus
1525 2045 183 71 relationis
1669 2045 236 71 vniuersaliter:
1853 2045 39 71 &

431 2087 95 65 alia
491 2087 83 65 sex
538 2087 119 65 genera
622 2087 238 65 praedicamentorum
824 2087 155 65 respectus
944 2087 191 65 importantia.
1098 2087 83 65 Sed
1146 2087 119 65 aliter
1230 2087 95 65 illa
1289 2087 95 65 sex:
1349 2087 119 65 aliter
1432 2087 215 65 praedicamentum
1611 2087 179 65 relationis:
1754 2087 131 65 quoniam
1837 2087 48 65 il

422 2135 76 61 la
460 2135 89 61 sex
511 2135 216 61 praedicamenta
689 2135 178 61 respectuum
829 2135 102 61 quid
893 2135 89 61 non
943 2135 102 61 sunt
1007 2135 178 61 relationes
1147 2135 102 61 siue
1210 2135 191 61 habitudines
1363 2135 178 61 relatiuae:
1503 2135 216 61 quibuscilicet
1681 2135 153 61 subiecta
1795 2135 89 61 sua
1833 2135 51 61 ha

432 2182 104 66 bent
497 2182 104 66 esse
562 2182 91 66 vel
614 2182 181 66 praedicari
756 2182 156 66 relatiue
873 2182 104 66 siue
938 2182 78 66 ad
977 2182 130 66 aliud:
1067 2182 91 66 sed
1119 2182 104 66 sunt
1184 2182 169 66 respectus
1314 2182 117 66 solum
1391 2182 130 66 quibus
1482 2182 156 66 subiecta
1599 2182 91 66 sua
1651 2182 143 66 ordinem
1754 2182 130 66 habent
1832 2182 52 66 ad

433 2228 122 66 aliud
515 2228 82 66 vt
556 2228 82 66 ad
596 2228 163 66 obiecta:
719 2228 122 66 omnis
800 2228 109 66 enim
868 2228 149 66 relatio
977 2228 109 66 siue
1045 2228 163 66 habitudo
1167 2228 163 66 relatiua
1289 2228 177 66 respectus
1425 2228 109 66 est,
1493 2228 68 66 &
1520 2228 95 66 non
1575 2228 190 66 econuerso:
1724 2228 109 66 llla
1778 2228 109 66 inquam

433 2274 89 58 sex
484 2274 217 58 praedicamenta
663 2274 127 58 talium
752 2274 191 58 respectuum,
905 2274 89 58 non
956 2274 115 58 solum
1032 2274 102 58 suis
1096 2274 191 58 respectibus
1249 2274 102 58 illa
1313 2274 140 58 obiecta
1415 2274 191 58 respiciunt,
1568 2274 64 58 &
1593 2274 140 58 ordinem
1695 2274 127 58 habent
1784 2274 76 58 ad
1810 2274 89 58 illa:

430 2320 92 77 sed
483 2320 119 77 etiam
562 2320 79 77 ab
601 2320 119 77 illis
680 2320 172 77 causantur
812 2320 132 77 quodam
905 2320 106 77 modo
971 2320 79 77 in
1010 2320 106 77 suis
1076 2320 185 77 subiectis,
1221 2320 92 77 non
1274 2320 119 77 solum
1353 2320 66 77 a
1380 2320 106 77 suis
1446 2320 198 77 fundamentis
1604 2320 106 77 quae
1670 2320 132 77 habent
1762 2320 79 77 in
1789 2320 92 77 ipsis

422 2372 180 57 fubiectis.
563 2372 103 57 Puta
628 2372 231 57 praedicamentum
820 2372 141 57 quando,
923 2372 103 57 quod
988 2372 77 57 in
1026 2372 77 57 re
1065 2372 167 57 temporali
1193 2372 116 57 dicit
1270 2372 167 57 respectum
1399 2372 77 57 ad
1437 2372 141 57 tempus:
1540 2372 64 57 a
1566 2372 141 57 tempore
1669 2372 116 57 habet
1746 2372 77 57 in
1784 2372 77 57 re
1810 2372 77 57 illa

428 2412 156 70 causari:
545 2412 65 70 &
571 2412 91 70 hoc
623 2412 104 70 quia
687 2412 91 70 non
739 2412 156 70 convenit
856 2412 78 70 ei
895 2412 234 70 praedicamentum
1090 2412 130 70 quando
1180 2412 104 70 nisi
1245 2412 78 70 ob
1284 2412 91 70 hoc
1336 2412 104 70 quod
1401 2412 117 70 habet
1479 2412 104 70 esse
1544 2412 78 70 in
1583 2412 156 70 tempore.
1699 2412 169 70 Similiter
1816 2412 65 70 pra

426 2458 207 67 dicamentum
589 2458 119 67 vbi:
663 2458 119 67 quod
737 2458 89 67 in
782 2458 148 67 locato
885 2458 133 67 dicit
974 2458 193 67 respectum
1123 2458 89 67 ad
1167 2458 133 67 locum
1256 2458 237 67 simpliciter:
1449 2458 74 67 a
1478 2458 119 67 loco
1552 2458 133 67 habet
1641 2458 89 67 in
1686 2458 119 67 illo
1745 2458 148 67 causari:

427 2502 69 61 &
455 2502 97 61 hoc
510 2502 111 61 quia
580 2502 97 61 non
635 2502 166 61 conuenit
760 2502 111 61 illi
829 2502 111 61 nisi
898 2502 83 61 ob
940 2502 97 61 hoc
995 2502 111 61 quod
1065 2502 125 61 habet
1148 2502 111 61 esse
1217 2502 83 61 in
1259 2502 125 61 loco.
1342 2502 83 61 Et
1383 2502 125 61 etiam
1466 2502 249 61 praedicamentum
1674 2502 139 61 fitus,
1771 2502 111 61 quod
1841 2502 83 61 in

429 2552 147 61 locato
532 2552 133 61 dicit
621 2552 192 61 respectum
768 2552 88 61 ad
813 2552 162 61 ordinem
931 2552 162 61 partium
1049 2552 88 61 in
1093 2552 133 61 loco:
1181 2552 118 61 siue
1255 2552 88 61 ad
1299 2552 147 61 partes
1402 2552 192 61 ordinatas
1550 2552 88 61 in
1594 2552 133 61 loco:
1683 2552 74 61 a
1712 2552 118 61 loco
1786 2552 88 61 vt
1815 2552 74 61 ips

428 2598 87 56 se
472 2598 131 56 habet
560 2598 87 56 in
603 2598 87 56 se
647 2598 146 56 partes
749 2598 189 56 ordinatas
895 2598 131 56 habet
982 2598 160 56 causari
1098 2598 87 56 in
1142 2598 160 56 locato:
1259 2598 117 56 quia
1332 2598 102 56 non
1390 2598 175 56 conuenit
1521 2598 146 56 locato
1623 2598 131 56 situs
1710 2598 117 56 quod
1783 2598 102 56 est
1827 2598 58 56 or

429 2652 87 54 do
472 2652 159 54 partium
587 2652 87 54 in
630 2652 115 54 toto
703 2652 173 54 respectu
832 2652 87 54 ad
876 2652 159 54 ordinem
991 2652 159 54 partium
1106 2652 115 54 loci
1178 2652 87 54 in
1222 2652 130 54 loco:
1308 2652 115 54 nisi
1380 2652 87 54 ob
1424 2652 101 54 hoc
1481 2652 115 54 quod
1553 2652 144 54 partes
1654 2652 187 54 ordinatae
1784 2652 101 54 loca-

418 2689 86 62 ti
461 2689 143 62 habent
561 2689 115 62 esse
633 2689 86 62 in
676 2689 172 62 partibus
805 2689 187 62 ordinatis
948 2689 129 62 loci.
1035 2689 86 62 In
1078 2689 100 62 hoc
1135 2689 115 62 enim
1207 2689 187 62 coniuncta
1350 2689 244 62 praedicamenta
1551 2689 115 62 sunt
1623 2689 100 62 vbi
1680 2689 72 62 &
1709 2689 143 62 situs.
1795 2689 86 62 Prae

416 2735 225 63 dicamentum
593 2735 145 63 etiam
690 2735 177 63 habitus
818 2735 129 63 quod
899 2735 97 63 in
947 2735 177 63 habente
1076 2735 145 63 dicit
1173 2735 209 63 respectum
1334 2735 97 63 ad
1382 2735 97 63 id
1430 2735 129 63 quod
1511 2735 193 63 habetur:
1656 2735 97 63 ab
1704 2735 97 63 eo
1752 2735 129 63 quod
1817 2735 64 63 ha

415 2782 129 84 betur
501 2782 129 84 habet
587 2782 158 84 causari
701 2782 86 84 in
744 2782 172 84 habente:
873 2782 115 84 quia
945 2782 100 84 non
1002 2782 172 84 conuenit
1131 2782 158 84 habenti
1245 2782 115 84 nisi
1317 2782 86 84 ob
1360 2782 100 84 hoc
1417 2782 115 84 quod
1489 2782 143 84 habens
1589 2782 215 84 circundatur
1761 2782 86 84 eo
1804 2782 115 84 quod
