2017 3166
154 255 177 78 penitus:
287 255 118 78 quia
360 255 177 78 secundum
493 255 235 78 humanitatem.
684 255 118 78 ergo
758 255 103 78 &c.
817 255 74 78 ⁋
846 255 88 78 In
890 255 206 78 contrarium
1052 255 118 78 est:
1126 255 118 78 quia
1199 255 206 78 similitudo
1361 255 162 78 recipit
1479 255 132 78 magis
1567 255 74 78 &
1582 255 44 78 i

148 325 132 55 minus:
240 325 92 55 non
293 325 92 55 sic
346 325 119 55 autem
425 325 185 55 identitas:
570 325 66 55 &
596 325 185 55 aequalitas
741 325 66 55 &
767 325 185 55 similitudo
912 325 171 55 aliquando
1044 325 92 55 est
1097 325 211 55 inaequalium,
1268 325 66 55 &
1295 325 185 55 aequalitas
1426 325 185 55 dissimilium:

138 367 68 54 &
166 367 95 54 hoc
220 367 82 54 ex
261 367 136 54 natura
356 367 231 54 fundamentorum
547 367 68 54 &
574 367 191 54 fundatione
724 367 191 54 relationum
874 367 123 54 super
955 367 123 54 illa.
1037 367 123 54 talia
1119 367 123 54 autem
1200 367 95 54 non
1255 367 109 54 sunt
1323 367 191 54 conformia.
1472 367 109 54 ergo
1527 367 68 54 &c.

140 414 86 93 ⁋
174 414 138 93 Dico
260 414 138 93 quod
346 414 103 93 in
398 414 241 93 fundatione
587 414 241 93 relationum
776 414 155 93 super
880 414 120 93 res
948 414 344 93 praedicamentorum
1241 414 258 93 absolutorum
1447 414 120 93 est
1499 414 103 93 tria

150 495 196 56 considerare.
309 495 147 56 scilicet
419 495 172 56 relationes
554 495 98 56 quae
615 495 172 56 fundantur:
750 495 61 56 &
775 495 110 56 ipsas
848 495 86 56 res
897 495 110 56 super
971 495 98 56 quas
1032 495 172 56 fundantur:
1167 495 61 56 &
1192 495 172 56 accidentia
1326 495 86 56 seu
1375 495 196 56 proprietates
1522 495 74 56 sua-

153 547 91 57 rum
205 547 130 57 rerum.
296 547 78 57 Ex
335 547 117 57 parte
412 547 117 57 autem
490 547 181 57 relationum
633 547 91 57 est
685 547 194 57 attendendum
840 547 104 57 quod
905 547 91 57 non
957 547 169 57 fundantur
1086 547 117 57 super
1164 547 91 57 res
1216 547 143 57 aliorum
1320 547 259 57 praedicamentorum
1527 547 78 57 nisi

149 592 143 52 ratione
253 592 104 52 modi
318 592 130 52 illius
408 592 91 52 qui
460 592 156 52 proprius
577 592 91 52 est
629 592 220 52 praedicamento
810 592 181 52 relationis
953 592 156 52 scilicet
1069 592 78 52 ad
1108 592 117 52 aliud
1186 592 117 52 esse:
1264 592 65 52 &
1290 592 91 52 hoc
1342 592 169 52 praecipue
1471 592 91 52 quo
1523 592 78 52 ad
1549 592 52 52 re

156 635 148 58 lationes
267 635 136 58 reales.
365 635 173 58 Rationales
501 635 99 58 enim
563 635 136 58 aliquae
661 635 111 58 super
735 635 111 58 purum
809 635 160 58 conceptum
933 635 173 58 fundantur.
1069 635 74 58 Ex
1106 635 74 58 eo
1143 635 99 58 enim
1204 635 99 58 quod
1266 635 111 58 illae
1340 635 173 58 relationes
1476 635 123 58 reales
1550 635 49 58 na

147 685 125 45 turas
231 685 125 45 rerum
314 685 209 45 absolutarum
481 685 236 45 consequuntur:
675 685 70 45 &
703 685 83 45 ab
745 685 125 45 illis
828 685 195 45 realitatem
981 685 153 45 trahunt
1092 685 83 45 vt
1134 685 153 45 dicatur
1245 685 125 45 modus
1329 685 153 45 realis:
1426 685 167 45 relationes

150 723 139 58 teales
247 723 166 58 dicuntur
372 723 153 58 fundari
483 723 125 58 super
566 723 139 58 dictas
663 723 111 58 res.
732 723 83 58 Ex
774 723 83 58 eo
816 723 111 58 vero
885 723 111 58 quod
954 723 153 58 quaedam
1065 723 194 58 relationes
1218 723 194 58 rationales
1370 723 97 58 non
1412 723 194 58 consequuntur

143 770 113 62 vllo
214 770 113 62 modo
285 770 85 62 ex
327 770 142 62 natura
427 770 156 62 illarum
540 770 142 62 rerum:
639 770 99 62 sed
696 770 85 62 ex
739 770 113 62 sola
810 770 255 62 consideratione
1022 770 213 62 intellectus
1193 770 128 62 circa
1278 770 142 62 illas:
1377 770 128 62 modus
1462 770 113 62 ille
1519 770 85 62 rea-

145 813 146 51 litatem
251 813 93 51 non
304 813 186 51 contrahit:
451 813 93 51 sed
504 813 93 51 est
557 813 120 51 purus
637 813 120 51 modus
717 813 160 51 rationis
837 813 107 51 siue
904 813 186 51 rationalis
1050 813 120 51 circa
1130 813 107 51 rem:
1197 813 80 51 ex
1237 813 80 51 eo
1276 813 107 51 vero
1343 813 107 51 quod
1410 813 146 51 quaedam
1503 813 93 51 rela-

150 858 136 58 tiones
246 858 191 58 rationales
395 858 136 58 partim
491 858 218 58 consequuntur
668 858 82 58 ex
709 858 136 58 natura
804 858 136 58 rerum:
899 858 163 58 secundum
1022 858 95 58 hoc
1076 858 163 58 dicuntur
1199 858 150 58 fundari
1308 858 123 58 super
1389 858 95 58 res
1444 858 191 58 absolutas:

151 903 67 56 &
177 903 162 56 secundum
299 903 108 56 quod
366 903 135 56 partim
460 903 215 56 consequuntur
635 903 81 56 ex
676 903 242 56 consideratione
878 903 215 56 intellectus,
1053 903 108 56 sunt
1120 903 148 56 aliquid
1228 903 175 56 rationis:
1363 903 67 56 &
1390 903 94 56 sic
1443 903 135 56 partim
1524 903 81 56 sunt

146 948 142 49 reales:
249 948 129 49 partim
339 948 193 49 rationales.
494 948 180 49 Aspiciendo
636 948 103 49 ergo
700 948 77 49 ad
739 948 116 49 prim.
816 948 155 49 scilicet
932 948 77 49 ad
971 948 116 49 ipsas
1048 948 180 49 relationes
1190 948 155 49 fundatas
1306 948 116 49 super
1383 948 90 49 res
1422 948 180 49 praedicamen-

142 995 122 48 torum
224 995 217 48 absolutorum:
400 995 108 48 Dico
468 995 108 48 quod
535 995 136 48 omnino
630 995 203 48 vniformiter
793 995 176 48 fundantur
928 995 190 48 relationes
1077 995 122 48 cones
1159 995 122 48 super
1240 995 95 48 res
1294 995 122 48 trium
1362 995 244 48 praedicamentorum

140 1035 182 61 absolutas:
283 1035 156 61 secundum
400 1035 104 61 quod
465 1035 169 61 processit
596 1035 117 61 prima
674 1035 169 61 obiectio.
804 1035 78 61 Ex
843 1035 117 61 parte
921 1035 117 61 autem
999 1035 143 61 secundi
1103 1035 65 61 &
1129 1035 130 61 tertii
1220 1035 104 61 bene
1286 1035 169 61 contingit
1416 1035 104 61 quod
1468 1035 130 61 difformi

139 1083 95 49 ter
194 1083 177 49 fundentur
330 1083 82 49 in
371 1083 136 49 dictis
467 1083 136 49 rebus:
562 1083 68 49 &
590 1083 95 49 hoc
644 1083 95 49 aut
699 1083 150 49 propter
808 1083 218 49 diuersitatem
985 1083 150 49 illarum
1094 1083 136 49 rerum:
1190 1083 95 49 aut
1244 1083 150 49 propter
1353 1083 218 49 diuersitatem
1517 1083 82 49 acci

144 1127 154 51 dentium
256 1127 183 51 earundem.
397 1127 211 51 Difformiter
565 1127 112 51 enim
635 1127 183 51 fundantur
776 1127 197 51 relationes
930 1127 126 51 cones
1014 1127 84 51 in
1056 1127 197 51 substantia
1211 1127 84 51 ex
1253 1127 98 51 vna
1309 1127 140 51 parte:
1407 1127 70 51 &
1436 1127 84 51 in
1464 1127 140 51 quantita

145 1172 78 46 te
184 1172 65 46 &
210 1172 169 46 qualitate
340 1172 78 46 ex
379 1172 117 46 alia:
457 1172 104 46 quia
522 1172 78 46 in
561 1172 182 46 substantia
704 1172 78 46 ex
743 1172 78 46 eo
782 1172 104 46 quod
847 1172 91 46 est
899 1172 91 46 ens
951 1172 78 46 in
990 1172 78 46 se
1029 1172 156 46 fundatur
1146 1172 104 46 bene
1211 1172 169 46 identitas
1341 1172 78 46 vt
1380 1172 91 46 est
1432 1172 143 46 aliquid
1523 1172 78 46 exi-

140 1216 111 50 stens
214 1216 74 50 in
251 1216 86 50 se:
300 1216 111 50 licet
374 1216 111 50 etiam
448 1216 148 50 fundetur
558 1216 74 50 in
595 1216 99 50 ipsa
657 1216 74 50 vt
694 1216 86 50 est
743 1216 135 50 aliquid
842 1216 148 50 existens
952 1216 74 50 in
989 1216 172 50 supposito:
1125 1216 74 50 vt
1162 1216 86 50 iam
1211 1216 123 50 tactum
1297 1216 86 50 est
1346 1216 74 50 in
1383 1216 172 50 quaestione
1506 1216 99 50 proxi-

155 1262 81 47 ma
196 1262 204 47 praecedente
359 1262 109 47 ante
427 1262 190 47 solutionem
576 1262 122 47 primi
658 1262 190 47 argumenti:
807 1262 68 47 &
834 1262 122 47 etiam
916 1262 81 47 in
956 1262 109 47 fine
1024 1262 217 47 praecedentis
1201 1262 176 47 articuli:
1336 1262 68 47 &
1364 1262 163 47 secundum
1486 1262 109 47 quod
1540 1262 68 47 pa-

139 1306 121 63 tebit
219 1306 175 63 inferius.
354 1306 175 63 Quantitas
489 1306 108 63 vero
556 1306 67 63 &
583 1306 162 63 qualitas
705 1306 162 63 secundum
826 1306 162 63 rationem
947 1306 202 63 quantitatis
1109 1306 67 63 &
1136 1306 189 63 qualitatis
1284 1306 94 63 tam
1338 1306 81 63 in
1379 1306 148 63 diuinis
1487 1306 108 63 quam
1554 1306 81 63 in

138 1353 189 56 creaturis,
287 1353 108 56 quia
355 1353 95 56 non
409 1353 108 56 sunt
477 1353 95 56 ens
531 1353 108 56 nisi
598 1353 81 56 in
639 1353 122 56 alio:
720 1353 81 56 in
761 1353 122 56 ipsis
842 1353 95 56 non
896 1353 176 56 fundantur
1031 1353 108 56 nisi
1099 1353 81 56 vt
1139 1353 108 56 sunt
1207 1353 122 56 entia
1288 1353 81 56 in
1329 1353 122 56 alio.
1410 1353 81 56 Vt
1450 1353 108 56 enim
1504 1353 95 56 consi

143 1398 163 46 derantur
266 1398 163 46 secundum
388 1398 95 46 se,
442 1398 163 46 rationem
564 1398 149 46 habent:
673 1398 68 46 &
700 1398 95 46 non
754 1398 163 46 fundatur
876 1398 81 46 in
917 1398 122 46 illis
998 1398 109 46 nisi
1066 1398 190 46 identitas.
1215 1398 109 46 Quia
1283 1398 109 46 ergo
1351 1398 95 46 res
1405 1398 81 46 in
1446 1398 81 46 se
1473 1398 122 46 conside

147 1443 103 47 rata
212 1443 77 47 in
250 1443 167 47 creaturis
379 1443 90 47 sub
431 1443 155 47 quolibet
547 1443 232 47 praedicamento,
740 1443 155 47 censetur
856 1443 129 47 nomine
946 1443 193 47 substantiae
1101 1443 167 47 inquantum
1229 1443 90 47 sic
1281 1443 77 47 in
1320 1443 77 47 se
1358 1443 219 47 consideratur:
1539 1443 64 47 &
1551 1443 52 47 di

138 1486 195 55 stinguitur
291 1486 97 55 sub
347 1486 153 55 ratione
458 1486 125 55 vnius
541 1486 167 55 secundum
666 1486 167 55 rationem
792 1486 181 55 indiuidui
931 1486 153 55 speciei
1042 1486 70 55 &
1070 1486 167 55 generis:
1195 1486 111 55 quia
1264 1486 83 55 in
1306 1486 167 55 quolibet
1417 1486 181 55 praedicamen

150 1534 79 52 to
189 1534 92 52 est
242 1534 105 52 vnum
308 1534 145 52 genere,
413 1534 105 52 vnum
479 1534 145 52 specie,
585 1534 105 52 vnum
650 1534 145 52 numero:
756 1534 145 52 idcirco
861 1534 171 52 identitas
993 1534 66 52 &
1019 1534 105 52 suum
1085 1534 184 52 contrarium
1230 1534 105 52 quod
1296 1534 92 52 est
1349 1534 198 52 diuersitas,
1494 1534 105 52 sequun

146 1578 99 61 tur
202 1578 184 61 quodlibet
344 1578 127 61 genus
429 1578 240 61 praedicamenti
627 1578 170 61 secundum
754 1578 170 61 rationem
881 1578 184 61 indiuidui
1022 1578 156 61 speciei
1136 1578 71 61 &
1164 1578 170 61 generis:
1291 1578 127 61 licet
1376 1578 113 61 modo
1432 1578 156 61 contrario

145 1624 77 55 vt
184 1624 129 55 dictum
274 1624 90 55 est
325 1624 116 55 supra
403 1624 77 55 in
441 1624 180 55 quaestione
583 1624 116 55 prima
660 1624 155 55 articuli
776 1624 219 55 praecedentis.
957 1624 90 55 Res
1008 1624 116 55 autem
1086 1624 193 55 considerata
1240 1624 77 55 vt
1279 1624 155 55 existens
1395 1624 77 55 in
1434 1624 103 55 alio
1498 1624 90 55 non
1537 1624 64 55 sic

145 1671 230 48 distinguitur:
335 1671 95 48 sed
389 1671 176 48 solummodo
524 1671 216 48 distinguitur
699 1671 81 48 vt
740 1671 95 48 est
794 1671 162 48 existens
915 1671 81 48 in
956 1671 108 48 alio
1023 1671 68 48 &
1050 1671 81 48 in
1091 1671 108 48 alio
1158 1671 95 48 per
1212 1671 230 48 conformitatem
1401 1671 95 48 aut
1442 1671 162 48 difformita

139 1715 106 53 tem.
205 1715 93 53 Per
258 1715 226 53 conformitatem
444 1715 106 53 enim
510 1715 80 53 ad
550 1715 106 53 vnum
617 1715 80 53 in
656 1715 146 53 diuinis
763 1715 159 53 personis
882 1715 173 53 sequuntur
1015 1715 106 53 idem
1081 1715 66 53 &
1108 1715 146 53 aequale
1214 1715 119 53 atque
1294 1715 146 53 simile:
1400 1715 66 53 &
1426 1715 146 53 aequale
1533 1715 66 53 &
1546 1715 53 53 si

150 1759 111 50 mile
219 1759 83 50 in
261 1759 194 50 creaturis:
413 1759 125 50 licet
496 1759 208 50 diuersimode
662 1759 83 50 in
704 1759 97 50 deo
759 1759 69 50 &
787 1759 83 50 in
829 1759 180 50 creaturis
967 1759 152 50 quantum
1078 1759 97 50 est
1133 1759 83 50 ex
1175 1759 125 50 parte
1258 1759 138 50 vnius:
1355 1759 83 50 vt
1396 1759 138 50 dictum
1493 1759 97 50 est
1549 1759 83 50 in

145 1800 123 52 tertia
231 1800 172 52 quaestione
365 1800 147 52 articuli
476 1800 208 52 praecedentis.
648 1800 74 52 Et
684 1800 147 52 econtra.
795 1800 147 52 scilicet
905 1800 86 52 per
954 1800 208 52 difformitatem
1126 1800 74 52 ad
1163 1800 135 52 multum:
1261 1800 86 52 non
1310 1800 159 52 sequuntur
1432 1800 98 52 nisi
1481 1800 123 52 inaequa-

138 1847 80 49 le
178 1847 67 49 &
204 1847 187 49 dissimile.
351 1847 80 49 In
391 1847 120 49 solis
471 1847 107 49 enim
538 1847 173 49 creaturis
671 1847 93 49 (vt
724 1847 133 49 dictum
818 1847 93 49 est
871 1847 120 49 prima
951 1847 187 49 quaestione
1098 1847 160 49 articuli
1218 1847 147 49 illius:
1324 1847 67 49 &
1351 1847 80 49 vt
1391 1847 93 49 iam
1444 1847 147 49 amplius
1538 1847 53 49 ex

149 1890 172 59 ponetur)
277 1890 157 59 propter
392 1890 229 59 diuersitatem
578 1890 214 59 accidentium
749 1890 143 59 tribus
849 1890 129 59 rebus
935 1890 129 59 trium
1021 1890 286 59 praedicamentorum
1264 1890 214 59 absolutorum
1421 1890 186 59 difformiter

141 1937 169 45 fundantur
271 1937 78 45 in
310 1937 117 45 illis
389 1937 183 45 relationes
532 1937 130 45 cones:
623 1937 65 45 &
649 1937 91 45 hoc
702 1937 91 45 vel
754 1937 143 45 propter
858 1937 209 45 diuersitatem
1027 1937 196 45 accidentium
1184 1937 169 45 conmunium
1314 1937 143 45 illorum
1419 1937 91 45 vel
1458 1937 130 45 proprio-

146 1980 105 47 rum.
212 1980 105 47 Sunt
278 1980 119 47 autem
357 1980 185 47 accidentia
502 1980 145 47 coniter
607 1980 119 47 illis
686 1980 211 47 convenientia
858 1980 105 47 vnum
924 1980 66 47 &
950 1980 145 47 multum,
1055 1980 105 47 quae
1121 1980 185 47 descendunt
1266 1980 79 47 in
1306 1980 119 47 illis
1385 1980 79 47 vt
1424 1980 158 47 mensurae
1530 1980 79 47 illo

148 2025 88 45 rum
199 2025 151 45 secundum
312 2025 252 45 praedeterminata.
526 2025 76 45 Et
564 2025 151 45 secundum
677 2025 202 45 diuersitatem
841 2025 126 45 talium
929 2025 189 45 accidentim.
1081 2025 151 45 scilicet
1194 2025 113 45 vnius
1269 2025 63 45 &
1295 2025 113 45 multi
1370 2025 113 45 inter
1446 2025 88 45 se,
1484 2025 113 45 diffor-

152 2071 109 56 miter
224 2071 157 56 fundantur
345 2071 109 56 super
418 2071 121 56 dictas
502 2071 85 56 res
551 2071 169 56 relationes
684 2071 109 56 cones
756 2071 97 56 quae
817 2071 157 56 sequuntur
937 2071 73 56 ad
974 2071 109 56 vnum:
1046 2071 60 56 &
1070 2071 169 56 contrariae
1203 2071 145 56 illarum,
1312 2071 109 56 illae
1384 2071 145 56 scilicet
1493 2071 97 56 quae
1542 2071 60 56 se-

154 2118 146 57 quuntur
260 2118 79 57 ad
299 2118 146 57 multum.
405 2118 198 57 conformiter
564 2118 119 57 tamen
643 2118 79 57 in
683 2118 172 57 contrario
815 2118 106 57 siue
882 2118 79 57 in
921 2118 172 57 opposito:
1054 2118 79 57 vt
1093 2118 132 57 tactum
1186 2118 93 57 est
1239 2118 79 57 in
1278 2118 146 57 secunda
1384 2118 185 57 quaestione
1530 2118 93 57 ar-

145 2161 120 56 ticuli
229 2161 203 56 praecedentis.
396 2161 72 56 Et
432 2161 156 56 similiter
552 2161 144 56 secundum
660 2161 191 56 diuersitatem
815 2161 108 56 vnius
887 2161 72 56 in
923 2161 168 56 substantia
1055 2161 72 56 ad
1090 2161 96 56 quod
1150 2161 144 56 sequitur
1258 2161 108 56 idem:
1330 2161 60 56 &
1354 2161 108 56 vnius
1425 2161 72 56 in
1449 2161 144 56 quantitate

150 2209 75 55 ad
187 2209 100 55 quid
249 2209 150 55 sequitur
362 2209 150 55 aequale:
474 2209 62 55 &
499 2209 112 55 vnius
573 2209 75 55 in
611 2209 162 55 qualitate
736 2209 75 55 ad
773 2209 100 55 quid
835 2209 150 55 sequitur
948 2209 137 55 simile:
1047 2209 162 55 quandoque
1172 2209 187 55 difformiter
1322 2209 162 55 fundantur
1446 2209 100 55 idem
1509 2209 75 55 in
1534 2209 62 55 sub

146 2248 152 54 stantia:
260 2248 140 54 aequale
362 2248 76 54 in
400 2248 190 54 quantitate:
552 2248 63 54 &
578 2248 127 54 simile
666 2248 76 54 in
704 2248 178 54 qualitate:
844 2248 63 54 &
869 2248 165 54 quandoque
996 2248 190 54 vniformiter
1148 2248 165 54 fundantur
1275 2248 76 54 in
1313 2248 127 54 illis,
1402 2248 114 54 prout
1465 2248 140 54 expositum

147 2300 91 49 est
199 2300 78 49 in
238 2300 130 49 tertia
328 2300 181 49 quaestione
471 2300 155 49 articuli
588 2300 220 49 praecedentis.
769 2300 78 49 Et
808 2300 91 49 hoc
860 2300 181 49 comparando
1002 2300 181 49 relationes
1145 2300 117 49 cones
1222 2300 117 49 inter
1300 2300 78 49 se
1339 2300 207 49 tripliciter.
1507 2300 91 49 Vno
1546 2300 52 49 mo

151 2340 77 50 do
190 2340 103 50 idem
254 2340 142 50 aequale
358 2340 65 50 &
383 2340 142 50 similie
487 2340 77 50 vt
525 2340 103 50 sunt
590 2340 77 50 in
628 2340 142 50 diuinis
732 2340 142 50 tantum:
835 2340 77 50 in
874 2340 129 50 quibus
964 2340 129 50 omnino
1054 2340 194 50 vniformiter
1209 2340 129 50 habent
1299 2340 142 50 fundari
1402 2340 142 50 quantum
1506 2340 90 50 est
1544 2340 52 50 ex

148 2386 151 53 ratione
258 2386 138 53 vnius.
355 2386 83 53 Et
396 2386 110 53 alio
465 2386 110 53 modo
534 2386 193 53 comparando
685 2386 110 53 illa
754 2386 83 53 vt
795 2386 110 53 sunt
864 2386 83 53 in
906 2386 179 53 creaturis
1043 2386 151 53 tantum:
1153 2386 83 53 in
1195 2386 138 53 quibus
1291 2386 207 53 vniformiter
1456 2386 151 53 aequale
1553 2386 41 53 &

136 2434 133 54 simile
229 2434 133 54 habent
322 2434 146 54 fundari
429 2434 146 54 quantum
535 2434 93 54 est
588 2434 80 54 ex
628 2434 146 54 ratione
735 2434 133 54 vnius:
828 2434 93 54 sed
881 2434 200 54 difformiter
1041 2434 120 54 illis
1121 2434 106 54 idem
1187 2434 106 54 siue
1254 2434 146 54 relatio
1360 2434 200 54 identitatis
1507 2434 93 54 habet

145 2475 153 45 fundari
256 2475 84 45 in
298 2475 209 45 substantia.
465 2475 139 45 Tertio
563 2475 125 45 autem
646 2475 111 45 modo
716 2475 195 45 comparando
869 2475 125 45 illas
953 2475 111 45 tres
1022 2475 195 45 relationes
1175 2475 84 45 vt
1217 2475 111 45 sunt
1287 2475 84 45 in
1328 2475 153 45 diuinis
1440 2475 84 45 ex
1482 2475 97 45 vna
1523 2475 70 45 par

146 2517 93 55 te:
199 2517 66 55 &
225 2517 80 55 in
265 2517 172 55 creaturis
398 2517 80 55 ex
437 2517 119 55 alia:
517 2517 172 55 identitas
650 2517 146 55 eiusdem
756 2517 80 55 ad
795 2517 80 55 se
835 2517 199 55 vniformiter
994 2517 159 55 sequitur
1113 2517 106 55 vnum
1180 2517 80 55 in
1220 2517 146 55 diuinis
1326 2517 66 55 &
1352 2517 80 55 in
1392 2517 186 55 creaturis.
1524 2517 80 55 ldem

142 2567 122 55 titas
224 2567 122 55 autem
305 2567 176 55 distincti
440 2567 81 55 ad
480 2567 189 55 distinctum
629 2567 81 55 in
669 2567 122 55 solis
750 2567 149 55 diuinis
858 2567 122 55 habet
939 2567 122 55 esse:
1020 2567 95 55 non
1074 2567 122 55 autem
1155 2567 81 55 in
1196 2567 189 55 creaturis.
1344 2567 149 55 Aequale
1452 2567 122 55 autem
1533 2567 68 55 &
1547 2567 54 55 si

137 2610 112 49 mile
207 2610 84 49 in
249 2610 182 49 creaturis
389 2610 210 49 difformiter
558 2610 182 49 sequuntur
698 2610 126 49 vnum:
782 2610 70 49 &
810 2610 182 49 identitas
951 2610 98 49 tam
1007 2610 84 49 in
1049 2610 154 49 diuinis
1161 2610 112 49 quam
1231 2610 84 49 in
1273 2610 196 49 creaturis,
1428 2610 70 49 &
1442 2610 154 49 similiter

143 2655 164 56 aequale
262 2655 74 56 &
292 2655 149 56 simile
396 2655 89 56 in
441 2655 208 56 creaturis,
604 2655 149 56 omnino
708 2655 223 56 difformiter
887 2655 193 56 sequuntur
1036 2655 134 56 vnum:
1125 2655 74 56 &
1155 2655 164 56 aequale
1274 2655 74 56 &
1303 2655 149 56 simile
1408 2655 89 56 in
1452 2655 179 56 diuinis:

143 2698 168 67 secundum
269 2698 112 67 quod
339 2698 112 67 haec
409 2698 126 67 omnia
493 2698 140 67 patent
591 2698 84 67 ex
633 2698 140 67 tactis
731 2698 84 67 in
773 2698 182 67 praedicta
912 2698 210 67 quaestione.
1080 2698 112 67 Sunt
1150 2698 126 67 autem
1234 2698 210 67 accidentia,
1402 2698 154 67 propria
1500 2698 98 67 illis
