2017 3197
413 259 186 73 stricte,
553 259 124 73 quam
631 259 186 73 secundum
771 259 217 73 qualitatem
942 259 217 73 communiter
1112 259 202 73 acceptam:
1268 259 124 73 quod
1345 259 202 73 solummodo
1501 259 186 73 secundum
1640 259 140 73 ipsam
1718 259 171 73 consequi-

411 318 100 52 tur
468 318 172 52 diuersum
597 318 172 52 secundum
726 318 158 52 speciem
841 318 273 52 specialissimam.
1071 318 201 52 Quaecumque
1229 318 115 52 enim
1301 318 201 52 qualitates
1458 318 115 52 sunt
1530 318 172 52 diuersae
1659 318 158 52 genere:
1774 318 115 52 puta
1832 318 57 52 co

418 369 98 60 lor
474 369 70 60 &
502 369 140 60 sapor,
600 369 168 60 secundum
726 369 126 60 illas
810 369 98 60 non
866 369 168 60 dicuntur
992 369 140 60 aliqua
1090 369 210 60 dissimilia:
1257 369 126 60 sicut
1341 369 126 60 neque
1425 369 168 60 similia:
1551 369 126 60 sapor
1635 369 112 60 enim
1705 369 154 60 colori,
1817 369 98 60 aut

407 414 206 54 saporabile
569 414 176 54 colorato
701 414 103 54 nec
760 414 147 54 simile
863 414 103 54 nec
921 414 191 54 dissimile
1068 414 176 54 dicitur.
1200 414 191 54 Similiter
1347 414 191 54 rationale
1494 414 73 54 &
1524 414 220 54 irrationale
1700 414 103 54 nec
1744 414 132 54 similia

403 460 97 52 nec
458 460 193 52 dissimilia
610 460 166 52 dicuntur
735 460 124 52 inter
818 460 97 52 se:
873 460 97 52 nec
928 460 166 52 subiecta
1052 460 110 52 quae
1121 460 138 52 habent
1218 460 124 52 illa,
1301 460 166 52 secundum
1425 460 110 52 illa
1494 460 152 52 similia
1605 460 97 52 aut
1660 460 193 52 dissimilia
1812 460 97 52 di-

413 506 159 55 cuntur,
528 506 115 55 quia
600 506 101 55 nec
658 506 130 55 talia
744 506 101 55 nec
802 506 130 55 talia
888 506 115 55 nata
960 506 115 55 sunt
1032 506 115 55 dici
1105 506 173 55 secundum
1234 506 130 55 illa.
1321 506 86 55 Et
1364 506 159 55 commune
1479 506 101 55 est
1537 506 130 55 etiam
1624 506 144 55 simili
1724 506 101 55 cum
1782 506 130 55 aequa

407 548 102 50 li,
466 548 117 50 quod
539 548 190 50 solummodo
685 548 234 50 consequuntur
875 548 117 50 idem
948 548 146 50 specie
1050 548 73 50 &
1079 548 175 50 diuersum
1211 548 161 50 numero.
1328 548 205 50 Quaecumque
1489 548 117 50 enim
1562 548 146 50 habent
1664 548 146 50 easdem
1752 548 131 50 qualita

408 595 103 51 tes
467 595 161 51 specie,
584 595 220 51 differentes
760 595 117 51 solo
833 595 161 51 numero,
950 595 117 51 sunt
1024 595 176 51 similia:
1156 595 117 51 puta
1229 595 103 51 duo
1287 595 132 51 alba,
1375 595 103 51 aut
1434 595 103 51 duo
1492 595 220 51 rationalia.
1668 595 117 51 Quia
1742 595 117 51 enim
1800 595 88 51 vnus

417 639 111 50 homo
486 639 152 50 dicitur
597 639 152 50 similis
707 639 138 50 alteri
804 639 276 50 substantialiter,
1039 639 97 50 non
1094 639 97 50 est
1150 639 111 50 nisi
1219 639 166 50 secundum
1343 639 221 50 differentiam
1523 639 263 50 rationalitatis:
1744 639 97 50 non
1785 639 97 50 autem

414 683 159 60 secundum
533 683 119 60 genus
612 683 225 60 animalitatis,
797 683 119 60 neque
876 683 159 60 secundum
995 683 198 60 totalitatem
1154 683 132 60 ipsius
1247 683 145 60 speciei
1352 683 251 60 specialissimae:
1564 683 119 60 cuius
1643 683 106 60 pars
1709 683 159 60 formalis
1815 683 66 60 est

404 731 235 53 rationalitas.
598 731 180 53 Similiter
736 731 111 53 quod
806 731 111 53 vnus
875 731 111 53 homo
944 731 152 53 dicitur
1055 731 152 53 similis
1166 731 138 53 alteri
1263 731 263 53 accidentaliter:
1484 731 97 53 non
1540 731 97 53 est
1595 731 111 53 nisi
1664 731 166 53 secundum
1789 731 111 53 qua-

414 776 161 43 litatem
532 776 235 43 accidentalem
723 776 220 43 specificam:
899 776 117 43 puta
972 776 191 43 albedinem
1119 776 103 43 aut
1178 776 220 43 nigredinem:
1354 776 103 43 non
1412 776 132 43 autem
1500 776 176 43 secundum
1632 776 205 43 qualitatem
1779 776 103 43 conem

411 825 145 55 genere:
516 825 105 55 puta
582 825 145 55 colorem
688 825 92 55 aut
740 825 158 55 saporem.
859 825 119 55 sicut
938 825 105 55 quod
1004 825 132 55 aliqua
1096 825 158 55 dicuntur
1215 825 158 55 aequalia
1334 825 105 55 siue
1399 825 105 55 mole
1465 825 105 55 siue
1531 825 211 55 perfectione,
1703 825 92 55 non
1755 825 92 55 est
1795 825 79 55 nisi

401 870 164 52 secundum
524 870 205 52 quantitates
688 870 137 52 easdem
784 870 150 52 specie:
894 870 205 52 differentes
1058 870 123 52 solum
1140 870 150 52 numero,
1249 870 109 52 quia
1317 870 82 52 in
1358 870 123 52 solis
1440 870 123 52 illis
1523 870 96 52 est
1577 870 109 52 vera
1646 870 205 52 conformitas
1810 870 96 52 qua

419 911 102 61 vere
483 911 178 61 concurrunt
623 911 89 61 per
673 911 140 61 vnionem
775 911 76 61 in
813 911 114 61 vnum:
889 911 102 61 quae
953 911 89 61 non
1004 911 89 61 est
1054 911 76 61 in
1092 911 127 61 eisdem
1181 911 127 61 genere
1270 911 216 61 differentibus
1448 911 127 61 specie
1537 911 229 61 specialissima,
1728 911 76 61 eo
1766 911 102 61 quod
1816 911 64 61 dif

409 957 133 54 ferunt
502 957 133 54 formis
595 957 106 54 quae
661 957 106 54 sunt
728 957 213 54 differentiae
901 957 200 54 specisicae:
1061 957 93 54 sub
1114 957 133 54 quibus
1207 957 120 54 etiam
1287 957 239 54 diuersificatur
1486 957 120 54 ratio
1566 957 67 54 &
1593 957 133 54 natura
1686 957 160 54 generis.
1792 957 80 54 Pro-

416 1004 108 55 pter
483 1004 108 55 quod
550 1004 135 55 latent
644 1004 256 55 aequiuocationes
860 1004 81 55 in
900 1004 148 55 genere,
1008 1004 81 55 vt
1048 1004 162 55 dicitur.
1170 1004 108 55 vii.
1237 1004 162 55 physico.
1358 1004 67 55 &
1385 1004 94 55 non
1439 1004 94 55 est
1493 1004 108 55 pura
1560 1004 189 55 vniuocatio
1708 1004 108 55 nisi
1776 1004 81 55 in
1803 1004 67 55 spe

417 1051 109 51 cie:
485 1051 82 51 vt
526 1051 150 51 dicitur
635 1051 150 51 ibidem.
744 1051 95 51 Est
799 1051 123 51 autem
880 1051 163 51 proprium
1003 1051 177 51 dissimili
1139 1051 82 51 in
1180 1051 95 51 quo
1234 1051 150 51 differt
1343 1051 82 51 ab
1384 1051 177 51 inaequali
1520 1051 191 51 quantitate
1670 1051 123 51 molis
1751 1051 95 51 aut
1792 1051 82 51 vir-

409 1091 120 55 tutis
489 1091 107 55 siue
556 1091 214 55 perfectionis
730 1091 187 55 virtualis,
877 1091 107 55 quod
943 1091 174 55 dissimile
1077 1091 94 55 non
1131 1091 94 55 est
1184 1091 147 55 aliquid
1291 1091 134 55 alteri
1385 1091 107 55 nisi
1452 1091 160 55 secundum
1572 1091 187 55 qualitates
1706 1091 160 55 substantia

408 1135 93 53 les
461 1135 93 53 aut
514 1135 227 53 accidentales,
701 1135 200 53 differentes
861 1135 107 53 sola
928 1135 133 53 specie
1021 1135 240 53 specialissima:
1221 1135 107 53 puta
1288 1135 160 53 secundum
1408 1135 173 53 rationale
1542 1135 67 53 &
1568 1135 213 53 irrationale.
1742 1135 160 53 secundum

413 1180 118 59 album
492 1180 66 59 &
518 1180 145 59 nigrum.
623 1180 92 59 Non
676 1180 105 59 enim
741 1180 158 59 secundum
860 1180 184 59 qualitates
1004 1180 145 59 eiusdem
1110 1180 145 59 speciei
1215 1180 237 59 specialissimae
1412 1180 158 59 dicuntur
1530 1180 105 59 nisi
1596 1180 158 59 similia.
1714 1180 66 59 &
1741 1180 158 59 secundum

409 1228 185 53 qualitates
554 1228 198 53 differentes
712 1228 145 53 genere:
818 1228 106 53 puta
884 1228 158 53 secundum
1003 1228 172 53 albedinem
1135 1228 66 53 &
1161 1228 158 53 saporem:
1280 1228 92 53 aut
1333 1228 158 53 secundum
1452 1228 172 53 rationale
1584 1228 66 53 &
1610 1228 172 53 inaiatum:
1742 1228 119 53 neque
1808 1228 66 53 si-

412 1271 123 58 milia
494 1271 164 58 dicuntur
617 1271 123 58 neque
699 1271 205 58 dissimilia.
890 1271 96 58 Est
945 1271 123 58 autem
1027 1271 150 58 aliquid
1136 1271 137 58 alteri
1232 1271 178 58 inaequale
1369 1271 191 58 quantitate
1519 1271 123 58 molis
1601 1271 96 58 aut
1655 1271 164 58 virtutis
1778 1271 96 58 non
1819 1271 55 58 ni

408 1318 77 61 si
447 1318 154 61 secundum
562 1318 192 61 quantitatem
716 1318 128 61 eandem
805 1318 128 61 specie
895 1318 230 61 specialissima:
1087 1318 102 61 puta
1151 1318 115 61 linea
1228 1318 90 61 est
1279 1318 128 61 lineae
1369 1318 179 61 inaequalis
1509 1318 154 61 secundum
1625 1318 115 61 alium
1702 1318 64 61 &
1727 1318 115 61 alium
1791 1318 77 61 gra-

410 1362 97 50 dum
466 1362 236 50 longitudinis,
660 1362 69 50 &
688 1362 125 50 album
771 1362 111 50 albo
841 1362 222 50 inaequaliter
1021 1362 97 50 est
1077 1362 125 50 album
1160 1362 167 50 secundum
1285 1362 139 50 gradum
1383 1362 125 50 alium
1466 1362 69 50 &
1494 1362 125 50 alium
1577 1362 195 50 albedinis.
1730 1362 111 50 Quae
1786 1362 83 50 vero

409 1404 102 52 sunt
473 1404 204 52 quantitatiue
638 1404 178 52 diuersarum
778 1404 178 52 specierum.
918 1404 153 52 secundum
1033 1404 114 52 illas
1109 1404 114 52 neque
1185 1404 153 52 dicuntur
1300 1404 153 52 aequalia
1414 1404 114 52 neque
1490 1404 191 52 inaequalia.
1643 1404 89 52 Non
1694 1404 102 52 enim
1758 1404 102 52 hnea
1808 1404 64 52 di-

414 1449 121 47 citur
494 1449 162 47 aequalis
615 1449 94 47 vel
669 1449 188 47 inaequalis
817 1449 202 47 superficiei
979 1449 94 47 aut
1033 1449 121 47 album
1114 1449 135 47 nigro:
1208 1449 108 47 quia
1275 1449 81 47 in
1316 1449 121 47 solis
1396 1449 121 47 illis
1477 1449 108 47 quae
1544 1449 108 47 sunt
1612 1449 148 47 eiusdem
1719 1449 148 47 speciei
1814 1449 67 47 est

407 1493 121 54 vera
482 1493 181 54 secundum
618 1493 151 54 gradum
723 1493 151 54 eundem
829 1493 226 54 conformitas
1009 1493 136 54 molis
1100 1493 105 54 aut
1160 1493 196 54 virtutis:
1311 1493 75 54 &
1341 1493 226 54 difformitas
1522 1493 181 54 secundum
1657 1493 151 54 gradus
1748 1493 121 54 diuer-

404 1541 111 64 sos:
474 1541 125 64 licet
557 1541 167 64 secundum
683 1541 209 64 quantitatem
850 1541 223 64 perfectionis
1031 1541 209 64 essentialis
1198 1541 223 64 inaequalitas
1379 1541 209 64 consequitur
1546 1541 84 64 in
1588 1541 153 64 omnibus
1685 1541 195 64 diuersitatem

412 1589 195 51 quaecumque
566 1589 112 51 enim
635 1589 112 51 sunt
705 1589 154 51 diuersa
817 1589 140 51 specie
915 1589 98 51 aut
970 1589 154 51 genere,
1082 1589 112 51 sunt
1152 1589 195 51 inaequalia
1306 1589 209 51 perfectione
1473 1589 195 51 essentiali
1627 1589 126 51 sicut
1710 1589 140 51 dictum
1794 1589 84 51 est.

437 1637 154 61 Sumendo
549 1637 126 61 autem
633 1637 210 61 substantiam
801 1637 210 61 quantitatem
969 1637 98 61 aut
1025 1637 196 61 qualitatem
1180 1637 168 61 stricte:
1306 1637 98 61 sic
1362 1637 98 61 non
1418 1637 140 61 habent
1516 1637 112 61 esse
1586 1637 84 61 in
1628 1637 168 61 diuinis:
1754 1637 98 61 sed
1796 1637 70 61 so-

406 1678 158 59 lummodo
521 1678 86 59 vt
564 1678 129 59 large
650 1678 215 59 accipiuntur
822 1678 86 59 ad
865 1678 115 59 omne
937 1678 86 59 se
980 1678 144 59 habens
1081 1678 115 59 modo
1153 1678 215 59 substantiae
1325 1678 215 59 quantitatis
1497 1678 101 59 aut
1555 1678 201 59 qualitatis
1713 1678 86 59 in
1742 1678 129 59 creatu-

401 1725 102 61 ris
460 1725 219 61 existentis.
635 1725 146 61 Deitas
737 1725 117 61 enim
810 1725 88 61 in
854 1725 161 61 diuinis
971 1725 88 61 se
1015 1725 131 61 habet
1103 1725 117 61 modo
1176 1725 219 61 substantiae
1351 1725 117 61 quae
1424 1725 161 61 nominat
1541 1725 131 61 quid:
1629 1725 161 61 persona
1746 1725 131 61 autem
1819 1725 58 61 se

406 1768 138 54 habet
498 1768 107 54 per
559 1768 138 54 modum
651 1768 230 54 substantiae
834 1768 122 54 quae
911 1768 168 54 nominat
1033 1768 138 54 quem.
1125 1768 77 54 &
1156 1768 230 54 respondetur
1339 1768 153 54 deitas
1446 1768 107 54 vel
1508 1768 122 54 deus
1584 1768 92 54 ad
1615 1768 260 54 interrogationem

403 1812 134 65 factam
496 1812 80 65 in
537 1812 147 65 diuinis
644 1812 94 65 per
697 1812 121 65 quid,
778 1812 121 65 pater
858 1812 94 65 aut
911 1812 134 65 filius
1005 1812 94 65 aut
1059 1812 161 65 spiritus
1179 1812 147 65 sanctus
1286 1812 94 65 per
1340 1812 254 65 interrogationem
1554 1812 134 65 factam
1648 1812 94 65 per
1701 1812 121 65 quis:
1782 1812 67 65 &
1808 1812 80 65 in

392 1862 151 54 diuinis
502 1862 96 54 non
557 1862 165 54 fundatur
680 1862 123 54 super
763 1862 96 54 hoc
818 1862 110 54 nisi
886 1862 192 54 identitas.
1037 1862 151 54 Bonitas
1147 1862 123 54 autem
1229 1862 178 54 sapientia
1366 1862 69 54 &
1394 1862 178 54 huiusmodi
1531 1862 82 54 in
1572 1862 151 54 diuinis
1682 1862 82 54 se
1723 1862 137 54 habent
1805 1862 55 54 mo

402 1903 87 66 do
445 1903 218 66 qualitatis:
619 1903 73 66 &
648 1903 232 66 respondentur
837 1903 87 66 in
880 1903 160 66 diuinis
996 1903 87 66 ad
1040 1903 276 66 interrogationem
1272 1903 145 66 factam
1373 1903 102 66 per
1431 1903 145 66 quale.
1533 1903 189 66 Magnitudo
1678 1903 131 66 autem
1750 1903 116 66 aeter-

398 1948 125 64 nitas
482 1948 181 64 infinitas
621 1948 195 64 immensitas
774 1948 70 64 &
802 1948 181 64 huiusmodi
941 1948 84 64 in
983 1948 153 64 diuinis
1095 1948 84 64 se
1137 1948 139 64 habent
1234 1948 111 64 modo
1304 1948 223 64 quantitatis.
1485 1948 223 64 Respondentur
1666 1948 111 64 enim
1736 1948 84 64 ad
1763 1948 98 64 inter

396 1998 185 58 rogationem
541 1998 132 58 factam
634 1998 93 58 per
687 1998 159 58 quantum.
805 1998 79 58 Et
845 1998 79 58 in
885 1998 145 58 diuinis
991 1998 119 58 super
1070 1998 172 58 huiusmodi
1202 1998 185 58 qualitates
1347 1998 66 58 &
1374 1998 198 58 quantitates
1532 1998 159 58 secundum
1651 1998 106 58 quod
1717 1998 185 58 consideran

408 2044 93 50 tur
461 2044 159 50 secundum
580 2044 93 50 se:
633 2044 106 50 bene
699 2044 159 50 fundatur
818 2044 185 50 identitas,
963 2044 119 50 sicut
1043 2044 79 50 in
1082 2044 172 50 creaturis
1215 2044 159 50 fundatur
1334 2044 119 50 super
1413 2044 93 50 res
1466 2044 185 50 singulorum
1611 2044 265 50 praedicamentorum
1823 2044 53 50 vt

397 2082 158 69 secundum
515 2082 79 69 se
555 2082 224 69 considerantur
739 2082 66 69 &
765 2082 79 69 in
805 2082 132 69 ordine
897 2082 79 69 ad
936 2082 105 69 illa
1002 2082 105 69 quae
1068 2082 105 69 sunt
1134 2082 92 69 sui
1187 2082 158 69 generis.
1305 2082 158 69 Secundum
1423 2082 118 69 autem
1502 2082 105 69 quod
1568 2082 171 69 quantitas
1700 2082 92 69 aut
1739 2082 132 69 qualitas

398 2129 176 66 huiusmodi
534 2129 230 66 considerantur
723 2129 81 66 in
763 2129 149 66 diuinis
872 2129 81 66 in
912 2129 135 66 ordine
1007 2129 81 66 ad
1047 2129 81 66 id
1088 2129 108 66 quod
1156 2129 81 66 in
1196 2129 149 66 diuinis
1304 2129 122 66 dicit
1385 2129 108 66 quid
1453 2129 95 66 aut
1507 2129 122 66 quis:
1588 2129 122 66 cuius
1669 2129 108 66 sunt
1737 2129 122 66 sicut
1804 2129 68 66 dis

408 2178 198 63 positiones:
566 2178 119 63 super
645 2178 184 63 qualitatem
790 2178 92 63 non
843 2178 158 63 fundatur
961 2178 105 63 nisi
1027 2178 198 63 similitudo,
1185 2178 66 63 &
1211 2178 119 63 super
1291 2178 198 63 quantitatem
1449 2178 92 63 non
1501 2178 105 63 nisi
1567 2178 198 63 aequalitas,
1725 2178 119 63 etiam
1791 2178 66 63 cum

397 2221 172 53 huiusmodi
529 2221 172 53 quantitas
661 2221 145 53 incidit
766 2221 79 53 in
806 2221 198 53 qualitatem:
964 2221 145 53 dicendo
1070 2221 106 53 quod
1136 2221 172 53 sapientia
1268 2221 92 53 dei
1321 2221 92 53 aut
1374 2221 145 53 bonitas
1479 2221 92 53 est
1532 2221 119 53 magna
1611 2221 145 53 aeterna
1717 2221 106 53 siue
1770 2221 92 53 infi-

397 2271 121 54 nita.
477 2271 94 54 Sic
531 2271 108 54 enim
598 2271 161 54 bonitate
719 2271 94 54 aut
773 2271 121 54 sapia
854 2271 161 54 personae
975 2271 161 54 dicuntur
1096 2271 121 54 inter
1176 2271 81 54 se
1217 2271 175 54 aequales.
1378 2271 81 54 Ex
1418 2271 134 54 dictis
1512 2271 134 54 patent
1607 2271 175 54 argumenta
1741 2271 81 54 ad
1768 2271 94 54 vtram

406 2307 110 83 quod
475 2307 138 83 partem
571 2307 165 83 adducta:
695 2307 83 83 ex
737 2307 138 83 quibus
833 2307 124 83 etiam
915 2307 83 83 in
957 2307 124 83 magna
1039 2307 124 83 parte
1122 2307 124 83 patet
1204 2307 165 83 qualiter
1328 2307 206 83 vniformiter
1493 2307 96 83 vel
1548 2307 206 83 difformiter
1700 2307 165 83 relationes

416 2358 98 66 ones
477 2358 122 66 habent
562 2358 134 66 fundari
660 2358 73 66 in
697 2358 122 66 dictis
782 2358 134 66 tribus:
880 2358 73 66 de
917 2358 86 66 quo
966 2358 110 66 sermo
1039 2358 134 66 habitus
1137 2358 86 66 est
1186 2358 73 66 in
1223 2358 134 66 secunda
1320 2358 171 66 quaestione
1455 2358 183 66 praecedenti
1601 2358 110 66 huius
1663 2358 134 66 articuli.

689 2398 114 70 Irca
760 2398 156 70 quintum
873 2398 170 70 arguitur
1001 2398 114 70 quod
1072 2398 128 70 super
1158 2398 114 70 idem
1229 2398 156 70 penitus
1342 2398 99 70 non
1399 2398 142 70 habent
1499 2398 156 70 fundari
1612 2398 199 70 relationes
1754 2398 114 70 commu-

680 2456 97 46 nes
736 2456 139 46 reales
833 2456 180 46 diuersae:
972 2456 125 46 Primo
1055 2456 111 46 sic.
1124 2456 194 46 Relationes
1277 2456 139 46 reales
1374 2456 97 46 non
1430 2456 111 46 sunt
1499 2456 167 46 diuersae
1624 2456 111 46 nisi
1693 2456 153 46 diuersa
1791 2456 69 46 rea

690 2492 162 67 litate:
808 2492 176 67 diuersam
940 2492 132 67 autem
1028 2492 206 67 realitatem
1190 2492 206 67 contrahere
1351 2492 103 67 non
1410 2492 162 67 possunt
1527 2492 88 67 ab
1571 2492 132 67 eodem
1659 2492 132 67 reali
1748 2492 147 67 funda-

689 2533 146 75 mento:
791 2533 116 75 quia
864 2533 102 75 non
922 2533 146 75 potest
1024 2533 131 75 trahi
1112 2533 87 75 ab
1155 2533 146 75 aliquo
1257 2533 116 75 quod
1330 2533 102 75 non
1388 2533 102 75 est
1446 2533 87 75 in
1490 2533 131 75 illo.
1577 2533 73 75 &
1607 2533 87 75 in
1650 2533 131 75 eodem
1723 2533 131 75 penitus

682 2591 133 59 reali
771 2591 103 59 non
830 2591 118 59 sunt
904 2591 207 59 realitates
1067 2591 192 59 diuersae:
1214 2591 103 59 nec
1274 2591 148 59 habent
1377 2591 207 59 relationes
1540 2591 163 59 aliquam
1658 2591 207 59 realitatem
1806 2591 59 59 ni

569 2625 101 61 si
619 2625 84 61 a
653 2625 251 61 fundamento:
854 2625 101 61 vt
904 2625 151 61 alias
1005 2625 285 61 declarauimus:
1240 2625 134 61 ergo
1323 2625 151 61 super
1424 2625 134 61 idem
1508 2625 151 61 reale
1609 2625 184 61 penitus
1726 2625 134 61 funda-

398 2674 88 70 ri
442 2674 102 70 non
501 2674 176 70 possunt.
662 2674 161 70 Secundo
779 2674 117 70 sic.
852 2674 205 70 Relationes
1013 2674 176 70 diuersae
1145 2674 102 70 non
1203 2674 117 70 sunt
1277 2674 117 70 nisi
1350 2674 102 70 aut
1408 2674 190 70 adinuicem
1555 2674 190 70 oppositae
1701 2674 102 70 aut
1745 2674 117 70 dispa-

389 2717 148 69 ratae.
493 2717 104 69 Sed
552 2717 207 69 relationes
715 2717 178 69 communes
848 2717 148 69 reales
952 2717 192 69 oppositae
1100 2717 163 69 fundari
1218 2717 104 69 non
1277 2717 163 69 possunt
1395 2717 133 69 super
1484 2717 133 69 idem:
1573 2717 118 69 quia
1647 2717 163 69 relatio
1751 2717 118 69 realis
