2017 3156
127 242 147 64 illis.
230 242 206 64 Relationes
392 242 118 64 enim
465 242 176 64 communes
598 242 103 64 non
657 242 250 64 plurificantur
862 242 118 64 nisi
936 242 176 64 secundum
1068 242 279 64 plurificationem
1303 242 265 64 fundamentorum:
1509 242 103 64 sicut

145 303 97 54 nec
201 303 194 54 relationes
353 303 125 54 aliae
436 303 208 54 consimiles,
602 303 111 54 puta
672 303 83 54 in
713 303 97 54 vno
769 303 97 54 non
824 303 97 54 est
880 303 111 54 nisi
949 303 97 54 vna
1004 303 208 54 paternitas:
1171 303 125 54 licet
1254 303 83 54 ad
1295 303 139 54 plures
1392 303 152 54 filios:
1503 303 69 54 &
1517 303 97 54 simi-

144 353 92 50 le
190 353 107 50 non
251 353 107 50 est
312 353 153 50 simile
420 353 123 50 nisi
497 353 107 50 vna
558 353 246 50 similitudine
758 353 92 50 ad
804 353 153 50 plures
911 353 153 50 quibus
1018 353 107 50 est
1080 353 184 50 similis:
1218 353 77 50 &
1249 353 107 50 hoc
1310 353 169 50 propter
1433 353 123 50 vnum
1494 353 123 50 funda-

136 396 172 53 mentum
256 396 172 53 talium
377 396 258 53 relationum.
584 396 155 53 Quare
687 396 121 53 cum
756 396 241 53 substantia
945 396 155 53 super
1049 396 138 53 quam
1135 396 207 53 fundatur
1290 396 224 53 identitas
1462 396 103 53 in
1496 396 121 53 illis

131 436 128 48 quae
211 436 128 48 sunt
291 436 160 48 eadem,
404 436 112 48 non
468 436 257 48 distinguatur
676 436 176 48 omnino,
804 436 112 48 nec
868 436 208 48 similiter
1029 436 208 48 quantitas
1189 436 144 48 super
1285 436 128 48 quam
1366 436 192 48 fundatur
1494 436 112 48 aequa

132 479 123 49 litas
215 479 82 49 in
256 479 206 49 aequalibus:
420 479 96 49 nec
475 479 178 49 similiter
612 479 165 49 qualitas
736 479 123 49 super
818 479 110 49 quam
886 479 165 49 fundatur
1010 479 192 49 similitudo
1161 479 82 49 in
1202 479 192 49 similibus,
1353 479 110 49 quia
1421 479 123 49 super
1490 479 123 49 substam

143 525 111 55 tiam
213 525 167 55 fundatur
338 525 181 55 identitas
477 525 153 55 ratione
588 525 97 55 qua
643 525 97 55 est
699 525 195 55 substantia
852 525 222 55 simpliciter:
1032 525 97 55 non
1088 525 125 55 autem
1171 525 153 55 ratione
1283 525 97 55 qua
1338 525 97 55 est
1394 525 111 55 haec
1463 525 97 55 vel
1519 525 125 55 illa:

138 577 97 50 nec
194 577 152 50 ratione
304 577 97 50 qua
360 577 97 50 est
415 577 83 50 in
456 577 97 50 hoc
512 577 97 50 vel
567 577 83 50 in
609 577 125 50 illo:
692 577 69 50 &
719 577 180 50 similiter
858 577 194 50 aequalitas
1010 577 125 50 super
1093 577 221 50 quantitatem:
1273 577 69 50 &
1301 577 194 50 similitudo
1453 577 125 50 super
1536 577 97 50 qua

136 616 182 58 litatem,
272 616 121 58 quia
348 616 182 58 proprium
485 616 106 58 est
545 616 228 58 substantiae
727 616 182 58 secundum
864 616 106 58 eam
924 616 121 58 dici
1000 616 121 58 idem
1076 616 76 58 &
1106 616 197 58 diuersum:
1258 616 76 58 &
1289 616 212 58 quantitati
1455 616 182 58 secundum

145 663 99 46 eam
202 663 113 46 dici
272 663 156 46 aequale
386 663 71 46 &
414 663 198 46 inaequale:
570 663 71 46 &
598 663 184 46 qualitati
740 663 170 46 secundum
868 663 99 46 eam
925 663 113 46 dici
995 663 142 46 simile
1095 663 71 46 &
1123 663 198 46 dissimile.
1279 663 198 46 Substantia
1435 663 128 46 autem
1506 663 99 46 secun

130 705 95 50 dum
185 705 109 50 quod
253 705 95 50 est
308 705 191 50 substantia
458 705 218 50 simpliciter,
635 705 123 50 nullo
717 705 109 50 modo
785 705 218 50 distinguitur
962 705 123 50 etiam
1044 705 82 50 in
1085 705 177 50 diuersis.
1221 705 177 50 Similiter
1358 705 95 50 nec
1412 705 177 50 quantitas
1535 705 68 50 nec

149 749 191 58 qualitas.
296 749 132 58 sicut
384 749 147 58 figura
487 749 191 58 inquantum
634 749 103 58 est
693 749 147 58 figura
796 749 235 58 simpliciter,
987 749 103 58 non
1046 749 235 58 distinguitur
1237 749 147 58 omnino
1340 749 88 58 in
1384 749 176 58 lsoscele
1516 749 73 58 &
1531 749 73 58 Sca

142 793 127 59 leno:
226 793 112 59 quia
297 793 169 59 secundum
423 793 225 59 Philosophum.
606 793 127 59 iiii.
690 793 169 59 physico.
817 793 112 59 sunt
887 793 127 59 eadem
971 793 155 59 sigura:
1084 793 127 59 licet
1168 793 98 59 non
1224 793 112 59 sint
1295 793 112 59 idem
1365 793 211 59 triangulus.
1534 793 112 59 ergo

137 837 100 54 &c.
222 837 86 54 Ex
265 837 128 54 eodem
351 837 128 54 medio
436 837 171 54 arguitur
564 837 114 54 idem
636 837 214 54 specialiter
807 837 86 54 in
849 837 171 54 diuinis,
978 837 114 54 quia
1049 837 100 54 cum
1106 837 86 54 in
1149 837 100 54 deo
1206 837 86 54 in
1248 837 143 54 tribus
1348 837 171 54 personis
1476 837 100 54 sit
1533 837 100 54 vna
1576 837 43 54 a

139 883 197 52 substantia,
297 883 92 52 vna
349 883 184 52 quantitas,
494 883 92 52 vna
546 883 171 52 qualitas,
678 883 118 52 super
757 883 105 52 quas
822 883 171 52 fundantur
954 883 184 52 relationes
1098 883 158 52 communes
1217 883 158 52 scilicet
1335 883 210 52 identitatis,
1506 883 131 52 aequa-

130 931 174 47 litatis,
261 931 73 47 &
290 931 247 47 similitudinis
493 931 131 47 trium
580 931 203 47 personarum
740 931 131 47 inter
827 931 102 47 se:
885 931 102 47 est
943 931 116 47 ergo
1016 931 102 47 vna
1074 931 189 47 identitas
1219 931 131 47 trium
1306 931 203 47 personarum
1466 931 131 47 sicut
1538 931 73 47 vna

136 969 215 68 substantia,
308 969 100 68 vna
365 969 201 68 aequalitas
523 969 129 68 sicut
609 969 100 68 vna
667 969 201 68 quantitas,
825 969 100 68 vna
882 969 201 68 similitudo
1040 969 129 68 sicut
1126 969 100 68 vna
1184 969 187 68 qualitas.
1327 969 115 68 ergo
1399 969 100 68 &c.
1485 969 115 68 Quod
1557 969 100 68 con
1600 969 43 68 C

132 1019 158 50 firmatur
250 1019 92 50 per
303 1019 92 50 hoc
356 1019 105 50 quod
422 1019 79 50 de
461 1019 119 50 patre
540 1019 66 50 &
566 1019 119 50 filio
646 1019 119 50 dicit
725 1019 119 50 Hila.
804 1019 105 50 iii.
869 1019 79 50 de
909 1019 198 50 triniitate.
1067 1019 132 50 Eandem
1159 1019 79 50 in
1199 1019 145 50 vtroque
1304 1019 66 50 &
1330 1019 158 50 virtutis
1449 1019 184 50 similitudi

137 1070 103 52 nem
196 1070 73 52 &
225 1070 220 52 diuinitatis
401 1070 235 52 plenitudinem
592 1070 220 52 profitemur.
768 1070 132 52 Omnia
856 1070 117 52 enim
930 1070 161 52 accipit
1047 1070 147 52 filius
1150 1070 73 52 a
1179 1070 147 52 patre.
1282 1070 117 52 vult
1355 1070 117 52 ergo
1428 1070 117 52 quod
1502 1070 73 52 a
1516 1070 103 52 patre

134 1108 176 55 accipiat
266 1108 132 55 illam
354 1108 249 55 similitudinem
559 1108 176 55 virtutis
691 1108 117 55 quae
764 1108 102 55 est
822 1108 146 55 patris
925 1108 88 55 ad
969 1108 161 55 filium:
1086 1108 73 55 &
1115 1108 190 55 similiter
1261 1108 132 55 eadem
1349 1108 234 55 plenitudinem
1525 1108 73 55 di-

140 1150 211 61 uinitatis:
305 1150 120 61 quae
381 1150 150 61 quidem
486 1150 196 61 plenitudo
636 1150 90 61 ad
681 1150 241 61 aequalitatem
877 1150 226 61 quantitatis
1057 1150 196 61 pertinet.
1238 1150 150 61 Tertio
1343 1150 90 61 ad
1388 1150 120 61 idem
1464 1150 120 61 sic.
1539 1150 120 61 Quae

134 1202 131 48 minus
222 1202 116 48 sunt
294 1202 261 48 distinguibilia
512 1202 131 48 minus
599 1202 116 48 sunt
672 1202 276 48 plurificabilia:
904 1202 116 48 quia
976 1202 102 48 non
1034 1202 102 48 est
1092 1202 232 48 plurificatio
1281 1202 116 48 nisi
1354 1202 102 48 per
1397 1202 218 48 distinctionem

145 1240 100 58 qua
202 1240 129 58 plura
288 1240 143 58 habent
389 1240 115 58 esse
460 1240 143 58 plura.
561 1240 100 58 sed
618 1240 129 58 minus
704 1240 115 58 sunt
776 1240 258 58 distinguibiles
991 1240 201 58 relationes
1149 1240 172 58 propriae
1278 1240 86 58 in
1321 1240 172 58 diuinis,
1450 1240 115 58 puta
1508 1240 100 58 pater

138 1284 122 58 nitas
220 1284 68 58 &
247 1284 176 58 filiatio,
383 1284 109 58 quam
450 1284 176 58 communes,
586 1284 109 58 puta
654 1284 190 58 identitas,
803 1284 203 58 aequalitas,
966 1284 95 58 aut
1020 1284 203 58 similitudo:
1183 1284 109 58 quia
1251 1284 122 58 illae
1332 1284 109 58 sunt
1400 1284 149 58 aliorum
1508 1284 136 58 distin

139 1336 137 52 ctiuae
235 1336 164 52 scilicet
359 1336 206 52 personarum,
523 1336 82 52 vt
564 1336 151 52 habitum
674 1336 96 52 est
729 1336 137 52 supra:
825 1336 96 52 non
880 1336 123 52 autem
962 1336 137 52 istae,
1058 1336 82 52 vt
1099 1336 219 52 declarabitur
1277 1336 137 52 infra.
1373 1336 123 52 Magis
1455 1336 123 52 autem
1524 1336 82 52 sunt

137 1372 255 53 distinguibilia
349 1372 127 53 inter
434 1372 85 53 se
477 1372 156 53 aliorum
590 1372 212 53 distinctiua
760 1372 113 53 quam
831 1372 99 53 non
888 1372 227 53 distinctiua,
1072 1372 127 53 quare
1157 1372 99 53 cum
1213 1372 198 53 relationes
1369 1372 170 53 propriae
1497 1372 71 53 &
1511 1372 99 53 simi-

142 1424 101 52 les
199 1424 216 52 plurificari
372 1424 101 52 non
430 1424 158 52 possunt
545 1424 86 52 in
588 1424 173 52 diuinis:
718 1424 101 52 non
775 1424 115 52 enim
847 1424 158 52 possunt
963 1424 86 52 in
1006 1424 130 52 illis
1092 1424 115 52 esse
1164 1424 144 52 plures
1265 1424 230 52 paternitates
1453 1424 101 52 aut
1496 1424 115 52 plures

140 1462 232 59 filiationes:
329 1462 116 59 ergo
402 1462 102 59 nec
460 1462 203 59 relationes
620 1462 174 59 communes
750 1462 174 59 similes:
881 1462 189 59 cuiusmodi
1026 1462 116 59 sunt
1099 1462 203 59 identitas,
1259 1462 218 59 aequalitas,
1433 1462 73 59 &
1447 1462 160 59 similitu-

141 1505 103 65 do,
200 1505 88 65 in
244 1505 162 65 diuinis
362 1505 221 65 plurificari
539 1505 177 65 possunt.
701 1505 147 65 Quarto
804 1505 118 65 sic.
878 1505 133 65 inter
966 1505 88 65 se
1010 1505 133 65 minus
1099 1505 250 65 distinguuntur
1305 1505 206 65 relationes
1467 1505 103 65 sub
1526 1505 133 65 eodem
1600 1505 44 65 &

150 1554 133 58 genere
243 1554 187 58 existentes
390 1554 107 58 quam
456 1554 147 58 diuersa
563 1554 133 58 genera
656 1554 200 58 relationum.
816 1554 107 58 Puta
882 1554 187 58 similitudo
1029 1554 80 58 in
1069 1554 147 58 diuinis
1176 1554 160 58 personis
1296 1554 173 58 diuersis,
1429 1554 107 58 quam
1495 1554 133 58 aequa-

140 1601 131 55 litas
227 1601 73 55 &
256 1601 218 55 similitudo.
430 1601 102 55 sed
488 1601 203 55 aequalitas
647 1601 73 55 &
676 1601 203 55 similitudo
836 1601 73 55 &
865 1601 189 55 identitas
1010 1601 87 55 in
1053 1601 160 55 diuinis
1169 1601 102 55 non
1227 1601 247 55 distinguuntur
1430 1601 131 55 inter
1517 1601 87 55 se
1546 1601 58 55 ni

145 1650 81 50 si
185 1650 148 50 ratione
293 1650 148 50 tantum,
400 1650 81 50 vt
441 1650 148 50 habitum
549 1650 94 50 est
603 1650 135 50 supra.
697 1650 189 50 Similitudo
845 1650 121 50 ergo,
926 1650 94 50 aut
980 1650 189 50 identitas,
1128 1650 94 50 aut
1182 1650 202 50 aequalitas,
1344 1650 81 50 vt
1384 1650 108 50 sunt
1451 1650 81 50 in
1478 1650 135 50 diuersis

146 1689 194 59 personis,
295 1689 134 59 minus
385 1689 253 59 distinguuntur
593 1689 119 59 quam
668 1689 179 59 secundum
802 1689 194 59 rationem.
951 1689 104 59 sed
1011 1689 134 59 minor
1100 1689 209 59 distinctio
1264 1689 119 59 quam
1339 1689 179 59 secundum
1458 1689 149 59 rationem

140 1733 121 52 nulla
220 1733 94 52 est
274 1733 148 52 omnino.
381 1733 107 52 ergo
448 1733 94 52 &c.
529 1733 81 52 In
569 1733 188 52 contrarium
717 1733 161 52 arguitur
838 1733 121 52 primo
919 1733 107 52 sic.
986 1733 134 52 super.
1080 1733 134 52 xiiii.
1174 1733 107 52 cap.
1241 1733 148 52 Boethii
1348 1733 81 52 de
1389 1733 201 52 triniitate.
1536 1733 81 52 Con-

137 1777 168 59 mentator
263 1777 126 59 dicit
347 1777 112 59 sic.
418 1777 126 59 Sicut
502 1777 112 59 ipsa
572 1777 112 59 quae
642 1777 112 59 sunt
712 1777 168 59 similia:
838 1777 98 59 sic
895 1777 70 59 &
923 1777 112 59 illa
993 1777 168 59 secundum
1119 1777 112 59 quae
1189 1777 112 59 sunt
1259 1777 168 59 similia,
1386 1777 154 59 necesse
1498 1777 98 59 est
1540 1777 70 59 es-

152 1823 85 53 se
194 1823 170 53 diuersa.
322 1823 99 53 sed
378 1823 113 53 ipsa
449 1823 113 53 quae
520 1823 113 53 sunt
591 1823 156 53 similia
704 1823 142 53 semper
803 1823 113 53 sunt
874 1823 156 53 diuersa
987 1823 71 53 &
1015 1823 113 53 alia
1086 1823 71 53 &
1115 1823 127 53 alia,
1199 1823 85 53 vt
1242 1823 127 53 patet
1327 1823 85 53 ex
1369 1823 142 53 duabus
1454 1823 156 53 quaestio-

142 1874 132 49 nibus
230 1874 279 49 praecedentibus.
465 1874 117 49 illa
539 1874 132 49 autem
627 1874 176 49 secundum
759 1874 117 49 quae
832 1874 161 49 similia
950 1874 117 49 sunt
1023 1874 176 49 similia,
1155 1874 117 49 sunt
1228 1874 161 49 extrema
1346 1874 250 49 similitudinis
1551 1874 88 49 in

151 1916 186 48 similibus.
297 1916 106 48 illa
363 1916 106 48 ergo
429 1916 146 48 extrema
535 1916 146 48 necesse
642 1916 93 48 est
695 1916 106 48 esse
761 1916 159 48 diuersa:
880 1916 119 48 sicut
960 1916 66 48 &
986 1916 133 48 relata
1079 1916 93 48 per
1132 1916 119 48 illa:
1212 1916 66 48 &
1239 1916 93 48 sic
1292 1916 146 48 oportet
1398 1916 106 48 quod
1464 1916 106 48 sint
1517 1916 93 48 diuer

153 1961 83 55 sa
195 1961 69 55 &
222 1961 110 55 alia
291 1961 124 55 atque
373 1961 124 55 alia.
456 1961 83 55 Et
497 1961 124 55 sicut
580 1961 96 55 hoc
635 1961 165 55 arguitur
758 1961 83 55 de
800 1961 165 55 extremis
923 1961 248 55 similitudinis,
1130 1961 96 55 sic
1185 1961 124 55 argui
1267 1961 138 55 potest
1363 1961 83 55 de
1405 1961 165 55 extremis
1528 1961 110 55 iden

146 2004 163 54 titatis
265 2004 74 54 &
295 2004 238 54 aequalitatis
488 2004 119 54 quia
562 2004 104 54 qua
621 2004 163 54 ratione
740 2004 134 54 verum
829 2004 104 54 est
889 2004 134 54 illud
978 2004 148 54 dictum
1082 2004 267 54 Commentatoris:
1304 2004 134 54 Sicut
1393 2004 119 54 ipsa
1468 2004 119 54 quae
1527 2004 89 54 sunt

145 2053 160 53 similia
262 2053 102 53 &c.
320 2053 131 53 eadem
408 2053 160 53 ratione
524 2053 131 53 verum
612 2053 102 53 est
670 2053 160 53 dicere:
787 2053 131 53 sicut
874 2053 117 53 ipsa
947 2053 117 53 quae
1020 2053 117 53 sunt
1092 2053 131 53 eadem
1180 2053 73 53 &
1209 2053 189 53 aequalia:
1355 2053 102 53 sic
1413 2053 73 53 &
1442 2053 117 53 illa
1500 2053 117 53 secun-

153 2075 97 75 dum
209 2075 111 75 quae
278 2075 111 75 sunt
347 2075 125 75 eadem
430 2075 69 75 &
458 2075 180 75 aequalia:
597 2075 152 75 necesse
707 2075 97 75 est
763 2075 111 75 esse
832 2075 166 75 diuersa.
985 2075 152 75 Secundo
1095 2075 111 75 sic.
1165 2075 111 75 quod
1234 2075 166 75 requirit
1359 2075 236 75 distinctionem
1553 2075 97 75 eo-

146 2144 99 46 rum
202 2144 85 46 in
245 2144 141 46 quibus
343 2144 169 46 existit:
470 2144 197 46 necessario
625 2144 127 46 habet
710 2144 113 46 esse
780 2144 197 46 distinctum
935 2144 85 46 in
978 2144 141 46 illis:
1076 2144 113 46 quia
1147 2144 226 46 indistinctum
1330 2144 127 46 natum
1415 2144 99 46 est
1471 2144 113 46 esse
1541 2144 85 46 in
1570 2144 56 46 in

148 2179 188 58 distincto
292 2179 130 58 sicut
379 2179 203 58 distinctum
538 2179 87 58 in
582 2179 203 58 distincto.
741 2179 101 58 sed
799 2179 203 58 relationes
958 2179 174 58 communes
1089 2179 232 58 aequalitatis
1277 2179 72 58 &
1306 2179 246 58 similitudinis
1509 2179 130 58 requi

142 2229 122 52 runt
218 2229 258 52 distinctionem
431 2229 167 52 illorum
552 2229 91 52 in
598 2229 152 52 quibus
704 2229 137 52 sunt:
795 2229 76 52 &
826 2229 106 52 hoc
887 2229 182 52 secundum
1023 2229 122 52 rem:
1099 2229 122 52 quia
1175 2229 213 52 similitudo
1342 2229 106 52 non
1403 2229 106 52 est
1449 2229 167 52 suiipsius

149 2270 93 56 nec
202 2270 199 56 aequalitas.
361 2270 93 56 Non
414 2270 93 56 est
467 2270 106 56 enim
533 2270 146 56 aliquid
639 2270 146 56 aequale
745 2270 93 56 aut
798 2270 132 56 simile
891 2270 119 56 sibi,
970 2270 79 56 vt
1010 2270 93 56 iam
1063 2270 146 56 habitum
1169 2270 93 56 est
1222 2270 132 56 supra.
1314 2270 146 56 Relatio
1420 2270 172 56 similiter
1540 2270 79 56 idem

142 2314 164 58 titatis
262 2314 135 58 etiam
351 2314 179 58 requirit
486 2314 254 58 distinctionem
695 2314 75 58 &
725 2314 239 58 differentiam
919 2314 194 58 relatorum
1069 2314 90 58 in
1114 2314 149 58 quibus
1218 2314 120 58 est,
1293 2314 90 58 vt
1338 2314 135 58 etiam
1428 2314 164 58 habitum
1532 2314 75 58 est

149 2368 140 46 supra.
247 2368 112 46 ergo
317 2368 98 46 &c.
401 2368 84 46 Et
442 2368 98 46 hoc
498 2368 98 46 est
554 2368 112 46 quod
624 2368 140 46 tertio
722 2368 168 46 arguitur
848 2368 112 46 sic.
917 2368 112 46 quod
987 2368 112 46 esse
1057 2368 210 46 relatiuorum
1225 2368 98 46 vel
1281 2368 154 46 ipsorum
1393 2368 182 46 relatorum
1532 2368 98 46 est
1588 2368 84 46 ad

148 2408 143 60 aliud
243 2408 95 60 se
291 2408 159 60 habere
402 2408 190 60 secundum
545 2408 143 60 modum
640 2408 111 60 iam
703 2408 143 60 supra
798 2408 222 60 expositum:
973 2408 111 60 hoc
1036 2408 206 60 contingit
1195 2408 127 60 quia
1274 2408 111 60 per
1338 2408 95 60 se
1385 2408 206 60 relationi
1528 2408 95 60 com-

157 2446 122 64 petit
239 2446 108 64 quod
306 2446 108 64 esse
374 2446 108 64 suum
441 2446 189 64 accipiatur
590 2446 81 64 in
630 2446 216 64 comparatione
806 2446 81 64 ad
847 2446 122 64 aliud
928 2446 122 64 esse:
1009 2446 108 64 quid
1076 2446 162 64 scilicet
1198 2446 162 64 competit
1320 2446 135 64 alteri
1414 2446 176 64 relationi
1536 2446 81 64 sibi

147 2506 276 46 correspondenti:
380 2506 116 46 quod
453 2506 102 46 non
511 2506 102 46 est
569 2506 116 46 sine
642 2506 160 46 ipsarum
758 2506 204 46 relationum
918 2506 233 46 distinctione
1107 2506 87 46 in
1151 2506 131 46 ipsis
1238 2506 174 46 relatis.
1369 2506 116 46 ergo
1441 2506 102 46 &c.
1529 2506 145 46 Quarto

151 2542 108 57 sic.
218 2542 162 57 secundum
340 2542 176 57 Augustius
475 2542 81 57 v.
515 2542 81 57 de
556 2542 203 57 triniitate.
718 2542 108 57 cap.
785 2542 122 57 viii.
866 2542 108 57 tres
934 2542 162 57 personae
1055 2542 95 57 non
1109 2542 108 57 sunt
1177 2542 108 57 tres
1244 2542 122 57 magni
1325 2542 95 57 sed
1379 2542 108 57 vnus
1447 2542 149 57 magnus:
1541 2542 81 57 quia

150 2584 100 52 vna
207 2584 100 52 est
264 2584 186 52 magnitudo
408 2584 143 52 trium.
508 2584 115 52 ergo
580 2584 72 52 a
609 2584 186 52 contrario
752 2584 100 52 cum
809 2584 115 52 tres
881 2584 172 52 personae
1010 2584 115 52 siue
1082 2584 158 52 diuinae
1197 2584 115 52 siue
1268 2584 158 52 creatae
1383 2584 115 52 sint
1455 2584 115 52 tres
1512 2584 115 52 aequa-

157 2636 110 60 les,
226 2636 110 60 tres
295 2636 165 60 similes,
419 2636 110 60 tres
487 2636 138 60 iidem:
584 2636 96 60 hoc
639 2636 96 60 non
694 2636 179 60 contingit
831 2636 110 60 nisi
900 2636 110 60 quia
969 2636 110 60 sunt
1038 2636 96 60 ibi
1093 2636 110 60 tres
1161 2636 234 60 aequalitates,
1354 2636 110 60 tres
1409 2636 220 60 similitudines.

158 2680 75 73 &
188 2680 120 73 tres
263 2680 241 73 identitates.
459 2680 120 73 ergo
519 2680 75 73 &c.
