2017 3235
110 293 139 83 vitam
202 293 217 83 politicam.
373 293 124 83 Vnde
450 293 217 83 subtractus
621 293 77 83 a
652 293 124 83 vita
729 293 186 83 politica
869 293 93 83 ad
915 293 294 83 contemplatiuam,
1163 293 170 83 morales
1287 293 124 83 siue
1365 293 201 83 politicas
1504 293 93 83 vir-

104 365 135 53 tutes
194 365 150 53 habere
299 365 105 53 non
359 365 180 53 dicitur.
493 365 105 53 Vir
553 365 120 53 enim
628 365 165 53 eremita
748 365 105 53 nec
808 365 135 53 bonus
898 365 120 53 est,
973 365 105 53 nec
1033 365 135 53 malus
1123 365 180 53 bonitate
1257 365 180 53 politica
1392 365 180 53 secundum
1512 365 75 53 con

111 409 167 62 mentat.
232 409 152 62 super.
338 409 106 62 ix.
399 409 258 62 metaphysicae,
611 409 136 62 quare
702 409 106 62 cum
763 409 121 62 deus
838 409 136 62 summe
929 409 106 62 est
990 409 288 62 contemplatiuus,
1232 409 121 62 ergo
1308 409 106 62 &c.
1369 409 76 62 ⁋
1399 409 152 62 Quarto
1490 409 91 62 sic.

114 450 168 59 secundum
240 450 224 59 philosophum.
422 450 98 59 vi.
478 450 196 59 Ethicorum,
632 450 98 59 non
688 450 98 59 est
744 450 154 59 moralis
857 450 140 59 virtus
955 450 112 59 sine
1025 450 196 59 prudentia.
1179 450 70 59 &
1207 450 168 59 secundum
1333 450 126 59 ipsum
1417 450 154 59 ibidem,
1515 450 70 59 pru

100 501 147 57 dentia
203 501 103 57 est
262 501 236 57 consiliatiua
454 501 88 57 de
498 501 103 57 eis
557 501 118 57 quae
630 501 118 57 sunt
704 501 88 57 ad
748 501 147 57 finem.
851 501 88 57 in
895 501 103 57 deo
954 501 132 57 autem
1042 501 103 57 non
1101 501 103 57 est
1160 501 206 57 consilium,
1322 501 132 57 quare
1410 501 88 57 in
1455 501 103 57 deo
1513 501 103 57 non

105 549 106 62 est
165 549 211 62 prudentia:
331 549 75 62 &
361 549 106 62 per
422 549 211 62 consequens
588 549 106 62 nec
648 549 151 62 aliqua
754 549 166 62 aliarum
875 549 181 62 virtutum
1010 549 196 62 moralium.
1161 549 75 62 ⁋
1192 549 211 62 Contrarium
1358 549 151 62 patet.
1448 549 136 62 quoniam

113 592 126 52 deus
192 592 173 52 dicitur
318 592 157 52 iustus
428 592 126 52 pius
506 592 79 52 &
538 592 220 52 huiusmodi:
710 592 126 52 quae
789 592 94 52 ad
836 592 189 52 virtutes
977 592 173 52 morales
1087 592 189 52 pertinent.

94 629 84 81 ⁋
128 629 202 81 Dicendum
280 629 101 81 ad
330 629 118 81 hoc
398 629 118 81 cum
465 629 118 81 eis
533 629 135 81 quae
617 629 152 81 dicta
718 629 135 81 sunt
803 629 101 81 de
853 629 219 81 habitibus
1022 629 101 81 in
1073 629 118 81 deo
1140 629 101 81 in
1191 629 253 81 praecedenti
1377 629 202 81 quaestione

107 695 75 67 &
137 695 90 67 in
182 695 254 67 quaestionibus
391 695 90 67 de
436 695 194 67 habitibus
585 695 224 67 intellectus
764 695 164 67 diuini:
883 695 119 67 quod
958 695 179 67 secundum
1092 695 179 67 superius
1227 695 224 67 determinata
1406 695 209 67 quaecunque

95 734 98 57 in
144 734 212 57 creaturis
306 734 195 57 secundum
453 734 114 57 sui
518 734 179 57 nominis
648 734 195 57 rationem
795 734 212 57 important
957 734 130 57 quod
1039 734 114 57 est
1104 734 260 57 perfectionis
1315 734 244 57 simpliciter
1494 734 98 57 sine

98 782 124 69 omni
175 782 170 69 ratione
299 782 294 69 imperfectionis,
547 782 93 69 in
593 782 108 69 deo
655 782 170 69 ponenda
779 782 139 69 sunt:
872 782 77 69 &
903 782 93 69 ab
950 782 124 69 ipso
1027 782 201 69 remouenda
1182 782 217 69 quaecunque
1353 782 186 69 rationem
1477 782 108 69 imper

98 830 193 67 fectionis
246 830 193 67 important
395 830 193 67 inquantum
543 830 208 67 huiusmodi:
706 830 104 67 ita
765 830 148 67 etiam,
869 830 119 67 quod
943 830 133 67 siqua
1032 830 193 67 important
1181 830 119 67 quod
1255 830 104 67 est
1314 830 237 67 perfectionis
1492 830 89 67 sima

96 879 184 54 pliciter
234 879 184 54 secundum
371 879 184 54 aliquid,
509 879 77 54 &
540 879 184 54 secundum
678 879 168 54 aliquid
800 879 138 54 aliud
892 879 291 54 imperfectionis,
1137 879 184 54 secundum
1275 879 138 54 illud
1367 879 123 54 quod
1443 879 138 54 habet
1520 879 61 54 ra

98 926 155 50 tionem
206 926 248 50 perfectionis
407 926 248 50 simpliciter,
608 926 93 50 in
655 926 108 50 deo
717 926 170 50 ponenda
841 926 139 50 sunt:
934 926 108 50 non
996 926 139 50 autem
1089 926 186 50 secundum
1228 926 93 50 id
1274 926 124 50 quod
1352 926 139 50 habet
1429 926 155 50 rationem

97 964 320 53 imperfectionis,
366 964 135 53 nisi
451 964 118 53 per
518 964 286 53 similitudinem
754 964 84 53 &
787 964 185 53 quandam
922 964 252 53 metaphoram.
1124 964 135 53 Vnde
1208 964 118 53 cum
1275 964 101 53 in
1326 964 236 53 virtutibus
1494 964 101 53 per-

97 1012 153 64 fectio
204 1012 76 64 &
234 1012 229 64 imperfectio
417 1012 260 64 considerantur
631 1012 92 64 ex
677 1012 137 64 parte
769 1012 137 64 finis
860 1012 122 64 siue
936 1012 183 64 obiecti:
1074 1012 76 64 &
1104 1012 92 64 ex
1150 1012 137 64 parte
1242 1012 183 64 actionis
1379 1012 122 64 quam
1440 1012 153 64 eliciunt

96 1059 154 61 quando
203 1059 169 61 ratione
326 1059 169 61 amborum
449 1059 108 61 vel
511 1059 185 61 alterius
649 1059 154 61 tantum
757 1059 262 61 perfectionem,
973 1059 108 61 vel
1034 1059 277 61 imperfectionem
1265 1059 215 61 important:
1434 1059 185 61 secundum

89 1108 144 60 modum
185 1108 112 60 quo
249 1108 256 60 perfectionem
457 1108 208 60 important
616 1108 112 60 deo
680 1108 160 60 debent
792 1108 208 60 attribui:
952 1108 80 60 &
984 1108 112 60 non
1048 1108 192 60 secundum
1192 1108 128 60 quod
1271 1108 208 60 important
1415 1108 160 60 imperfe-

101 1145 178 58 ctionem.
235 1145 74 58 ⁋
264 1145 104 58 Est
324 1145 148 58 igitur
427 1145 178 58 sciendum
561 1145 119 58 quod
635 1145 222 58 generaliter
813 1145 133 58 omnes
902 1145 163 58 morales
1021 1145 178 58 virtutes
1154 1145 178 58 secundum
1287 1145 119 58 quod
1362 1145 148 58 cadunt
1465 1145 89 58 in
1495 1145 89 58 vsum

100 1193 163 69 hominum,
223 1193 82 69 ad
264 1193 150 69 hominis
373 1193 150 69 actiuam
482 1193 123 69 vitam
563 1193 163 69 regendam
686 1193 191 69 pertinent:
835 1193 68 69 &
863 1193 177 69 inquantum
999 1193 177 69 huiusmodi
1135 1193 123 69 circa
1217 1193 109 69 vsum
1285 1193 231 69 particularium
1462 1193 123 69 bonorum

103 1240 121 62 quae
178 1240 91 62 ad
224 1240 242 62 necessitatem
420 1240 166 62 naturae
541 1240 166 62 humanae
662 1240 196 62 pertinent
813 1240 166 62 propter
934 1240 121 62 eius
1010 1240 287 62 imperfectionem:
1252 1240 76 62 &
1282 1240 91 62 in
1327 1240 106 62 hoc
1388 1240 181 62 rationem
1508 1240 76 62 im-

97 1285 253 52 perfectionis
302 1285 95 52 ex
350 1285 174 52 obiecto
476 1285 79 52 &
508 1285 126 52 actu
587 1285 110 52 suo
650 1285 221 52 important:
823 1285 189 52 secundum
965 1285 110 52 hoc
1029 1285 158 52 igitur
1139 1285 142 52 nulla
1234 1285 158 52 virtus
1344 1285 174 52 moralis
1455 1285 126 52 omnino

101 1336 91 58 in
146 1336 106 58 deo
207 1336 166 58 ponenda
327 1336 121 58 est.
403 1336 121 58 Vnde
478 1336 106 58 cum
539 1336 181 58 secundum
674 1336 181 58 Plotinum
810 1336 106 58 (vt
871 1336 166 58 scribit
991 1336 196 58 Macrobius
1142 1336 166 58 loquens
1263 1336 106 58 de.
1323 1336 136 58 iiii.
1399 1336 181 58 virtutibus

95 1369 276 70 tardinalibus,
322 1369 146 70 inter
419 1369 130 70 quas
500 1369 130 70 sunt
581 1369 130 70 tres
662 1369 195 70 morales,
808 1369 81 70 &
840 1369 211 70 prudentia
1002 1369 130 70 quae
1084 1369 113 70 est
1148 1369 146 70 earum
1246 1369 178 70 auriga)
1375 1369 178 70 quatuor
1489 1369 97 70 sunt

96 1420 221 65 quaternarum
273 1420 147 65 genera
376 1420 191 65 virtutum:
523 1420 74 65 &
553 1420 88 65 ex
597 1420 103 65 his
656 1420 147 65 primae
759 1420 191 65 politicae
906 1420 191 65 vocantur:
1054 1420 177 65 secundae
1186 1420 236 65 purgatoriae:
1378 1420 162 65 tertiae
1481 1420 103 65 animi

98 1466 108 57 iam
159 1466 186 57 purgati:
299 1466 170 57 quartae
422 1466 232 57 exemplares:
608 1466 77 57 &
639 1466 124 57 sunt
716 1466 201 57 Politicae
871 1466 155 57 quibus
980 1466 124 57 boni
1057 1466 124 57 viri
1134 1466 232 57 reipublicae
1320 1466 217 57 consulunt,
1475 1466 108 57 vrbes

98 1514 187 58 tuentur,
239 1514 187 58 parentes
379 1514 234 58 venerantur,
565 1514 171 58 liberos
690 1514 156 58 amant,
799 1514 187 58 proximos
939 1514 202 58 diligunt,
1095 1514 156 58 ciuium
1204 1514 171 58 salutem
1328 1514 218 58 gubernant:
1500 1514 78 58 &
1515 1514 78 58 cae

93 1559 131 55 tera
174 1559 131 55 quae
256 1559 213 55 enumerat:
420 1559 246 55 Purgatoriae
616 1559 131 55 vero
698 1559 131 55 sunt
780 1559 213 55 inquantum
944 1559 98 55 ab
993 1559 115 55 his
1058 1559 98 55 ad
1107 1559 164 55 diuina
1222 1559 164 55 animum
1337 1559 229 55 retrahunt:
1500 1559 82 55 Pur

94 1608 132 52 gati
176 1608 132 52 vero
258 1608 148 52 animi
357 1608 214 52 inquantum
522 1608 165 52 animum
638 1608 165 52 omnino
753 1608 181 52 innixum
885 1608 181 52 diuinis
1017 1608 99 52 ab
1067 1608 115 52 his
1133 1608 214 52 expeditum
1298 1608 181 52 tenent:
1430 1608 82 52 &
1463 1608 115 52 cum
1512 1608 66 52 in

94 1654 189 48 quolibet
236 1654 173 48 istorum
362 1654 142 48 trium
457 1654 173 48 generum
583 1654 110 48 vel
646 1654 205 48 positiue,
803 1654 110 48 vel
866 1654 221 48 abnegatiue
1039 1654 205 48 huiusmodi
1197 1654 252 48 particularia
1402 1654 95 48 vt
1433 1654 142 48 obiecta

86 1695 158 63 habent:
201 1695 158 63 Idcirco
316 1695 173 63 dicendum
446 1695 115 63 quod
518 1695 158 63 morales
633 1695 173 63 virtutes
762 1695 173 63 secundum
892 1695 115 63 quod
964 1695 115 63 sunt
1036 1695 202 63 politicae,
1194 1695 101 63 vel
1252 1695 230 63 purgatoriae,
1439 1695 101 63 vel
1482 1695 101 63 purga

99 1740 87 63 ti
142 1740 144 63 animi,
243 1740 87 63 in
286 1740 101 63 deo
344 1740 144 63 cadere
445 1740 101 63 non
503 1740 173 63 possunt:
633 1740 87 63 vt
676 1740 116 63 deus
748 1740 173 63 secundum
878 1740 116 63 ista
951 1740 116 63 tria
1023 1740 159 63 genera,
1138 1740 130 63 neque
1225 1740 159 63 fortis,
1341 1740 130 63 neque
1413 1740 173 63 temperans,

100 1787 127 50 neque
184 1787 155 50 iustus,
297 1787 127 50 neque
381 1787 155 50 prudens
494 1787 155 50 poterit
607 1787 113 50 dici
677 1787 113 50 nisi
747 1787 225 50 metaphorice.
930 1787 84 50 Et
973 1787 113 50 hoc,
1043 1787 113 50 quia
1113 1787 127 50 licet
1198 1787 141 50 dictae
1296 1787 169 50 virtutes
1423 1787 70 50 &
1437 1787 141 50 actiones

86 1825 135 71 circa
176 1825 120 71 quas
251 1825 135 71 sunt:
341 1825 105 71 vel
401 1825 165 71 aliquae
521 1825 135 71 earum
611 1825 180 71 secundum
746 1825 180 71 rationem
882 1825 105 71 sui
942 1825 180 71 generis,
1077 1825 105 71 non
1137 1825 105 71 qua
1197 1825 180 71 dicuntur
1332 1825 210 71 politicae,
1482 1825 90 71 pur-

88 1877 201 51 gatoriae,
242 1877 108 51 vel
304 1877 170 51 purgati
427 1877 154 51 animi:
535 1877 108 51 sed
597 1877 108 51 qua
658 1877 185 51 dicuntur
797 1877 216 51 prudentia,
967 1877 201 51 iustitia,
1121 1877 201 51 fortitudo
1275 1877 77 51 &
1306 1877 216 51 huiusmodi,
1476 1877 93 51 ex
1507 1877 77 51 re-

83 1922 104 63 bus
143 1922 164 63 humanis
262 1922 104 63 non
321 1922 208 63 dependent:
485 1922 74 63 &
515 1922 179 63 secundum
649 1922 104 63 hoc
708 1922 89 63 in
753 1922 104 63 deo
813 1922 149 63 cadere
917 1922 164 63 possunt
1036 1922 89 63 vt
1081 1922 104 63 iam
1140 1922 179 63 dicetur:
1274 1922 179 63 secundum
1408 1922 134 63 tamen
1483 1922 89 63 quod

89 1966 95 57 ad
137 1966 111 57 res
200 1966 174 57 humanas
327 1966 253 57 contrahuntur
533 1966 79 57 &
564 1966 285 57 determinantur:
802 1966 79 57 &
834 1966 111 57 per
897 1966 111 57 hoc
960 1966 95 57 ex
1008 1966 143 57 illis
1103 1966 206 57 specialem
1261 1966 190 57 rationem
1404 1966 174 57 generis
1515 1966 63 57 su

76 2009 137 57 munt:
167 2009 91 57 vt
213 2009 183 57 dicantur
350 2009 213 57 politicae,
518 2009 244 57 purgatoriae,
716 2009 107 57 vel
777 2009 168 57 purgati
898 2009 152 57 animi:
1005 2009 229 57 quemadmodum
1188 2009 152 57 curuum
1295 2009 107 57 per
1355 2009 107 57 hoc
1416 2009 122 57 quod
1477 2009 107 57 habet

73 2056 113 51 esse
143 2056 85 51 in
186 2056 127 51 naso,
271 2056 127 51 habet
355 2056 184 51 rationem.
497 2056 127 51 simi:
581 2056 127 51 nullo
666 2056 113 51 modo
737 2056 141 51 habent
836 2056 113 51 esse
906 2056 85 51 in
949 2056 113 51 deo,
1019 2056 127 51 neque
1104 2056 141 51 debent
1203 2056 85 51 ei
1245 2056 184 51 attribui:
1386 2056 99 51 sed
1429 2056 141 51 secundum

83 2104 118 57 quod
157 2104 222 57 accipiuntur
334 2104 89 57 vt
379 2104 103 57 non
438 2104 236 57 determinatae
630 2104 89 57 ad
674 2104 236 57 particulares
866 2104 177 57 rationes
999 2104 103 57 aut
1058 2104 192 57 passiones
1206 2104 177 57 humanas,
1339 2104 103 57 sed
1383 2104 192 57 generaliter

76 2160 97 54 ad
124 2160 226 54 quaecunque
302 2160 242 54 applicanda:
496 2160 113 54 hoc
560 2160 129 54 modo
641 2160 210 54 solummodo
802 2160 129 54 vere
883 2160 161 54 habent
996 2160 129 54 esse
1077 2160 97 54 in
1125 2160 129 54 deo:
1206 2160 81 54 &
1238 2160 194 54 dicuntur
1367 2160 210 54 vniuersales

84 2196 73 61 &
114 2196 205 61 exemplares
275 2196 176 61 respectu
407 2196 161 61 illarum
524 2196 117 61 quae
598 2196 147 61 cadunt
700 2196 88 61 in
744 2196 117 61 vsum
818 2196 176 61 humanum:
949 2196 73 61 &
979 2196 132 61 quasi
1067 2196 147 61 siuunt
1169 2196 132 61 istae
1257 2196 88 61 ab
1301 2196 147 61 illis,
1404 2196 132 61 sicut
1492 2196 88 61 ab
1521 2196 59 61 ar

71 2234 254 55 chitectonica
278 2234 207 55 abstracta
437 2234 143 55 fluit
532 2234 175 55 vsualis
659 2234 95 55 ad
707 2234 191 55 materiam
850 2234 254 55 determinatam
1057 2234 223 55 applicata.
1231 2234 127 55 Vnde
1311 2234 143 55 dicit
1390 2234 191 55 Macrobius.

96 2282 151 56 uartae
202 2282 121 56 sunt
277 2282 121 56 quae
353 2282 91 56 in
398 2282 121 56 ipsa
474 2282 136 56 mente
564 2282 151 56 diuina
670 2282 227 56 consistunt:
852 2282 76 56 a
882 2282 151 56 quarum
988 2282 166 56 exemplo
1108 2282 181 56 reliquae
1245 2282 136 56 omnes
1335 2282 106 56 per
1396 2282 166 56 ordinem
1501 2282 76 56 de-

88 2315 164 65 suunt:
203 2315 197 65 secundum
351 2315 132 65 quod
433 2315 148 65 magis
532 2315 82 65 &
565 2315 148 65 minus
663 2315 280 65 determinantur
894 2315 263 65 passionibus.
1107 2315 132 65 Vnde
1190 2315 197 65 secundum
1338 2315 115 65 hoc
1387 2315 181 65 Macrobius

83 2380 193 59 assignans
232 2380 178 59 dictarum
365 2380 163 59 quatuor
484 2380 163 59 generum
603 2380 252 59 differentias,
810 2380 134 59 dicit
899 2380 119 59 sic.
973 2380 193 59 Passiones
1122 2380 178 59 vocantur
1255 2380 119 59 quod
1330 2380 163 59 homines
1433 2380 134 59 metuunt

99 2424 160 65 cupiunt
216 2424 189 65 dolentque
361 2424 218 65 gaudentque.
535 2424 102 65 Has
593 2424 145 65 primae
694 2424 189 65 molliunt:
840 2424 174 65 secundae
970 2424 189 65 auferunt:
1115 2424 160 65 tertiae
1231 2424 261 65 obliuiscuntur:
1449 2424 87 65 in
1478 2424 87 65 quar

102 2465 100 64 tis
159 2465 128 64 nefas
244 2465 100 64 est
301 2465 185 64 nominari.
444 2465 100 64 Est
501 2465 114 64 ergo
572 2465 171 64 iustitia
701 2465 86 64 in
744 2465 114 64 deo,
815 2465 114 64 quae
886 2465 200 64 distribuit
1043 2465 185 64 vnicuique
1186 2465 114 64 quod
1257 2465 114 64 suum
1329 2465 100 64 est
1386 2465 100 64 pro
1428 2465 143 64 qualita-

103 2510 91 52 te
148 2510 152 52 gradus
255 2510 168 52 naturae
377 2510 76 52 &
408 2510 198 52 meritorum
560 2510 91 52 in
606 2510 122 52 toto
682 2510 152 52 mundo.
789 2510 183 52 lustitia
926 2510 122 52 vero
1002 2510 91 52 in
1048 2510 152 52 homine
1154 2510 122 52 quae
1231 2510 213 52 distribuit
1398 2510 137 52 circa
1475 2510 91 52 hono

118 2557 112 56 res
182 2557 80 56 &
214 2557 207 56 pecunias,
373 2557 80 56 &
405 2557 207 56 huiusmodi
565 2557 112 56 res
628 2557 255 56 particulares
836 2557 128 56 quae
915 2557 96 56 in
963 2557 128 56 vsum
1043 2557 128 56 suum
1123 2557 175 56 cadunt,
1250 2557 207 56 vnicuique
1410 2557 128 56 quod
1473 2557 96 56 suum

120 2604 123 61 est.
197 2604 77 61 &
227 2604 108 61 sic
289 2604 92 61 de
335 2604 138 61 aliis
427 2604 154 61 tribus
535 2604 108 61 suo
597 2604 138 61 modo.
689 2604 92 61 Et
735 2604 108 61 sic
797 2604 185 61 secundum
935 2604 185 61 rationem
1074 2604 108 61 sui
1135 2604 169 61 generis
1258 2604 138 61 omnes
1351 2604 169 61 morales
1458 2604 108 61 virtu

125 2639 102 75 tes
184 2639 88 75 in
228 2639 102 75 deo
286 2639 219 75 inueniuntur
461 2639 190 75 inquantum
607 2639 219 75 exemplares:
782 2639 73 75 &
812 2639 73 75 a
841 2639 263 75 particularibus
1060 2639 219 75 passionibus
1235 2639 73 75 &
1264 2639 131 75 rebus
1352 2639 204 75 cadentibus
1513 2639 88 75 in

141 2688 110 59 vsum
210 2688 152 59 hominum
321 2688 235 59 abstrahuntur:
514 2688 97 59 non
569 2688 179 59 inquantum
707 2688 110 59 sunt
776 2688 193 59 politicae,
927 2688 124 59 neque
1010 2688 207 59 purgatorae,
1176 2688 124 59 neque
1259 2688 152 59 purgati
1369 2688 138 59 animi,
1465 2688 124 59 neque

138 2741 185 47 inquantum
280 2741 199 47 exercitium
437 2741 128 47 earum
522 2741 100 47 est
579 2741 85 47 in
622 2741 214 47 passionibus
793 2741 71 47 &
821 2741 128 47 rebus
907 2741 256 47 particularibus
1120 2741 85 47 ad
1163 2741 114 47 vsum
1234 2741 171 47 hominium
1348 2741 214 47 pertinentibus

143 2773 82 84 Et
184 2773 123 84 sicut
267 2773 96 84 est
321 2773 82 84 de
362 2773 123 84 ipsis
445 2773 164 84 secundum
568 2773 164 84 rationem
691 2773 96 84 sui
746 2773 164 84 generis,
869 2773 96 84 sic
924 2773 96 84 est
979 2773 82 84 de
1020 2773 123 84 ipsis
1102 2773 164 84 secundum
1225 2773 164 84 rationes
1348 2773 137 84 suarum
1430 2773 151 84 specierum
