2017 3261
448 281 116 79 quae
521 281 87 79 in
565 281 102 79 deo
623 281 145 79 cadunt
724 281 189 79 inquantum
870 281 116 79 sunt
942 281 203 79 exemplares
1102 281 73 79 &
1131 281 218 79 abstractae,
1305 281 102 79 non
1363 281 131 79 autem
1450 281 189 79 inquantum
1596 281 116 79 sunt
1668 281 203 79 exemplatae
1828 281 73 79 &
1842 281 73 79 par

443 353 229 54 ticularibus
626 353 214 54 actionibus
794 353 260 54 determinatae.
1008 353 122 54 Vnde
1084 353 168 54 species
1206 353 137 54 illae
1298 353 183 54 virtutum
1435 353 183 54 moralium
1573 353 122 54 quae
1649 353 183 54 nominant
1771 353 153 54 virtutem

443 397 104 52 sub
502 397 118 52 esse
576 397 104 52 quo
635 397 222 52 determinata
813 397 104 52 est
872 397 207 52 actionibus
1035 397 266 52 particularibus
1257 397 133 52 circa
1345 397 192 52 passiones
1493 397 104 52 aut
1552 397 104 52 res
1611 397 237 52 particulares
1789 397 133 52 hominum

439 439 199 56 inquantum
592 439 215 56 huiusmodi,
761 439 138 56 nullo
853 439 123 56 modo
930 439 123 56 poni
1006 439 153 56 debent
1114 439 92 56 in
1160 439 123 56 deo:
1237 439 107 56 nec
1298 439 123 56 sunt
1375 439 184 56 secundum
1513 439 199 56 veritatem
1666 439 92 56 in
1712 439 138 56 ipso.
1804 439 107 56 Est
1850 439 77 56 igi

446 487 106 53 tur
507 487 197 53 sciendum:
658 487 121 53 quod
734 487 91 53 in
780 487 212 53 virtutibus
947 487 152 53 tribus
1053 487 197 53 moralibus
1205 487 167 53 quoddam
1326 487 137 53 genus
1417 487 106 53 est
1478 487 137 53 magis
1569 487 167 53 proprie
1690 487 91 53 in
1736 487 121 53 deo:
1812 487 76 53 &
1827 487 91 53 quod

449 532 101 52 dam
506 532 130 52 minus
593 532 174 52 proprie.
724 532 87 52 Et
767 532 188 52 similiter
912 532 87 52 de
955 532 188 52 speciebus
1100 532 130 52 vnius
1187 532 188 52 virtutis:
1332 532 101 52 vna
1390 532 130 52 magis
1477 532 159 52 proprie
1593 532 101 52 est
1651 532 87 52 in
1694 532 116 52 ipso
1767 532 116 52 quam
1825 532 101 52 alia.

456 578 86 58 Ad
499 578 129 58 cuius
585 578 215 58 intellectum
756 578 186 58 sciendum,
899 578 115 58 quod
971 578 86 58 in
1014 578 172 58 qualibet
1143 578 157 58 virtute
1257 578 115 58 tria
1329 578 258 58 considerantur:
1544 578 172 58 secundum
1672 578 115 58 quae
1744 578 157 58 dicitur
1844 578 86 58 esse

447 622 84 54 in
489 622 153 54 aliquo:
601 622 167 54 scilicet
726 622 195 54 substantia
880 622 167 54 habitus,
1005 622 126 54 actus
1089 622 126 54 eius,
1173 622 70 54 &
1200 622 181 54 obiectum.
1340 622 84 54 Et
1382 622 98 54 est
1438 622 84 54 in
1480 622 167 54 iustitia
1605 622 195 54 substantia
1759 622 153 54 habitus
1870 622 84 54 in

443 673 182 57 quocunque
583 673 112 57 sit,
653 673 112 57 siue
723 673 98 57 sit
779 673 210 57 exemplaris,
948 673 112 57 siue
1018 673 154 57 purgati
1130 673 140 57 animi,
1228 673 112 57 siue
1298 673 210 57 purgatoria,
1466 673 112 57 siue
1536 673 182 57 politica,
1677 673 168 57 aequitas
1789 673 126 57 quaedem

446 714 87 56 in
489 714 203 56 voluntate:
648 714 101 56 qua
706 714 174 56 voluntas
837 714 101 56 per
895 714 232 56 aequalitatem
1083 714 232 56 proportionis
1271 714 217 56 geometricae
1445 714 101 56 aut
1503 714 232 56 arithmeticae
1691 714 87 56 se
1735 714 130 56 habet
1822 714 87 56 ad
1851 714 72 56 il-

443 760 83 52 la
485 760 125 52 circa
568 760 111 52 quae
637 760 69 52 &
665 760 83 52 in
706 760 138 52 quibus
803 760 125 52 habet
886 760 180 52 exerceri.
1024 760 83 52 In
1066 760 208 52 fortitudine
1232 760 111 52 vero
1301 760 194 52 substantia
1453 760 166 52 habitus,
1578 760 97 52 est
1633 760 125 52 vigor
1716 760 138 52 quidam
1813 760 111 52 siue
1869 760 55 52 ro

443 807 103 62 bur
502 807 103 62 quo
561 807 177 62 voluntas
694 807 207 62 firmitatem
857 807 133 62 habet
946 807 89 62 in
990 807 118 62 suis
1064 807 177 62 actibus.
1197 807 89 62 In
1241 807 222 62 temperantia
1419 807 118 62 vero
1492 807 103 62 est
1552 807 207 62 substantia
1714 807 163 62 habitus
1818 807 103 62 puri-

443 854 106 49 tas
503 854 166 49 quaedam
624 854 106 49 qua
684 854 196 49 voluntati
835 854 196 49 complacet
986 854 106 49 non
1047 854 121 49 nisi
1122 854 91 49 in
1167 854 136 49 puris
1258 854 75 49 &
1288 854 151 49 mundis
1394 854 181 49 actibus:
1530 854 75 49 &
1560 854 136 49 circa
1650 854 121 49 pura
1726 854 75 49 &
1756 854 136 49 munda
1831 854 91 49 vaga

444 899 107 58 ri.
505 899 137 58 Actus
596 899 122 58 vero
672 899 76 58 &
703 899 183 58 obiecta:
839 899 107 58 aut
900 899 183 58 secundum
1037 899 244 58 substantiam,
1235 899 107 58 aut
1296 899 183 58 secundum
1433 899 137 58 modum
1524 899 213 58 differunt:
1692 899 91 58 vt
1737 899 122 58 sunt
1813 899 91 58 in
1844 899 76 58 di-

447 947 158 49 uersis:
562 947 72 49 &
591 947 86 49 vt
634 947 115 49 sunt
706 947 216 49 exemplares,
879 947 158 49 purgati
994 947 144 49 animi,
1095 947 216 49 purgatorii,
1268 947 72 49 &
1296 947 187 49 politici.
1469 947 86 49 Si
1512 947 144 49 igitur
1613 947 158 49 loqemur
1728 947 86 49 de
1772 947 144 49 dictis
1858 947 72 49 vir

443 1001 164 54 tutibus
563 1001 105 54 quo
622 1001 90 54 ad
667 1001 224 54 substantiam
846 1001 179 54 habitus:
981 1001 164 54 dicimus
1100 1001 120 54 quod
1175 1001 164 54 proprie
1295 1001 149 54 habent
1399 1001 120 54 esse
1474 1001 90 54 in
1519 1001 105 54 deo
1578 1001 75 54 &
1608 1001 90 54 in
1653 1001 149 54 diuina
1758 1001 194 54 voluntate
1892 1001 45 54 &

440 1043 271 56 perfectissime:
666 1043 120 56 quia
741 1043 180 56 voluntas
876 1043 120 56 eius
951 1043 135 56 summa
1042 1043 180 56 aequitas
1177 1043 105 56 est
1237 1043 180 56 secundum
1372 1043 211 56 iustitiam:
1538 1043 120 56 quia
1613 1043 150 56 Lustus
1718 1043 165 56 dominus
1839 1043 75 56 &
1854 1043 75 56 iu-

448 1084 165 47 stitias
568 1084 180 47 dilexit:
703 1084 210 47 aequitatem
869 1084 135 47 vidit
959 1084 150 47 vultus
1064 1084 135 47 eius.
1154 1084 105 47 Est
1214 1084 135 47 etiam
1304 1084 150 47 summus
1409 1084 150 47 vigor,
1514 1084 120 47 siue
1590 1084 135 47 robur
1680 1084 180 47 secundum
1800 1084 135 47 fortitu

446 1127 145 52 dinem:
548 1127 174 52 secundum
679 1127 131 52 illud
766 1127 116 52 lob.
838 1127 102 52 ix.
896 1127 160 52 Sapiens
1012 1127 131 52 corde
1099 1127 73 52 &
1128 1127 145 52 fortis
1230 1127 160 52 robore.
1346 1127 102 52 Est
1404 1127 131 52 etiam
1491 1127 131 52 summa
1578 1127 174 52 puritas.
1709 1127 174 52 secundum
1839 1127 131 52 illud

448 1167 110 76 lob.
517 1167 124 76 iiii.
599 1167 151 76 Nunquod
709 1167 110 76 homo
778 1167 96 76 dei
833 1167 220 76 comparatione
1011 1167 261 76 iustificabitur:
1231 1167 96 76 aut
1286 1167 151 76 factore
1396 1167 96 76 suo
1451 1167 137 76 purior
1547 1167 110 76 erit
1615 1167 110 76 vir:
1684 1167 82 76 Et
1725 1167 96 76 sic
1766 1167 179 76 perfectissi

439 1223 100 61 me
489 1223 83 61 &
523 1223 150 61 summe
623 1223 133 61 sunt
706 1223 100 61 in
756 1223 150 61 summo
856 1223 217 61 inquantum
1023 1223 133 61 sunt
1107 1223 250 61 exemplares:
1307 1223 167 61 deinde
1424 1223 100 61 in
1474 1223 150 61 primo
1574 1223 150 61 gradu
1674 1223 184 61 subtus:
1791 1223 150 61 inquan-

445 1265 112 52 tum
509 1265 129 52 sunt
590 1265 177 52 purgati
718 1265 161 52 animi:
831 1265 80 52 &
863 1265 96 52 in
911 1265 177 52 secundo
1039 1265 80 52 &
1071 1265 145 52 medio
1168 1265 145 52 gradu
1264 1265 209 52 inquantum
1425 1265 129 52 sunt
1505 1265 257 52 purgatoriae:
1714 1265 80 52 &
1746 1265 96 52 in
1794 1265 161 52 tertio
1891 1265 48 52 &

442 1305 152 71 infimo
548 1305 137 71 gradu
640 1305 198 71 inquantum
792 1305 122 71 sunt
868 1305 213 71 politicae.
1036 1305 91 71 Et
1082 1305 107 71 est
1143 1305 107 71 hic
1204 1305 244 71 aduertendum,
1402 1305 122 71 quod
1478 1305 183 71 virtutes
1615 1305 91 71 in
1661 1305 107 71 deo
1721 1305 183 71 dicuntur
1843 1305 107 71 exem-

457 1358 158 46 plares:
572 1358 101 46 non
629 1358 115 46 quia
701 1358 115 46 sunt
773 1358 129 46 ideae
859 1358 173 46 virtutum
989 1358 173 46 aliarum:
1118 1358 86 46 vt
1162 1358 101 46 non
1219 1358 173 46 dicantur
1349 1358 115 46 esse
1421 1358 173 46 virtutes
1550 1358 86 46 in
1593 1358 101 46 deo
1651 1358 115 46 nisi
1723 1358 115 46 quia
1795 1358 144 46 habent
1895 1358 86 46 in

440 1404 108 48 deo
501 1404 216 48 exemplares
671 1404 154 48 ideas:
779 1404 231 48 quemadmodum
964 1404 77 48 &
994 1404 139 48 aliae
1087 1404 123 48 res:
1164 1404 231 48 quemadmodum
1349 1404 170 48 videtur
1472 1404 170 48 sentire
1596 1404 200 48 Macrobius
1750 1404 170 48 probans
1858 1404 92 48 vir-

445 1445 130 67 tutes
531 1445 202 67 exemplares
690 1445 115 67 esse
762 1445 87 67 in
805 1445 101 67 deo
863 1445 101 67 per
920 1445 101 67 hoc
978 1445 115 67 quod
1050 1445 173 67 virtutes
1180 1445 130 67 illae
1266 1445 115 67 quae
1338 1445 115 67 sunt
1411 1445 87 67 in
1454 1445 187 67 creaturis
1598 1445 130 67 ideas
1684 1445 202 67 exemplares
1829 1445 115 67 habent

444 1498 82 65 in
485 1498 96 65 deo
540 1498 123 65 sicut
622 1498 68 65 &
650 1498 123 65 aliae
732 1498 110 65 res,
800 1498 96 65 cum
855 1498 137 65 dicit.
951 1498 151 65 Quartae
1061 1498 82 65 in
1102 1498 110 65 ipsa
1170 1498 123 65 mente
1252 1498 137 65 diuina
1348 1498 205 65 consistunt.
1512 1498 96 65 Nam
1567 1498 82 65 si
1608 1498 123 65 rerum
1691 1498 164 65 aliarum,
1814 1498 123 65 multo
1882 1498 55 65 ma

443 1546 98 64 gis
499 1546 168 64 virtutum
625 1546 126 64 ideas
709 1546 112 64 esse
779 1546 84 64 in
821 1546 126 64 mente
905 1546 140 64 diuina
1003 1546 182 64 credendum
1143 1546 98 64 est
1199 1546 140 64 illic.
1297 1546 98 64 Sed
1353 1546 168 64 virtutes
1479 1546 84 64 in
1521 1546 98 64 deo
1577 1546 168 64 dicuntur
1703 1546 210 64 exemplares:
1857 1546 84 64 quem

440 1592 168 61 admodum
562 1592 198 61 superiora
715 1592 76 61 &
745 1592 229 61 perfectiora
928 1592 92 61 in
974 1592 137 61 rerum
1066 1592 153 61 natura
1173 1592 122 61 sunt
1249 1592 214 61 exemplaria
1417 1592 137 61 eorum
1508 1592 122 61 quae
1585 1592 122 61 sunt
1661 1592 198 61 inferiora
1814 1592 76 61 &
1829 1592 107 61 minus

444 1636 184 59 perfecta:
585 1636 113 59 quia
656 1636 113 59 illa
727 1636 113 59 quae
797 1636 113 59 sunt
868 1636 198 59 superiora,
1024 1636 156 59 virtute
1137 1636 184 59 continent
1278 1636 170 59 quicquod
1406 1636 99 59 est
1462 1636 85 59 in
1505 1636 240 59 inferioribus,
1703 1636 71 59 &
1731 1636 170 59 amplius.
1858 1636 71 59 &
1872 1636 71 59 ex-

438 1683 149 63 tendit
542 1683 89 63 se
587 1683 134 63 actio
676 1683 179 63 superior
810 1683 89 63 ad
855 1683 179 63 actiones
989 1683 223 63 inferiorum:
1168 1683 74 63 &
1198 1683 89 63 ad
1242 1683 179 63 amplius.
1376 1683 119 63 Quod
1451 1683 134 63 patet
1540 1683 89 63 in
1585 1683 164 63 homine:
1704 1683 104 63 qui
1763 1683 134 63 habet
1853 1683 74 63 a
1868 1683 74 63 for

451 1728 87 56 ma
494 1728 101 56 sua
552 1728 130 56 esse,
638 1728 159 56 viuere,
753 1728 173 56 sentire,
883 1728 72 56 &
912 1728 231 56 intelligere:
1099 1728 72 56 &
1128 1728 87 56 in
1171 1728 130 56 primo
1258 1728 202 56 communicat
1417 1728 101 56 cum
1474 1728 202 56 inaniatis:
1633 1728 87 56 in
1676 1728 159 56 secundo
1791 1728 101 56 cum
1835 1728 115 56 arbori

444 1776 115 55 bus:
516 1776 86 55 in
559 1776 144 55 tertio
659 1776 101 55 cum
717 1776 158 55 brutis:
832 1776 72 55 &
860 1776 86 55 in
904 1776 144 55 quarto
1004 1776 115 55 quid
1076 1776 101 55 est
1134 1776 115 55 sibi
1206 1776 187 55 proprium,
1349 1776 129 55 omnia
1436 1776 158 55 excedit
1551 1776 216 55 corporalia:
1723 1776 86 55 vt
1766 1776 101 55 sic
1824 1776 115 55 homo
1881 1776 72 55 sit

443 1820 143 61 ratio
538 1820 79 61 &
570 1820 174 61 mensura
697 1820 159 61 omnium
808 1820 238 61 corporalium
998 1820 79 61 &
1030 1820 190 61 exemplar
1173 1820 95 61 ad
1220 1820 127 61 quod
1300 1820 127 61 sunt
1379 1820 127 61 alia
1458 1820 222 61 exemplata:
1633 1820 238 61 quemadmodum
1807 1820 143 61 vniuer-

435 1866 178 50 saliter
564 1866 97 50 in
613 1866 146 50 rerum
710 1866 162 50 natura
823 1866 146 50 magis
921 1866 178 50 nobilia
1050 1866 81 50 &
1083 1866 211 50 superiora
1244 1866 97 50 in
1293 1866 146 50 gradu
1390 1866 178 50 naturae
1520 1866 130 50 sunt
1601 1866 227 50 exemplaria
1763 1866 194 50 inferiorum

446 1914 74 51 &
476 1914 134 51 minus
565 1914 194 51 nobilium.
714 1914 89 51 Vt
759 1914 104 51 sic
818 1914 179 51 virtutes
952 1914 164 51 ponamus
1071 1914 89 51 in
1116 1914 104 51 deo
1176 1914 104 51 non
1235 1914 164 51 tanquam
1354 1914 134 51 ideas
1444 1914 89 51 in
1488 1914 149 51 diuina
1593 1914 208 51 sapientia:
1756 1914 223 51 quemadmodum

445 1961 89 52 in
490 1961 89 52 ea
534 1961 119 52 sunt
608 1961 133 52 omnes
697 1961 208 52 creaturae:
860 1961 119 52 quod
935 1961 133 52 tamen
1024 1961 163 52 videtur
1142 1961 163 52 sentire
1261 1961 193 52 Macrobius
1409 1961 89 52 vt
1454 1961 148 52 dictum
1557 1961 119 52 est:
1632 1961 104 52 nec
1691 1961 163 52 tanquam
1795 1961 148 52 rationes

447 2004 248 63 perfectionales
654 2004 83 63 in
695 2004 110 63 eius
764 2004 179 63 essentia:
902 2004 110 63 quod
970 2004 165 63 videntur
1094 2004 151 63 sentire
1205 2004 138 63 aliqui
1301 2004 179 63 dicentes,
1439 2004 110 63 quod
1507 2004 124 63 sicut
1590 2004 138 63 diuina
1686 2004 179 63 perfectio
1810 2004 138 63 continet

443 2052 138 61 omnium
540 2052 234 61 perfectiones,
732 2052 96 61 sic
787 2052 69 61 &
815 2052 138 61 diuina
911 2052 151 61 bonitas
1022 2052 138 61 omnium
1118 2052 193 61 bonitates:
1269 2052 69 61 &
1297 2052 110 61 ideo
1366 2052 96 61 cum
1421 2052 165 61 virtutes
1545 2052 151 61 quaedam
1655 2052 179 61 bonitates
1793 2052 124 61 sunt,
1861 2052 83 61 opor

450 2100 99 61 tet
506 2100 155 61 diuinam
619 2100 183 61 bonitatem
760 2100 127 61 omnes
845 2100 169 61 virtutes
971 2100 85 61 in
1014 2100 85 61 se
1056 2100 197 61 continere:
1211 2100 99 61 sed
1267 2100 155 61 tanquam
1380 2100 169 61 rationes
1507 2100 226 61 attributales
1690 2100 85 61 in
1733 2100 113 61 eius
1789 2100 155 61 voluntate

440 2145 114 63 lsta
511 2145 114 63 enim
582 2145 142 63 multum
682 2145 199 63 differunt:
839 2145 85 63 vt
881 2145 128 63 alias
967 2145 128 63 visum
1052 2145 100 63 est
1109 2145 85 63 in
1152 2145 142 63 quadam
1252 2145 199 63 quaestione
1409 2145 85 63 de
1451 2145 185 63 quolibet,
1594 2145 71 63 &
1622 2145 128 63 adhuc
1708 2145 185 63 videbitur
1836 2145 114 63 infra.

448 2192 92 61 Si
494 2192 153 61 igitur
601 2192 260 61 considerentur
815 2192 168 61 habitus
938 2192 168 61 morales
1060 2192 184 61 secundum
1198 2192 230 61 substantiam
1382 2192 199 61 habituum,
1535 2192 168 61 dicimus
1657 2192 184 61 secundum
1795 2192 107 61 iam
1841 2192 107 61 dicta

451 2237 123 59 quod
528 2237 123 59 sunt
605 2237 169 59 proprie
728 2237 92 59 in
774 2237 123 59 deo:
851 2237 77 59 &
882 2237 277 59 perfectissime:
1113 2237 77 59 &
1143 2237 246 59 vniformiter:
1344 2237 77 59 &
1374 2237 185 59 secundum
1513 2237 185 59 rationes
1651 2237 185 59 generum,
1790 2237 77 59 &
1805 2237 139 59 simili-

446 2285 103 48 ter
505 2285 176 48 secundum
637 2285 176 48 rationes
769 2285 147 48 omnium
872 2285 205 48 specierum,
1033 2285 117 48 quae
1106 2285 103 48 suo
1165 2285 147 48 nomine
1267 2285 103 48 non
1326 2285 220 48 determinant
1502 2285 132 48 actus
1590 2285 103 48 aut
1649 2285 161 48 obiecta
1766 2285 103 48 deo
1825 2285 103 48 non
1869 2285 73 48 con

451 2329 202 63 gruentia.
607 2329 186 63 secundum
747 2329 124 63 quod
824 2329 109 63 iam
886 2329 218 63 videbitur.
1057 2329 93 63 Si
1104 2329 124 63 vero
1182 2329 186 63 loquamur
1322 2329 93 63 de
1368 2329 218 63 virtutibus
1539 2329 218 63 moralibus:
1710 2329 109 63 quo
1772 2329 93 63 ad
1803 2329 140 63 ipsarum

436 2382 139 54 actus
528 2382 77 54 &
559 2382 185 54 obiecta:
698 2382 108 54 sic
759 2382 185 54 dicimus,
898 2382 123 54 quod
975 2382 108 54 non
1037 2382 231 54 vniformiter
1222 2382 123 54 sunt
1299 2382 92 54 in
1345 2382 108 54 deo
1407 2382 77 54 &
1437 2382 92 54 in
1484 2382 154 54 aliis:
1592 2382 123 54 immo
1669 2382 185 54 secundum
1792 2382 154 54 rationem

451 2427 152 56 generis
562 2427 97 56 vna
617 2427 83 56 in
659 2427 97 56 deo
714 2427 97 56 est
769 2427 124 56 magis
852 2427 152 56 proprie
963 2427 111 56 quam
1032 2427 124 56 alia:
1115 2427 69 56 &
1142 2427 97 56 sub
1198 2427 124 56 eodem
1281 2427 138 56 genere
1377 2427 166 56 virtutis
1502 2427 97 56 vna
1557 2427 152 56 species
1668 2427 124 56 magis
1750 2427 152 56 proprie
1861 2427 111 56 quam

438 2469 127 52 alia.
551 2469 85 52 Ad
593 2469 127 52 cuius
678 2469 212 52 intellectum
847 2469 183 52 sciendum,
988 2469 113 52 quod
1059 2469 169 52 iustitia
1186 2469 169 52 secundum
1313 2469 127 52 actum
1398 2469 127 52 suum,
1482 2469 99 52 qui
1539 2469 99 52 est
1595 2469 183 52 vnicuique
1736 2469 113 52 dare
1807 2469 113 52 quod
1863 2469 85 52 suum

446 2520 111 51 est,
516 2520 223 51 propriissime
697 2520 84 51 in
739 2520 98 51 deo
794 2520 111 51 est:
864 2520 70 51 &
892 2520 153 51 differt
1003 2520 223 51 generalitate
1185 2520 84 51 ab
1226 2520 139 51 humana
1324 2520 181 51 iustitia:
1463 2520 111 51 quia
1533 2520 139 51 humana
1631 2520 167 51 iustitia
1756 2520 181 51 contracta
1881 2520 70 51 est

444 2556 85 69 ad
486 2556 99 69 res
543 2556 184 69 humnanas:
684 2556 71 69 &
712 2556 85 69 ex
755 2556 127 69 illis
840 2556 155 69 speciem
953 2556 170 69 accipit,
1080 2556 212 69 quemadmodum
1249 2556 170 69 curuitas
1377 2556 85 69 in
1419 2556 113 69 naso
1490 2556 85 69 in
1532 2556 99 69 quo
1589 2556 113 69 est,
1659 2556 155 69 accipit
1772 2556 155 69 speciem
1871 2556 85 69 simi

443 2612 141 58 tatis.
542 2612 141 58 Diuina
641 2612 113 58 vero
712 2612 170 58 iustitia
839 2612 212 58 incontracta
1009 2612 99 58 est
1065 2612 71 58 &
1093 2612 170 58 absoluta
1221 2612 71 58 &
1249 2612 99 58 sua
1306 2612 156 58 actione
1419 2612 85 58 ad
1461 2612 127 58 omnia
1546 2612 85 58 se
1588 2612 184 58 extendit.
1730 2612 99 58 Nam
1786 2612 127 58 sicut
1857 2612 85 58 huma

439 2656 91 68 na
484 2656 183 68 iustitia
621 2656 137 68 regit
713 2656 137 68 regna
804 2656 198 68 ciuitates
956 2656 76 68 &
987 2656 137 68 domos
1078 2656 183 68 secundum
1215 2656 91 68 ea
1261 2656 122 68 quae
1337 2656 152 68 cadunt
1444 2656 91 68 in
1489 2656 122 68 vsum
1565 2656 198 68 hominium:
1718 2656 107 68 sic
1779 2656 152 68 diuina
1870 2656 76 68 iu-

435 2694 162 70 stitia
548 2694 146 70 regit
645 2694 210 70 vniuersum
807 2694 162 70 mundum
920 2694 194 70 secundum
1066 2694 146 70 omnia
1163 2694 227 70 quaecumque
1341 2694 194 70 habentur
1487 2694 97 70 in
1535 2694 227 70 creaturis.
1713 2694 129 70 Vnde
1778 2694 178 70 Augustinu

444 2744 98 60 nus
500 2744 167 60 exponens
625 2744 125 60 illud
709 2744 153 60 psalmi.
821 2744 112 60 vii.
890 2744 195 60 Confitebor
1044 2744 139 60 domino
1141 2744 167 60 secundum
1267 2744 181 60 iustitiam
1406 2744 125 60 eius,
1490 2744 139 60 dicit.
1587 2744 98 60 Qui
1643 2744 125 60 videt
1727 2744 139 60 merita
1811 2744 139 60 animarum

452 2791 104 77 sic
512 2791 178 77 ordinari
645 2791 74 77 a
675 2791 119 77 deo:
749 2791 89 77 vt
794 2791 104 77 dum
853 2791 104 77 sua
913 2791 149 77 cuique
1016 2791 223 77 tribuuntur,
1195 2791 223 77 pulchritudo
1373 2791 252 77 vniuersitatis
1581 2791 134 77 nulla
1670 2791 89 77 ex
1714 2791 134 77 parte
1789 2791 163 77 violetur:
