2017 3187
96 260 204 78 uertentiam
256 260 102 78 pro
315 260 218 78 conuersione
489 260 131 78 dicta
576 260 204 78 communiter
736 260 87 78 ad
780 260 174 78 vtrumque
911 260 174 78 dictorum
1042 260 174 78 modorum.
1172 260 73 78 &
1202 260 102 78 hoc
1260 260 116 78 siue
1332 260 174 78 secundum
1449 260 116 78 eosdem

98 329 128 48 casus
183 329 114 48 siue
254 329 171 48 secundum
382 329 185 48 diuersos.
524 329 156 48 Dicitur
638 329 114 48 enim
709 329 199 48 calefactum
865 329 71 48 a
894 329 227 48 calefaciente
1079 329 213 48 calefactum:
1249 329 71 48 &
1278 329 213 48 calefaciens
1434 329 128 48 calefa-

104 373 115 55 ctum
176 373 231 55 calefaciens:
363 373 72 55 &
392 373 187 55 similiter
536 373 130 55 pater
623 373 130 55 filii
709 373 144 55 pater:
810 373 72 55 &
839 373 144 55 filius
940 373 144 55 patris
1041 373 159 55 filius.
1156 373 72 55 &
1185 373 101 55 hoc
1243 373 173 55 secundum
1373 373 144 55 primum
1459 373 101 55 genus

103 423 239 52 relationis.
294 423 175 52 Dicitur
422 423 143 52 etiam
517 423 223 52 mensuratum
693 423 175 52 mensura
820 423 239 52 mensuratum:
1011 423 80 52 &
1043 423 175 52 mensura
1171 423 207 52 mensurati
1330 423 191 52 mensura:
1473 423 80 52 &
1489 423 80 52 si-

95 465 172 51 militer
220 465 172 51 dicimus
346 465 141 51 imago
439 465 203 51 imaginati
596 465 156 51 imago:
705 465 78 51 &
736 465 219 51 imaginatum
908 465 172 51 imagine
1033 465 235 51 imaginatum.
1221 465 78 51 &
1252 465 109 51 hoc
1315 465 141 51 penes
1409 465 188 51 secundum

102 505 129 49 genus
187 505 214 49 relationis.
359 505 157 49 Dicimus
473 505 129 49 etiam
559 505 114 49 idem
631 505 129 49 eidem
716 505 129 49 idem:
802 505 157 49 aequale
917 505 157 49 aequali
1031 505 172 49 aequale:
1160 505 143 49 simile
1260 505 143 49 simili
1360 505 157 49 simile:
1474 505 71 49 &
1489 505 71 49 hoc

94 557 161 53 secundum
214 557 148 53 tertium
322 557 121 53 genus
403 557 202 53 relationis.
564 557 67 53 â‹
591 557 161 53 Loquendo
712 557 121 53 autem
792 557 81 53 de
833 557 202 53 conversione
994 557 121 53 primo
1074 557 107 53 modo
1142 557 161 53 scilicet
1262 557 148 53 proprie
1370 557 134 53 dicta:
1451 557 107 53 distin

98 605 160 55 guendum
215 605 102 55 est
273 605 87 55 de
317 605 131 55 causa
405 605 73 55 &
434 605 175 55 causato:
565 605 117 55 quia
638 605 219 55 accipiuntur
813 605 190 55 aliquando
959 605 175 55 proprie,
1090 605 131 55 prout
1177 605 131 55 causa
1265 605 219 55 describitur
1440 605 117 55 quod
1498 605 73 55 est

99 649 84 48 id
141 649 84 48 ad
183 649 126 48 cuius
268 649 112 48 esse
338 649 169 48 sequitur
464 649 140 48 aliud.
563 649 70 48 &
591 649 140 48 semper
689 649 183 48 differunt
829 649 84 48 re
872 649 169 48 absoluta
998 649 126 48 causa
1082 649 70 48 &
1110 649 183 48 causatum.
1251 649 183 48 Aliquando
1391 649 126 48 autem
1462 649 98 48 acci-

95 692 165 53 piuntur
215 692 210 53 communiter
380 692 105 53 pro
440 692 195 53 principio
590 692 75 53 &
620 692 240 53 principiato:
815 692 135 53 prout
905 692 90 53 in
950 692 165 53 diuinis
1070 692 180 53 Damasc.s
1205 692 165 53 accipit
1325 692 150 53 causam
1430 692 105 53 pro
1475 692 90 53 prin

101 733 150 56 cipio:
206 733 75 56 &
236 733 180 56 causatum
372 733 105 56 pro
432 733 240 56 principiato,
627 733 90 56 vt
672 733 180 56 tangitur
807 733 90 56 in
853 733 210 56 argumento.
1018 733 90 56 Et
1063 733 165 56 secundo
1183 733 120 56 modo
1258 733 165 56 sumendo
1379 733 150 56 causam
1484 733 75 56 &
1499 733 75 56 cau

99 777 149 51 satum:
204 777 254 51 distinguendum
413 777 105 51 est
473 777 90 51 de
517 777 224 51 aequalitate
697 777 75 51 &
726 777 239 51 similitudine
921 777 134 51 prout
1010 777 194 51 pertinent
1160 777 90 51 ad
1204 777 179 51 imaginem
1339 777 75 51 &
1369 777 90 51 ad
1414 777 179 51 secundum

94 824 117 58 genus
172 824 195 58 relationis:
328 824 65 58 &
353 824 117 58 prout
431 824 169 58 pertinent
561 824 78 58 ad
600 824 143 58 tertium
704 824 117 58 genus
782 824 156 58 scilicet
898 824 182 58 relationum
1041 824 182 58 conmunium.
1184 824 156 58 Secundum
1301 824 104 58 enim
1365 824 104 58 quod
1417 824 143 58 pertinent

90 876 84 44 ad
132 876 168 44 secundum
258 876 140 44 genus:
355 876 98 44 non
411 876 182 44 recipimus
551 876 84 44 in
593 876 126 44 ipsis
676 876 223 44 conuersionem
858 876 112 44 quae
928 876 98 44 est
984 876 126 44 primo
1067 876 112 44 modo
1137 876 168 44 scilicet
1263 876 168 44 secundum
1388 876 112 44 idem
1458 876 126 44 nomen
1528 876 42 44 &

99 910 108 58 idem
167 910 149 58 nominis
275 910 230 58 significatum.
465 910 95 58 Non
519 910 108 58 enim
586 910 122 58 sicut
667 910 149 58 dicitur
776 910 149 58 aequale
884 910 149 58 aequali
992 910 162 58 aequale:
1114 910 95 58 aut
1168 910 135 58 simile
1262 910 135 58 simili
1357 910 149 58 simile:
1465 910 95 58 sic
1506 910 54 58 di

97 960 141 50 citur
191 960 141 50 imago
285 960 172 50 imagini
410 960 156 50 imago:
520 960 110 50 nec
582 960 266 50 vniuersaliter
801 960 219 50 mensuratum
973 960 203 50 mensurati
1130 960 235 50 mensuratum.
1318 960 203 50 Recipimus
1458 960 110 50 tamen

91 1002 80 55 in
131 1002 120 55 ipsis
210 1002 213 55 conuersionem
383 1002 146 55 secundo
490 1002 106 55 modo
557 1002 160 55 scilicet
676 1002 160 55 secundum
796 1002 120 55 aliud
876 1002 120 55 nomen
956 1002 67 55 &
982 1002 120 55 aliud
1062 1002 146 55 nominis
1169 1002 213 55 significatum
1342 1002 80 55 in
1382 1002 120 55 ipsis
1448 1002 120 55 relatio

91 1045 143 53 nibus,
191 1045 86 53 vt
233 1045 143 53 dictum
333 1045 100 53 est
390 1045 114 53 iam.
462 1045 171 53 Secundum
590 1045 114 53 vero
661 1045 114 53 quod
733 1045 185 53 pertinent
875 1045 86 53 ad
918 1045 157 53 tertium
1032 1045 128 53 genus
1118 1045 214 53 relationis,
1289 1045 114 53 bene
1360 1045 185 53 recipimus
1489 1045 71 53 con

88 1094 199 57 uersionem
241 1094 92 57 in
287 1094 138 57 ipsis
378 1094 76 57 &
409 1094 92 57 in
455 1094 168 57 diuinis
577 1094 76 57 &
608 1094 92 57 in
653 1094 214 57 creaturis,
822 1094 138 57 sicut
913 1094 153 57 dictum
1020 1094 122 57 est.
1097 1094 168 57 Sumendo
1219 1094 153 57 causam
1326 1094 76 57 &
1357 1094 184 57 causatum
1479 1094 92 57 pri-

89 1142 86 46 mo
132 1142 115 46 modo
203 1142 172 46 scilicet
332 1142 172 46 proprie,
461 1142 244 46 distinguendum
662 1142 100 46 est
719 1142 86 46 de
762 1142 215 46 productione
934 1142 158 46 causati
1049 1142 72 46 a
1078 1142 143 46 causa.
1178 1142 100 46 Aut
1235 1142 115 46 enim
1307 1142 100 46 est
1364 1142 158 46 vniuoca
1479 1142 72 46 &
1493 1142 72 46 na-

93 1181 159 53 turalis
208 1181 174 53 scilicet
339 1181 174 53 secundum
469 1181 145 53 eandem
571 1181 159 53 naturam
687 1181 87 53 in
730 1181 130 53 causa
817 1181 72 53 &
846 1181 174 53 causato:
977 1181 72 53 &
1006 1181 174 53 aequalem
1136 1181 87 53 in
1180 1181 130 53 forma
1267 1181 72 53 &
1296 1181 145 53 specie
1397 1181 87 53 in
1426 1181 145 53 ambobus.

101 1229 98 57 Aut
157 1229 98 57 est
213 1229 197 57 aequiuoca,
368 1229 70 57 &
396 1229 169 57 secundum
523 1229 127 57 aliam
607 1229 70 57 &
636 1229 127 57 aliam
720 1229 155 57 naturam
832 1229 84 57 in
875 1229 155 57 eisdem:
987 1229 70 57 &
1015 1229 197 57 inaequalem
1170 1229 84 57 in
1212 1229 127 57 forma
1297 1229 70 57 &
1325 1229 155 57 specie:
1437 1229 113 57 quae
1494 1229 70 57 ple

89 1269 86 56 na
132 1269 71 56 &
160 1269 171 56 perfecta
289 1269 71 56 &
317 1269 171 56 secundum
446 1269 186 56 veritatem
589 1269 100 56 est
646 1269 86 56 in
689 1269 100 56 vno
746 1269 143 56 eorum:
846 1269 86 56 in
889 1269 143 56 altero
989 1269 129 56 autem
1074 1269 100 56 per
1131 1269 214 56 imitationem
1303 1269 71 56 &
1317 1269 243 56 participationem

99 1320 190 58 quandam.
242 1320 95 58 Si
290 1320 143 58 primo
385 1320 143 58 modo:
480 1320 111 58 aut
543 1320 127 58 ergo
623 1320 143 58 nomen
718 1320 254 58 aequalitatis
924 1320 79 58 &
956 1320 270 58 similitudinis
1178 1320 206 58 imponitur
1321 1320 238 58 principaliter

91 1362 75 54 a
121 1362 210 54 relatione:
286 1362 105 54 aut
346 1362 195 54 imponitur
497 1362 255 54 principaliter
707 1362 90 54 ab
752 1362 165 54 actione
872 1362 105 54 aut
932 1362 195 54 passione,
1082 1362 150 54 quibus
1187 1362 150 54 natura
1293 1362 255 54 communicatur:
1503 1362 90 54 ad

92 1411 124 49 quam
169 1411 186 49 sequitur
308 1411 186 49 relatio.
448 1411 139 49 Primo
540 1411 124 49 modo
618 1411 217 49 imponuntur
788 1411 124 49 haec
865 1411 155 49 nomina
974 1411 217 49 aequalitas
1144 1411 77 49 &
1175 1411 232 49 similitudo:
1361 1411 124 49 siue
1423 1411 139 49 aequale

99 1451 79 60 &
131 1451 174 60 simile.
258 1451 174 60 Secundo
384 1451 127 60 modo
464 1451 222 60 imponuntur
638 1451 127 60 haec
717 1451 158 60 nomina
828 1451 174 60 aequans
955 1451 206 60 aequatum:
1113 1451 190 60 similans
1256 1451 222 60 similatum.
1430 1451 95 60 Et
1462 1451 111 60 primo

100 1504 123 47 modo
176 1504 123 47 bene
253 1504 138 47 adhuc
345 1504 199 47 recipimus
498 1504 245 47 conuersionem
698 1504 169 47 proprie
820 1504 153 47 dictam
928 1504 245 47 aequalitatis
1127 1504 77 47 &
1158 1504 261 47 similitudinis
1373 1504 92 47 in
1403 1504 169 47 relatiuis

99 1539 96 56 tam
154 1539 83 56 in
196 1539 151 56 diuinis
306 1539 110 56 quam
375 1539 83 56 in
416 1539 193 56 creaturis.
567 1539 124 56 Sicut
650 1539 110 56 enim
719 1539 151 56 propter
829 1539 151 56 naturae
939 1539 165 56 vnitatem
1063 1539 110 56 vnum
1132 1539 124 56 eorum
1214 1539 151 56 aequale
1324 1539 96 56 aut
1379 1539 138 56 simile
1476 1539 96 56 est
1517 1539 55 56 al

97 1584 129 64 teri:
182 1584 100 64 sic
240 1584 71 64 &
268 1584 200 64 econuerso:
425 1584 86 64 vt
468 1584 143 64 Petrus
568 1584 129 64 Paulo
654 1584 172 64 secundum
783 1584 229 64 humanitatem:
969 1584 71 64 &
997 1584 129 64 pater
1083 1584 129 64 filio
1169 1584 172 64 secundum
1297 1584 186 64 deitatem.
1440 1584 157 64 Secundo

102 1631 141 54 auntem
201 1631 113 54 modo
271 1631 85 54 in
313 1631 141 54 causis
412 1631 70 54 &
440 1631 169 54 causatis
567 1631 99 54 non
623 1631 183 54 recipimus
764 1631 225 54 conuersionem
947 1631 155 54 proprie
1060 1631 141 54 dictam
1158 1631 169 54 secundum
1285 1631 225 54 aequalitatem
1468 1631 70 54 &
1482 1631 85 54 simi

96 1677 186 57 litudinem
239 1677 129 57 neque
325 1677 86 57 in
368 1677 172 57 diuinis,
496 1677 129 57 neque
582 1677 86 57 in
625 1677 200 57 creaturis,
783 1677 86 57 vt
826 1677 172 57 procedit
955 1677 157 57 quartum
1069 1677 215 57 argumentum.
1241 1677 100 57 Non
1298 1677 115 57 enim
1370 1677 129 57 sicut
1441 1677 129 57 dicimus

88 1717 193 59 causatum
232 1717 193 59 aequatum
377 1717 161 59 causae
489 1717 112 59 aut
554 1717 225 59 similatum:
730 1717 112 59 sic
794 1717 177 59 dicimus
923 1717 209 59 econuerso
1083 1717 161 59 causam
1196 1717 193 59 aequatam
1340 1717 112 59 aut
1388 1717 177 59 similatam

99 1764 180 54 causato.
234 1764 165 54 Aequari
355 1764 120 54 enim
430 1764 75 54 &
460 1764 180 54 similari
595 1764 135 54 super
686 1764 120 54 esse
761 1764 165 54 aequale
881 1764 105 54 aut
941 1764 150 54 simile
1047 1764 135 54 ponit
1137 1764 165 54 quendam
1257 1764 180 54 accessum
1393 1764 90 54 ad
1423 1764 150 54 vnitatem

96 1813 186 58 perfectam
238 1813 86 58 in
281 1813 200 58 quantitate
438 1813 71 58 &
467 1813 200 58 qualitate:
624 1813 71 58 &
652 1813 100 58 per
710 1813 100 58 hoc
767 1813 86 58 ad
809 1813 228 58 aequalitatem
995 1813 71 58 &
1024 1813 257 58 similitudinem:
1238 1813 71 58 &
1266 1813 171 58 aequatum
1395 1813 71 58 &
1409 1813 157 58 similatum

98 1857 119 52 esse
173 1857 134 52 ponit
262 1857 224 52 acceptionem
441 1857 239 52 aequalitatis
635 1857 75 52 &
665 1857 254 52 similitudinis
874 1857 134 52 super
963 1857 119 52 esse
1038 1857 149 52 simile
1142 1857 75 52 &
1172 1857 179 52 aequale:
1306 1857 75 52 a
1336 1857 104 52 quo
1396 1857 134 52 nomen
1470 1857 90 52 eius

103 1900 223 53 principaliter
287 1900 184 53 imponitur.
431 1900 105 53 Quae
497 1900 158 53 scilicet
615 1900 158 53 accessus
734 1900 66 53 &
760 1900 171 53 acceptio,
892 1900 92 53 non
944 1900 131 53 ponunt
1036 1900 145 53 aliquod
1141 1900 79 53 in
1181 1900 131 53 causa,
1273 1900 92 53 sed
1325 1900 79 53 in
1365 1900 145 53 causato
1457 1900 118 53 tantum.

94 1944 166 56 Propter
214 1944 120 56 quod
290 1944 136 56 licet
380 1944 166 56 accepta
501 1944 226 56 aequalitate
681 1944 105 56 aut
742 1944 241 56 similitudine
937 1944 90 56 in
983 1944 166 56 causato
1103 1944 75 56 a
1133 1944 136 56 causa
1224 1944 120 56 ambo
1299 1944 181 56 dicuntur
1419 1944 151 56 aequalia

89 1992 67 54 &
115 1992 161 54 similia:
236 1992 161 54 causatum
357 1992 121 54 tamen
438 1992 134 54 tantum
532 1992 148 54 dicitur
639 1992 161 54 aequatum
760 1992 67 54 &
787 1992 188 54 similatum:
935 1992 94 54 non
988 1992 121 54 autem
1069 1992 134 54 causa:
1163 1992 94 54 sed
1217 1992 107 54 ipsa
1284 1992 121 54 causa
1365 1992 134 54 potius
1445 1992 121 54 dicitur

94 2035 171 55 aequans
219 2035 78 55 &
250 2035 202 55 similans.
405 2035 93 55 Et
452 2035 109 55 sic
514 2035 202 55 recipimus
670 2035 249 55 conuersionem
872 2035 140 55 inter
965 2035 155 55 causam
1074 2035 78 55 &
1105 2035 187 55 causatum
1245 2035 249 55 aequalitatis
1447 2035 78 55 &
1462 2035 109 55 simi-

89 2079 174 57 litudinis
222 2079 147 57 secundo
329 2079 107 57 modo
396 2079 227 57 conversionis:
583 2079 67 57 &
610 2079 201 57 vniverstale
771 2079 120 57 inter
851 2079 160 57 relatiua
971 2079 120 57 primo
1051 2079 134 57 genere
1145 2079 201 57 relationis:
1306 2079 107 57 quod
1372 2079 187 57 consistit:
1520 2079 80 57 in

87 2123 159 62 actiuis
202 2123 72 62 &
231 2123 188 62 passiuis.
375 2123 130 62 Sicut
462 2123 115 62 enim
534 2123 173 62 dicuntur
664 2123 130 62 inter
750 2123 87 62 se
794 2123 216 62 calefaciens
967 2123 72 62 &
996 2123 216 62 calefactum:
1169 2123 101 62 sic
1227 2123 159 62 aequans
1342 2123 72 62 &
1371 2123 188 62 aequatum:
1501 2123 72 62 si-

86 2171 140 51 milans
184 2171 70 51 &
212 2171 196 51 similatum.
366 2171 154 51 praeter
478 2171 98 51 hoc
534 2171 112 51 quod
604 2171 196 51 calefactum
758 2171 98 51 non
814 2171 154 51 dicitur
925 2171 112 51 nisi
995 2171 84 51 ad
1037 2171 252 51 calefacientem:
1247 2171 168 51 aequatum
1373 2171 126 51 autem
1457 2171 70 51 &
1471 2171 98 51 simi-

94 2214 110 57 latum
167 2214 85 57 non
216 2214 110 57 solum
289 2214 146 57 dicuntur
399 2214 73 57 ad
435 2214 159 57 aequantem
557 2214 61 57 &
582 2214 183 57 similantem,
728 2214 98 57 qua.
789 2214 146 57 scilicet
899 2214 122 57 causat
984 2214 195 57 aequalitatem
1143 2214 61 57 &
1167 2214 207 57 similitudinem
1338 2214 73 57 in
1375 2214 110 57 alio:
1448 2214 85 57 sed
1485 2214 85 57 etiam

91 2270 80 49 ad
131 2270 120 49 illud
211 2270 160 49 secundum
331 2270 107 49 quod
398 2270 160 49 aequatur
518 2270 67 49 &
545 2270 187 49 similatur.
692 2270 93 49 Est
745 2270 107 49 enim
812 2270 160 49 aequatum
932 2270 93 49 aut
985 2270 174 49 similatum
1119 2270 80 49 id
1159 2270 107 49 quod
1226 2270 147 49 accipit
1333 2270 134 49 formam
1413 2270 160 49 aequalita-

89 2300 102 62 tis
148 2300 102 62 aut
206 2300 247 62 similitudinis
409 2300 87 62 ab
452 2300 131 62 alio:
539 2300 73 62 &
568 2300 102 62 hoc
627 2300 87 62 ad
670 2300 218 62 imitationem
844 2300 189 62 alterius:
989 2300 116 62 siue
1062 2300 131 62 illud
1149 2300 160 62 alterum
1265 2300 145 62 fuerit
1367 2300 131 62 ipsum
1439 2300 131 62 aequans

89 2358 99 47 aut
145 2358 184 47 similans:
287 2358 113 47 siue
357 2358 155 47 aliquid
470 2358 141 47 aliud.
569 2358 113 47 Vnde
639 2358 85 47 si
682 2358 113 47 quis
752 2358 85 47 ad
795 2358 169 47 imaginem
922 2358 127 47 primo
1006 2358 141 47 factam
1105 2358 127 47 aliam
1190 2358 155 47 faceret
1303 2358 169 47 aequalem
1430 2358 71 47 &
1444 2358 127 47 similem

93 2401 114 49 illi
164 2401 71 49 &
193 2401 86 49 ad
235 2401 143 49 illius
335 2401 228 49 imitationem,
521 2401 157 49 secunda
635 2401 185 49 diceretur
777 2401 185 49 adaequata
920 2401 71 49 &
949 2401 200 49 assimilata
1106 2401 157 49 primae,
1220 2401 71 49 &
1248 2401 100 49 non
1305 2401 200 49 econverso.
1462 2401 86 49 Et
1491 2401 71 49 hoc

92 2445 124 56 penes
175 2445 166 56 secundum
299 2445 124 56 genus
382 2445 207 56 relationis,
548 2445 111 56 quod
617 2445 180 56 consistit
755 2445 83 56 in
797 2445 318 56 commensurationibus:
1073 2445 124 56 licet
1156 2445 124 56 mutuo
1239 2445 152 56 vtraque
1350 2445 180 56 diceretur
1474 2445 83 56 esse

93 2484 154 54 similis
205 2484 98 54 aut
261 2484 168 54 aequalis
388 2484 140 54 alteri
486 2484 168 54 secundum
612 2484 154 54 tertium
724 2484 126 54 genus
808 2484 210 54 relationis:
977 2484 70 54 &
1005 2484 168 54 aequatum
1131 2484 70 54 &
1159 2484 182 54 similatum
1299 2484 182 54 diceretur
1426 2484 140 54 relatiue

90 2530 82 53 ad
131 2530 178 53 aequantem
268 2530 68 53 &
296 2530 192 53 similantem
446 2530 164 53 secundum
570 2530 137 53 primum
665 2530 123 53 genus
748 2530 205 53 relationis.
912 2530 110 53 Vnde
980 2530 82 53 si
1021 2530 151 53 aliquis
1131 2530 96 53 sit
1186 2530 151 53 aequans
1295 2530 68 53 &
1323 2530 164 53 similans
1446 2530 151 53 aliquid

91 2577 83 52 ad
133 2577 208 52 imitationem
299 2577 194 52 suiipsius:
452 2577 111 52 tunc
521 2577 167 52 aequatum
646 2577 69 52 &
674 2577 208 52 assimilatum
840 2577 180 52 inquantum
979 2577 180 52 huiusmodi
1118 2577 194 52 referuntur
1271 2577 83 52 ad
1312 2577 180 52 aequantem
1451 2577 69 52 &
1465 2577 97 52 simi-

97 2629 159 57 lantem,
212 2629 188 57 inquantum
357 2629 101 57 est
415 2629 159 57 aequans
530 2629 72 57 &
559 2629 174 57 similans
689 2629 130 57 primo
776 2629 145 57 genere
877 2629 217 57 relationis.
1051 2629 188 57 Inquantum
1196 2629 116 57 vero
1268 2629 87 57 ad
1311 2629 217 57 imitationem
1470 2629 87 57 eius

87 2661 167 58 aequatur
212 2661 69 58 &
240 2661 195 58 similatur:
393 2661 195 58 referuntur
546 2661 83 58 ad
587 2661 139 58 eundem
685 2661 153 58 secundo
796 2661 139 58 genere
893 2661 208 58 relationis.
1060 2661 181 58 Inquantum
1199 2661 111 58 vero
1268 2661 167 58 aequatum
1393 2661 69 58 &
1407 2661 153 58 similatum

82 2717 136 60 facta
173 2717 121 60 sunt
248 2717 181 60 aequalia
384 2717 76 60 &
414 2717 181 60 similia:
550 2717 212 60 referuntur
717 2717 91 60 ad
762 2717 151 60 eundem
868 2717 196 60 conuersum
1019 2717 151 60 tertio
1125 2717 151 60 genere
1230 2717 227 60 relationis.
1412 2717 91 60 Et
1457 2717 106 60 hoc
1502 2717 76 60 vni
