2017 3210
145 259 127 76 gulas
230 259 170 76 personas
357 259 170 76 diuinas:
484 259 113 76 quia
555 259 212 76 vniformiter
724 259 113 76 idem
795 259 141 76 pater:
894 259 113 76 idem
964 259 155 76 filius:
1077 259 113 76 idem
1148 259 170 76 spiritus
1275 259 170 76 sanctus.
1402 259 85 76 Et
1445 259 99 76 hoc
1487 259 99 76 etiam

130 329 116 56 sibi
202 329 101 56 quo
260 329 87 56 ad
303 329 145 56 primum
404 329 130 56 modum
491 329 231 56 identitatis:
679 329 72 56 &
708 329 173 56 cuilibet
838 329 159 56 aliorum
953 329 101 56 quo
1011 329 87 56 ad
1054 329 173 56 secundum
1184 329 130 56 modum
1271 329 231 56 identitatis.
1445 329 145 56 Aequalis

140 374 135 58 pater:
234 374 161 58 aequalis
355 374 148 58 filius:
463 374 161 58 aequalis
584 374 161 58 spiritus
705 374 161 58 sanctus:
826 374 148 58 Similis
934 374 135 58 pater:
1028 374 148 58 similis
1135 374 148 58 filius:
1243 374 148 58 similis
1351 374 161 58 spiritus
1458 374 135 58 sanctus.

136 415 87 50 Et
180 415 102 50 hoc
238 415 102 50 non
297 415 131 50 sibi:
384 415 102 50 sed
442 415 175 50 cuilibet
573 415 160 50 aliorum
690 415 160 50 tantum.
806 415 87 50 Et
850 415 175 50 secundum
981 415 102 50 hoc
1040 415 189 50 procedunt
1185 415 102 50 duo
1243 415 189 50 argumenta
1389 415 87 50 in
1418 415 175 50 oppositum.

135 465 84 47 Et
177 465 182 47 similiter
317 465 126 47 iuxta
401 465 168 47 secundum
528 465 210 47 intellectum
696 465 126 47 dicti
780 465 182 47 Dionysii,
920 465 210 47 vniformiter
1088 465 84 47 se
1130 465 140 47 habent
1228 465 168 47 singulae
1355 465 196 47 relationes
1495 465 98 47 trium

127 513 162 53 generum
245 513 88 53 ad
289 513 118 53 tres
363 513 192 53 personas:
510 513 118 53 quia
584 513 221 53 vniformiter
761 513 118 53 idem
835 513 147 53 pater,
938 513 177 53 aequalis
1070 513 147 53 pater,
1173 513 162 53 similis
1291 513 147 53 pater.
1394 513 118 53 ldem
1453 513 133 53 filius,

126 562 168 56 aequalis
252 562 154 56 filius,
364 562 154 56 similis
475 562 154 56 filius.
587 562 112 56 ldem
657 562 168 56 spiritus
783 562 168 56 sanctus,
908 562 168 56 aequalis
1034 562 168 56 spiritus
1160 562 168 56 sanctus,
1286 562 154 56 similis
1397 562 168 56 spiritus
1509 562 84 56 san-

129 605 131 49 ctus.
217 605 102 49 Sed
275 605 102 49 hoc
333 605 102 49 non
391 605 116 49 nisi
464 605 175 49 cuilibet
595 605 175 49 aliorum,
726 605 73 49 &
755 605 131 49 penes
842 605 175 49 secundum
973 605 131 49 modum
1060 605 233 49 identitatis:
1249 605 116 49 quia
1322 605 131 49 penes
1409 605 145 49 primum
1511 605 102 49 mo-

129 654 106 48 dum
189 654 226 48 identitatis
370 654 106 48 non
431 654 226 48 vniformiter
612 654 121 48 idem
687 654 106 48 est
748 654 151 48 pater,
853 654 75 48 &
884 654 196 48 aequalis,
1035 654 75 48 &
1065 654 181 48 similis.
1201 654 91 48 Et
1246 654 106 48 sic
1306 654 91 48 de
1352 654 136 48 filio
1442 654 75 48 &
1457 654 136 48 spiritu

136 689 164 54 sancto:
255 689 119 54 quia
329 689 178 54 secundum
463 689 149 54 primum
567 689 134 54 modum
656 689 223 54 identitatis
835 689 178 54 quilibet
969 689 134 54 eorum
1058 689 178 54 sibiipsi
1192 689 104 54 est
1251 689 134 54 idem:
1340 689 104 54 sed
1400 689 149 54 nullus
1489 689 104 54 eorum

127 735 173 54 sibiipsi
256 735 101 54 est
314 735 173 54 aequalis
444 735 101 54 aut
502 735 173 54 similis,
632 735 87 54 vt
675 735 130 54 patet
761 735 87 54 ex
805 735 303 54 praedeterminatis.
1065 735 87 54 Ex
1108 735 144 54 quibus
1209 735 130 54 patet
1295 735 115 54 quod
1368 735 101 54 non
1411 735 173 54 aequaliter

135 782 199 60 quaelibet
287 782 229 60 hypostaseon
471 782 92 60 se
517 782 137 60 habet
608 782 92 60 ad
654 782 168 60 alteram
776 782 76 60 &
807 782 92 60 ad
853 782 183 60 seipsam,
990 782 107 60 nec
1051 782 244 60 vniformiter:
1250 782 107 60 sed
1311 782 153 60 potius
1403 782 183 60 substantia

126 827 76 47 &
156 827 197 47 quodlibet
308 827 243 47 substantiale
506 827 213 47 attributum
673 827 182 47 existens
809 827 91 47 in
855 827 182 47 quolibet
992 827 258 47 suppositorum,
1204 827 213 47 aequaliter
1371 827 76 47 &
1387 827 197 47 vniformiter

125 868 99 58 per
182 868 213 58 identitatem
352 868 85 58 se
394 868 128 58 habet
479 868 113 58 siue
550 868 170 58 refertur
678 868 85 58 ad
721 868 170 58 alterum,
848 868 71 58 &
877 868 85 58 ad
919 868 170 58 seipsum:
1047 868 128 58 licet
1132 868 128 58 inter
1217 868 113 58 illa
1288 868 184 58 attributa
1430 868 99 58 sit
1473 868 113 58 diffe-

123 923 137 53 rentia
219 923 164 53 secundum
342 923 178 53 rationem:
479 923 68 53 &
506 923 96 53 quo
561 923 82 53 ad
602 923 96 53 hoc
656 923 150 53 differt
766 923 164 53 secundum
889 923 164 53 rationem
1012 923 205 53 identitatis
1176 923 191 53 cuiuslibet
1326 923 123 53 eorum
1408 923 82 53 ad
1449 923 150 53 alterum
1545 923 41 53 &

126 960 92 52 ad
172 960 184 52 seipsum:
309 960 76 52 &
340 960 107 52 quo
401 960 92 52 ad
447 960 107 52 hoc
508 960 107 52 non
569 960 229 52 vniformiter
753 960 92 52 se
799 960 138 52 habet
891 960 92 52 ad
936 960 168 52 alterum
1059 960 76 52 &
1089 960 92 52 ad
1135 960 184 52 seipsum:
1273 960 76 52 &
1304 960 138 52 minus
1395 960 92 52 se
1441 960 138 52 habet
1518 960 61 52 ad

121 1006 157 51 alterum
235 1006 114 51 quam
306 1006 85 51 ad
349 1006 171 51 seipsum,
477 1006 85 51 vt
519 1006 171 51 inferius
647 1006 157 51 amplius
761 1006 242 51 declarabitur.
989 1006 114 51 Quod
1060 1006 171 51 arguitur
1188 1006 128 51 sexto
1274 1006 85 51 ex
1317 1006 114 51 illo
1388 1006 128 51 dicto
1459 1006 128 51 Hilarii

127 1051 95 60 Deo
182 1051 136 60 simile
277 1051 109 60 esse
345 1051 150 60 aliquid
454 1051 109 60 quod
522 1051 82 60 ex
563 1051 109 60 ipso
631 1051 95 60 non
686 1051 150 60 fuerit,
794 1051 95 60 non
849 1051 150 60 potest:
958 1051 109 60 Dico
1026 1051 109 60 quod
1094 1051 136 60 dictum
1189 1051 123 60 illud
1271 1051 218 60 intelligitur
1448 1051 82 60 de
1475 1051 109 60 simili

121 1098 150 50 tudine
226 1098 120 50 vera
301 1098 75 50 &
331 1098 195 50 perfecta,
481 1098 105 50 qua
541 1098 180 50 creatura
676 1098 165 50 similis
796 1098 105 50 deo
856 1098 120 50 esse
930 1098 105 50 non
990 1098 165 50 potest:
1110 1098 120 50 quae
1185 1098 195 50 solummodo
1335 1098 105 50 deo
1395 1098 165 50 similis
1500 1098 90 50 esse

132 1142 144 59 potest
233 1142 144 59 quadam
334 1142 231 59 similitudine
521 1142 202 59 imaginaria
680 1142 216 59 imperfecta,
853 1142 87 59 vt
896 1142 144 59 tactum
997 1142 101 59 est
1055 1142 173 59 articulo
1185 1142 216 59 praecedente
1358 1142 216 59 quaestione.
1517 1142 72 59 ii.

119 1191 85 51 in
161 1191 127 51 fine.
246 1191 113 51 Vnde
317 1191 71 51 &
345 1191 141 51 dictum
444 1191 127 51 illud
529 1191 99 51 non
585 1191 226 51 intelligitur
769 1191 113 51 nisi
840 1191 85 51 de
882 1191 127 51 illis
967 1191 113 51 quae
1038 1191 141 51 habent
1137 1191 113 51 esse
1207 1191 71 51 a
1236 1191 99 51 deo
1292 1191 85 51 vt
1335 1191 71 51 a
1363 1191 184 51 principio
1490 1191 99 51 produ

125 1230 140 59 ctiuo
219 1230 218 59 comparatis
390 1230 109 59 per
452 1230 264 59 similitudinem
669 1230 93 59 ad
716 1230 124 59 deum
794 1230 249 59 producentem.
996 1230 93 59 Ex
1042 1230 155 59 quibus
1151 1230 109 59 deo
1213 1230 93 59 vt
1260 1230 202 59 principio
1400 1230 186 59 productiuo

133 1276 122 55 nihil
215 1276 135 55 simile
310 1276 108 55 esse
377 1276 135 55 potest
472 1276 108 55 vera
540 1276 217 55 similitudine
716 1276 68 55 &
743 1276 176 55 perfecta:
878 1276 108 55 quod
946 1276 95 55 non
1000 1276 135 55 fuerit
1095 1276 81 55 ex
1136 1276 108 55 ipso
1203 1276 81 55 vt
1244 1276 81 55 ex
1285 1276 122 55 cuius
1366 1276 190 55 substantia
1501 1276 95 55 sicut

123 1322 86 58 ex
166 1322 187 58 principio
310 1322 130 58 quasi
396 1322 187 58 materiali
540 1322 216 58 producatur:
713 1322 216 58 quemadmodum
886 1322 144 58 filius
986 1322 202 58 producitur
1145 1322 72 58 a
1174 1322 130 58 patre
1260 1322 72 58 &
1289 1322 86 58 ex
1332 1322 144 58 patre:
1433 1322 72 58 &
1447 1322 144 58 spiritus

124 1365 153 51 sanctus
235 1365 69 51 a
263 1365 125 51 patre
346 1365 69 51 &
374 1365 139 51 filio:
471 1365 69 51 &
499 1365 83 51 ex
541 1365 139 51 ipsis:
638 1365 111 51 quia
708 1365 83 51 in
749 1365 153 51 vnitate
861 1365 208 51 substantiae
1027 1365 195 51 singularis
1180 1365 69 51 a
1208 1365 125 51 patre
1291 1365 208 51 producitur,
1458 1365 69 51 &
1486 1365 69 51 a
1500 1365 97 51 patre

131 1411 65 57 &
157 1411 117 57 filio
235 1411 156 57 spiritus
351 1411 156 57 sanctus.
468 1411 104 57 Nunc
533 1411 117 57 autem
611 1411 91 57 sic
663 1411 182 57 producitur
805 1411 156 57 creatura
922 1411 65 57 a
948 1411 91 57 deo
1000 1411 182 57 trinitate:
1142 1411 104 57 quod
1207 1411 117 57 licet
1285 1411 182 57 producatur
1427 1411 78 57 ab
1466 1411 117 57 illo:
1531 1411 65 57 non

121 1462 126 53 tamen
205 1462 84 53 ex
247 1462 112 53 ipso
317 1462 84 53 in
359 1462 154 53 vnitate
471 1462 210 53 substantiae
638 1462 210 53 singularis:
806 1462 98 53 sed
862 1462 84 53 in
904 1462 210 53 diuersitate
1072 1462 154 53 maxima.
1184 1462 84 53 Et
1226 1462 112 53 ideo
1295 1462 98 53 non
1351 1462 196 53 producitur
1505 1462 70 53 a
1519 1462 70 53 deo

121 1500 81 53 vt
162 1500 135 53 simile
257 1500 108 53 vera
325 1500 68 53 &
352 1500 163 53 perfecta
474 1500 230 53 similitudine:
663 1500 95 53 sed
717 1500 176 53 solummodo
853 1500 81 53 vt
894 1500 135 53 simile
988 1500 190 53 imaginaria
1137 1500 68 53 &
1165 1500 190 53 imperfecta
1314 1500 230 53 similitudine,
1503 1500 81 53 vt
1530 1500 68 53 ex-

128 1547 145 55 positum
233 1547 92 55 est
286 1547 132 55 supra.
378 1547 79 55 Ex
417 1547 79 55 eo
457 1547 118 55 autem
536 1547 105 55 quod
602 1547 92 55 deo
654 1547 184 55 producenti
799 1547 118 55 nihil
878 1547 92 55 est
931 1547 132 55 simile
1023 1547 211 55 similitudine
1194 1547 105 55 vera
1260 1547 66 55 &
1286 1547 158 55 perfecta
1405 1547 105 55 nisi
1471 1547 118 55 dicto
1536 1547 53 55 mo

121 1589 84 58 do
163 1589 140 58 fuerit
261 1589 84 58 ex
303 1589 126 58 ipso:
387 1589 182 58 nequaquam
527 1589 168 58 sequitur
653 1589 98 58 seu
709 1589 196 58 excluditur
864 1589 112 58 quin
934 1589 98 58 deo
990 1589 168 58 producto
1116 1589 112 58 puta
1186 1589 126 58 filio
1270 1589 70 58 &
1298 1589 154 58 spiritu
1410 1589 154 58 sancto:
1508 1589 84 58 simi

120 1636 89 54 le
165 1636 148 54 possit
268 1636 119 54 esse
343 1636 133 54 dicto
432 1636 119 54 modo
506 1636 119 54 Deus
580 1636 208 54 producens,
743 1636 89 54 vt
787 1636 133 54 filio
876 1636 119 54 deus
950 1636 148 54 pater,
1054 1636 74 54 &
1084 1636 178 54 spiritui
1217 1636 148 54 sancto
1321 1636 119 54 deus
1395 1636 133 54 pater
1484 1636 74 54 &
1499 1636 89 54 deus

120 1677 154 54 filius.
260 1677 112 54 Quod
329 1677 112 54 vero
399 1677 168 54 arguitur
525 1677 154 54 septimo
637 1677 70 54 &
665 1677 154 54 vltimo,
776 1677 112 54 quod
846 1677 195 54 fundamenta
1000 1677 112 54 tria
1069 1677 126 54 trium
1153 1677 195 54 relationum
1307 1677 182 54 conmunium
1446 1677 98 54 non
1502 1677 84 54 se
1530 1677 56 54 ha

127 1728 106 55 bent
193 1728 199 55 vniformiter
353 1728 80 55 ad
393 1728 106 55 tres
459 1728 160 55 personas
579 1728 160 55 diuinas:
698 1728 120 55 quare
778 1728 93 55 nec
831 1728 120 55 ipsae
911 1728 199 55 relationes:
1071 1728 106 55 Dico
1137 1728 106 55 quod
1203 1728 120 55 verum
1283 1728 93 55 est
1336 1728 160 55 secundum
1456 1728 93 55 iam
1496 1728 93 55 dicta

121 1771 120 54 prout
201 1771 133 54 habent
294 1771 107 54 esse
361 1771 80 54 in
401 1771 120 54 illis
481 1771 80 54 vt
521 1771 80 54 in
561 1771 133 54 radice
654 1771 133 54 suorum
747 1771 227 54 fundamentorum
934 1771 200 54 existentium
1094 1771 80 54 in
1134 1771 133 54 illis.
1227 1771 93 54 Sic
1280 1771 107 54 enim
1347 1771 187 54 identitas,
1480 1771 107 54 aequa-

118 1813 129 62 litas,
209 1813 65 62 &
235 1813 194 62 similitudo,
390 1813 194 62 quemadmodum
545 1813 155 62 secundum
661 1813 181 62 fundamenta
804 1813 78 62 in
843 1813 116 62 patre
920 1813 129 62 habent
1011 1813 104 62 esse
1075 1813 78 62 ex
1114 1813 91 62 se:
1166 1813 78 62 in
1205 1813 116 62 filio
1282 1813 116 62 autem
1360 1813 65 62 &
1386 1813 155 62 spiritus
1489 1813 104 62 sancto

124 1863 63 54 a
150 1863 126 54 patre:
237 1863 63 54 &
263 1863 113 54 etiam
338 1863 75 54 in
375 1863 138 54 spiritu
476 1863 113 54 scton
551 1863 63 54 a
576 1863 126 54 filio.
664 1863 113 54 Prout
739 1863 100 54 vero
802 1863 126 54 habent
890 1863 100 54 esse
953 1863 75 54 in
991 1863 151 54 personis
1103 1863 75 54 in
1141 1863 138 54 propria
1242 1863 113 54 forma
1317 1863 176 54 relationis
1455 1863 163 54 communis:

122 1907 199 54 vniformiter
281 1907 132 54 habent
373 1907 106 54 esse
440 1907 79 54 in
479 1907 172 54 personis:
612 1907 93 54 nec
665 1907 132 54 aliquo
758 1907 106 54 modo
824 1907 159 54 existunt
943 1907 79 54 in
983 1907 93 54 vna
1036 1907 185 54 personarum
1181 1907 79 54 ex
1221 1907 106 54 alia
1287 1907 93 54 vel
1340 1907 132 54 aliis:
1433 1907 93 54 nec
1486 1907 132 54 aliquo

121 1949 146 51 ordine
224 1949 161 51 naturae
340 1949 175 51 existunt
472 1949 131 51 primo
559 1949 88 51 in
603 1949 102 51 vna
662 1949 117 51 quam
735 1949 88 51 in
778 1949 131 51 aliis
866 1949 102 51 aut
924 1949 88 51 in
968 1949 131 51 alia:
1056 1949 131 51 licet
1143 1949 277 51 fundamentaliter
1377 1949 146 51 ordine
1465 1949 131 51 naturae

121 1996 189 54 fundamenta
269 1996 121 54 earum
350 1996 121 54 primo
431 1996 108 54 sint
498 1996 81 54 in
538 1996 108 54 vno,
606 1996 67 54 &
633 1996 148 54 secundo
741 1996 81 54 in
781 1996 135 54 aliis:
875 1996 108 54 quia
943 1996 67 54 a
970 1996 121 54 prima
1051 1996 148 54 persona
1159 1996 94 54 est
1213 1996 81 54 in
1253 1996 148 54 secunda
1361 1996 67 54 &
1388 1996 148 54 tertia.
1496 1996 81 54 Et
1523 1996 67 54 sic

124 2038 80 55 in
164 2038 119 55 prima
243 2038 146 55 persona
349 2038 106 55 sunt
416 2038 186 55 relationes
562 2038 119 55 illae
641 2038 119 55 cones
721 2038 119 55 primo
801 2038 212 55 radicaliter:
973 2038 66 55 &
1000 2038 146 55 secundo
1106 2038 80 55 in
1146 2038 159 55 secundua
1265 2038 159 55 persona,
1385 2038 66 55 &
1411 2038 133 55 tertio
1504 2038 80 55 in
1531 2038 66 55 ter

118 2092 105 55 tia.
183 2092 118 55 Licet
262 2092 118 55 etiam
340 2092 183 55 formaliter
484 2092 92 55 non
537 2092 131 55 statim
628 2092 170 55 existente
759 2092 118 55 prima
838 2092 157 55 existunt
956 2092 79 55 in
995 2092 105 55 illa
1060 2092 183 55 identitas,
1204 2092 183 55 aqualitas,
1348 2092 65 55 &
1375 2092 183 55 similitudo
1505 2092 79 55 eius

129 2134 73 50 ad
165 2134 109 50 alias
238 2134 73 50 ex
275 2134 73 50 eo
311 2134 97 50 quod
372 2134 85 50 est
420 2134 122 50 prima:
506 2134 85 50 sed
554 2134 158 50 solummodo
676 2134 158 50 existente
797 2134 134 50 persona
894 2134 146 50 secunda:
1004 2134 61 50 &
1028 2134 73 50 ex
1064 2134 73 50 eo
1101 2134 97 50 quod
1162 2134 85 50 est
1210 2134 146 50 secunda,
1320 2134 73 50 vt
1356 2134 85 50 iam
1405 2134 122 50 dictum
1490 2134 85 50 est
1526 2134 61 50 su-

128 2180 103 57 pra:
192 2180 90 57 non
244 2180 115 57 tamen
321 2180 128 57 aliquo
410 2180 103 57 modo
475 2180 90 57 est
526 2180 180 57 identitas,
667 2180 192 57 aequalitas,
821 2180 90 57 aut
872 2180 180 57 similitudo
1014 2180 115 57 primo
1091 2180 77 57 in
1129 2180 141 57 secunda
1232 2180 154 57 persona,
1347 2180 64 57 &
1373 2180 141 57 secundo
1476 2180 77 57 in
1501 2180 90 57 prima

119 2222 82 56 ab
160 2222 150 56 vtraque
269 2222 136 56 aliquo
365 2222 136 56 ordine
460 2222 164 56 naturae:
583 2222 95 56 aut
638 2222 136 56 aliter
733 2222 82 56 in
774 2222 150 56 secunda
883 2222 109 56 quam
951 2222 82 56 in
992 2222 136 56 prima:
1088 2222 95 56 sed
1142 2222 123 56 simul
1224 2222 68 56 &
1252 2222 205 56 vniformiter
1415 2222 82 56 in
1456 2222 150 56 vtraque

126 2264 83 53 Et
168 2264 96 53 sic
223 2264 83 53 de
264 2264 138 53 tertia
360 2264 165 53 respectu
484 2264 138 53 primae
580 2264 69 53 &
608 2264 179 53 secundae.
745 2264 124 53 Licet
828 2264 110 53 enim
896 2264 96 53 (vt
951 2264 138 53 dictum
1048 2264 110 53 est)
1116 2264 206 53 radicaliter
1281 2264 151 53 propter
1391 2264 179 53 fudamenta
1515 2264 69 53 non

121 2310 146 50 habeant
227 2310 106 50 esse
293 2310 199 50 vniformiter
453 2310 80 50 in
492 2310 133 50 tribus
585 2310 173 50 personis:
718 2310 93 50 sed
771 2310 66 50 a
798 2310 146 50 persona
904 2310 119 50 prima
984 2310 80 50 in
1023 2310 159 50 secunda:
1143 2310 66 50 &
1169 2310 80 50 ab
1209 2310 146 50 vtraque
1315 2310 80 50 in
1355 2310 146 50 tertia:
1462 2310 66 50 &
1488 2310 93 50 sic
1528 2310 53 50 or

120 2359 112 57 dine
190 2359 140 57 quodam
288 2359 154 57 naturae
399 2359 126 57 penes
483 2359 140 57 primum
581 2359 70 57 &
609 2359 168 57 secundum
735 2359 140 57 habent
833 2359 112 57 esse
902 2359 84 57 in
944 2359 182 57 personis:
1084 2359 126 57 sicut
1168 2359 70 57 &
1196 2359 154 57 illarum
1308 2359 196 57 fudamenta:
1447 2359 140 57 relatio-

123 2400 88 56 nes
174 2400 114 56 tamen
250 2400 126 56 dictae
338 2400 151 56 fundatae
452 2400 76 56 in
489 2400 114 56 illis
565 2400 76 56 vt
603 2400 164 56 geminatis
729 2400 151 56 secundum
843 2400 164 56 rationem:
969 2400 151 56 secundum
1083 2400 101 56 esse
1146 2400 101 56 suum
1209 2400 164 56 conpletum
1335 2400 63 56 &
1360 2400 139 56 formale
1449 2400 126 56 conside-

130 2448 123 51 ratae
213 2448 96 51 non
267 2448 137 51 habent
363 2448 110 51 esse
432 2448 137 51 ordine
528 2448 151 51 naturae
638 2448 123 51 primo
720 2448 82 51 in
761 2448 110 51 vna,
830 2448 69 51 &
857 2448 151 51 secundo
967 2448 82 51 in
1008 2448 137 51 aliis:
1104 2448 96 51 nec
1159 2448 82 51 ab
1200 2448 96 51 vna
1255 2448 137 51 primo,
1351 2448 69 51 &
1378 2448 123 51 deide
1461 2448 82 51 ab
1488 2448 96 51 aliis

128 2492 116 53 sicut
206 2492 91 53 nec
257 2492 103 53 ipsa
322 2492 155 53 dualitas
439 2492 91 53 aut
490 2492 155 53 trinitas
607 2492 194 53 personarum.
762 2492 78 53 Et
801 2492 91 53 sic
853 2492 155 53 quamquam
969 2492 155 53 secundum
1085 2492 116 53 dicta
1163 2492 181 53 aspiciendo
1305 2492 78 53 ad
1344 2492 129 53 dictum
1435 2492 142 53 ordinem
1525 2492 52 53 na

117 2544 148 49 turalem
224 2544 94 49 quo
278 2544 121 49 prima
358 2544 148 49 persona
465 2544 121 49 habet
546 2544 81 49 in
586 2544 81 49 se
626 2544 81 49 ex
667 2544 81 49 se
707 2544 121 49 illud
787 2544 107 49 vnum
854 2544 67 49 a
881 2544 94 49 quo
935 2544 174 49 causantur
1069 2544 134 49 dictae
1163 2544 188 49 relationes
1311 2544 188 49 identitas,
1445 2544 134 49 aequali-

128 2588 106 48 tas,
194 2588 66 48 &
221 2588 199 48 similitudo:
380 2588 66 48 &
406 2588 119 48 aliae
486 2588 159 48 personae
605 2588 133 48 habent
698 2588 119 48 illud
778 2588 66 48 a
804 2588 133 48 prima,
897 2588 133 48 quoquo
990 2588 106 48 modo
1057 2588 133 48 dictae
1149 2588 186 48 relationes
1295 2588 93 48 non
1348 2588 106 48 sint
1402 2588 172 48 vniformiter

130 2624 70 54 in
165 2624 140 54 personis
270 2624 140 54 diuinis:
375 2624 70 54 vt
410 2624 152 54 propterea
527 2624 105 54 prima
597 2624 128 54 persona
690 2624 175 54 simpliciter
830 2624 117 54 possit
912 2624 93 54 dici
970 2624 105 54 eadem
1040 2624 140 54 aequalis
1145 2624 58 54 &
1168 2624 128 54 similis
1261 2624 140 54 secundae
1366 2624 140 54 personae
1471 2624 58 54 &
1483 2624 105 54 tertiae

125 2671 63 54 &
151 2671 138 54 persona
251 2671 138 54 secunda
351 2671 63 54 &
376 2671 125 54 tertia
464 2671 125 54 quoquo
552 2671 100 54 modo
615 2671 88 54 non
665 2671 188 54 simpliciter
816 2671 151 54 dicantur
929 2671 125 54 eaedem
1016 2671 151 54 aequales
1129 2671 63 54 &
1154 2671 138 54 similes
1255 2671 138 54 primae:
1355 2671 88 54 sed
1405 2671 125 54 potius
1481 2671 100 54 coeae-

121 2716 98 76 dem
177 2716 195 76 coaequales
330 2716 70 76 &
358 2716 209 76 consimiles:
526 2716 84 76 vt
568 2716 126 76 quasi
651 2716 98 76 per
707 2716 153 76 quandam
819 2716 209 76 imitationem
986 2716 223 76 identitatis,
1167 2716 237 76 aequalitatis,
1363 2716 70 76 &
1377 2716 209 76 similitudinis
