2017 3211
397 262 73 78 &
427 262 161 78 habeant
544 262 161 78 commune
661 262 73 78 &
691 262 117 78 vnum
764 262 117 78 quod
837 262 117 78 ambo
911 262 117 78 funt
984 262 147 78 filii:
1087 262 176 78 secundum
1218 262 103 78 hoc
1277 262 117 78 ergo
1350 262 103 78 nec
1409 262 147 78 iidem,
1512 262 103 78 nec
1570 262 191 78 aequales,
1717 262 103 78 nec
1761 262 132 78 similes

396 336 159 50 dicuntur,
518 336 86 50 nec
567 336 86 50 est
617 336 147 50 filiatio
727 336 147 50 existens
837 336 74 50 in
874 336 135 50 ambobus
972 336 135 50 relatio
1070 336 159 50 communis:
1193 336 74 50 vt
1230 336 123 50 dictum
1316 336 86 50 est
1365 336 123 50 supra,
1451 336 135 50 articu.
1549 336 74 50 id
1586 336 86 50 est
1635 336 147 50 quaestid
1745 336 86 50 est
1794 336 74 50 de
1819 336 61 50 re-

405 381 168 59 lationibus
537 381 180 59 communibus.
682 381 96 59 Nunc
742 381 108 59 autem
814 381 72 59 in
850 381 132 59 diuinis
946 381 84 59 non
994 381 84 59 est
1042 381 84 59 ita
1090 381 84 59 qod
1138 381 144 59 scilicet
1247 381 96 59 idem
1307 381 84 59 sit
1355 381 108 59 pater
1427 381 60 59 &
1451 381 132 59 filius,
1547 381 108 59 neque
1619 381 144 59 respectu
1728 381 120 59 vnius,
1800 381 84 59 neque

392 425 188 54 respectu
533 425 235 54 diuersorum,
721 425 125 54 nisi
799 425 188 54 secundum
940 425 219 54 Sabellium,
1112 425 109 54 qui
1174 425 141 54 ponit
1268 425 219 54 personarum
1440 425 235 54 confusionem
1627 425 94 54 in
1659 425 156 54 diuinis.

670 481 116 81 Irca
743 481 160 81 quintum
859 481 174 81 arguitur
990 481 116 81 quod
1062 481 203 81 distinctio
1222 481 73 81 &
1251 481 218 81 differentia
1425 481 203 81 relationum
1584 481 189 81 conmunium
1729 481 87 81 in
1773 481 102 81 deo
1816 481 73 81 con

685 555 163 55 paratur
804 555 89 55 ex
848 555 237 55 comparatione
1041 555 89 55 ad
1086 555 148 55 easdem
1190 555 89 55 vt
1234 555 148 55 habent
1338 555 119 55 esse
1412 555 89 55 in
1457 555 208 55 creaturis,
1620 555 134 55 Primo
1709 555 119 55 sic.
1768 555 119 55 Diuina

688 598 186 51 essentia
827 598 124 51 siue
904 598 124 51 deus
982 598 77 51 &
1013 598 186 51 quicquid
1152 598 108 51 est
1214 598 93 51 in
1261 598 108 51 eo,
1323 598 124 51 vnum
1400 598 108 51 est
1462 598 77 51 &
1493 598 170 51 idipsum
1617 598 93 51 re
1664 598 77 51 &
1695 598 170 51 ratione
1803 598 93 51 sibi

696 647 172 56 propria,
824 647 72 56 &
853 647 100 56 hoc
910 647 143 56 absque
1010 647 114 56 omni
1082 647 215 56 pluralitate
1253 647 72 56 &
1282 647 243 56 distinctione.
1482 647 100 56 sed
1539 647 114 56 tale
1611 647 100 56 cum
1668 647 172 56 secundum
1797 647 86 56 se
1825 647 72 56 cum

677 697 170 53 ratione
800 697 123 53 sibi
877 697 170 53 propria
1000 697 154 53 absque
1108 697 247 53 comparatione
1309 697 123 53 siue
1386 697 216 53 habitudine
1556 697 93 53 ad
1602 697 139 53 aliud
1695 697 139 53 extra
1772 697 123 53 appre-

615 734 100 55 ral
672 734 172 55 henditur
801 734 115 55 quod
873 734 100 55 est
930 734 187 55 differens
1074 734 100 55 re:
1131 734 143 55 absque
1232 734 115 55 omni
1303 734 215 55 pluralitate
1476 734 72 55 &
1504 734 230 55 distinctione
1676 734 230 55 apprehenditur.

401 788 123 52 ergo
478 788 154 52 diuina
586 788 185 52 essentia
724 788 123 52 siue
801 788 123 52 deus
879 788 108 52 cum
940 788 262 52 apprehenditur
1156 788 154 52 absque
1264 788 247 52 comparatione
1464 788 77 52 &
1495 788 216 52 habitudine
1665 788 93 52 ad
1711 788 139 52 aliud
1788 788 108 52 extra

405 827 188 54 differens
549 827 101 54 re:
607 827 144 54 absque
708 827 116 54 omni
780 827 217 54 pluralitate
953 827 72 54 &
982 827 231 54 distinctione
1170 827 260 54 apprehenditur.
1387 827 87 54 Si
1430 827 130 54 autem
1517 827 144 54 absque
1618 827 116 54 omni
1690 827 217 54 pluralitate
1849 827 43 54 &

402 873 258 52 distinctione:
614 873 121 52 ergo
690 873 76 52 &
720 873 152 52 absque
826 873 227 52 pluralitate
1008 873 76 52 &
1039 873 243 52 distinctione
1236 873 243 52 attributorum
1433 873 243 52 essentialium
1630 873 76 52 &
1661 873 212 52 relationum
1812 873 76 52 com

407 919 165 48 munium:
527 919 120 48 quia
602 919 165 48 illarum
722 919 210 48 distinctio
888 919 75 48 &
918 919 210 48 pluralitas
1083 919 210 48 apprehendi
1248 919 105 48 non
1308 919 150 48 potest
1413 919 120 48 fine
1488 919 240 48 distinctione
1684 919 75 48 &
1699 919 195 48 pluralitate

415 965 116 54 nter
488 965 233 54 substantiam,
677 965 218 54 qualitatem,
852 965 73 54 &
881 965 233 54 quantitatem:
1070 965 87 54 vt
1113 965 131 54 patet
1201 965 87 54 ex
1244 965 131 54 supra
1331 965 247 54 determinatis.
1564 965 160 54 Secundo
1680 965 116 54 sic.
1753 965 87 54 Si
1782 965 102 54 circa

411 1007 189 59 essentiam
557 1007 160 59 diuinam
673 1007 261 59 apprehendantur
890 1007 131 59 plura
978 1007 203 59 distincta,
1137 1007 102 59 hoc
1195 1007 102 59 non
1253 1007 145 59 potest
1355 1007 116 59 esse
1428 1007 116 59 nisi
1500 1007 232 59 tripliciter:
1689 1007 116 59 quia
1761 1007 102 59 aut
1819 1007 102 59 ap-

411 1051 186 56 prehendit
554 1051 114 56 illa
625 1051 186 56 distincta
768 1051 171 56 secundum
897 1051 86 56 se
939 1051 71 56 &
968 1051 229 56 simpliciter:
1154 1051 100 56 aut
1211 1051 100 56 per
1268 1051 243 56 comparationem
1468 1051 129 56 eorum
1554 1051 200 56 adinuicem,
1711 1051 100 56 aut
1768 1051 100 56 per
1811 1051 86 56 con-

411 1102 215 49 parationem
580 1102 92 49 ad
626 1102 169 49 similia
749 1102 92 49 re
795 1102 200 49 distincta
949 1102 92 49 in
995 1102 215 49 creaturis.
1164 1102 108 49 Non
1226 1102 138 49 primo
1318 1102 138 49 modo,
1410 1102 123 49 quia
1487 1102 123 49 tunc
1564 1102 108 49 per
1626 1102 231 49 intellectum
1810 1102 108 49 non

409 1149 124 55 esset
492 1149 138 55 talium
589 1149 207 55 distinctio:
755 1149 97 55 sed
810 1149 124 55 magis
893 1149 111 55 illa
962 1149 124 55 circa
1045 1149 152 55 diuinam
1156 1149 180 55 essentiam
1294 1149 180 55 distincta
1432 1149 193 55 inueniret,
1584 1149 111 55 quod
1653 1149 138 55 nullus
1736 1149 152 55 concedit.

417 1188 106 55 Non
477 1188 166 55 secundo
598 1188 136 55 modo:
689 1188 121 55 quia
765 1188 242 55 comparabilia
961 1188 151 55 debent
1067 1188 212 55 praecedere
1234 1188 272 55 comparationem,
1460 1188 76 55 &
1491 1188 136 55 actus
1581 1188 257 55 comparationis
1778 1188 121 55 semper

410 1234 250 50 praesupponit
614 1234 266 50 distinctionem
833 1234 266 50 comparatorum.
1052 1234 235 50 Relinquitur
1239 1234 125 50 ergo
1317 1234 141 50 modus
1411 1234 172 50 tertius
1536 1234 94 50 vt
1583 1234 250 50 necessarius.
1802 1234 94 50 Con-

402 1280 118 58 tra,
476 1280 103 58 vbi
535 1280 148 58 potest
638 1280 118 58 esse
712 1280 133 58 maior
801 1280 221 58 distinctio,
978 1280 74 58 &
1007 1280 148 58 minor.
1110 1280 133 58 maior
1199 1280 103 58 est
1258 1280 207 58 distinctio
1420 1280 192 58 diuinarum
1568 1280 207 58 personarum
1730 1280 118 58 quam
1789 1280 103 58 attri

399 1325 185 59 butorum
534 1325 118 59 aut
601 1325 235 59 relationum
786 1325 219 59 communium
954 1325 286 59 consequentium
1190 1325 151 59 illa:
1291 1325 151 59 quare
1391 1325 118 59 cum
1459 1325 135 59 illa
1543 1325 168 59 potest
1661 1325 135 59 esse
1745 1325 101 59 in
1778 1325 118 59 diui-

404 1365 102 64 nis
463 1365 146 64 absque
565 1365 205 64 habitudine
726 1365 88 64 ad
770 1365 161 64 aliquid
887 1365 146 64 extra,
989 1365 73 64 &
1004 1365 102 64 ista.

440 1412 108 74 Ad
494 1412 270 74 quaestionis
710 1412 162 74 huius
817 1412 306 74 dissolutionem
1069 1412 162 74 circa
1177 1412 252 74 relationes
1375 1412 216 74 communes
1536 1412 216 74 fundatas
1698 1412 162 74 super
1788 1412 108 74 diui

410 1473 108 49 nam
471 1473 200 49 essentiam
625 1473 77 49 &
656 1473 200 49 attributa
810 1473 231 49 essentialia
994 1473 123 49 quae
1071 1473 123 49 sunt
1148 1473 200 49 quantitas
1302 1473 77 49 &
1333 1473 200 49 qualitas,
1487 1473 123 49 quam
1564 1473 139 49 supra
1641 1473 246 49 determinauimus

412 1511 142 60 circa
507 1511 236 60 substantiam
695 1511 173 60 diuinam
821 1511 79 60 &
853 1511 126 60 eius
931 1511 204 60 attributa
1088 1511 252 60 generaliter,
1293 1511 79 60 &
1324 1511 142 60 etiam
1419 1511 94 60 ad
1466 1511 204 60 ampliorem
1623 1511 267 60 declarationem
1827 1511 79 60 eo-

411 1561 103 47 rum
470 1561 118 47 quae
544 1561 133 47 tacta
633 1561 118 47 sunt
706 1561 103 47 ibi
765 1561 133 47 circa
854 1561 251 47 distinctionem
1061 1561 236 47 attributorum
1253 1561 74 47 &
1282 1561 221 47 substantiae
1459 1561 103 47 seu
1518 1561 192 47 essentiae
1666 1561 89 47 in
1710 1561 118 47 deo,
1784 1561 103 47 est
1828 1561 74 47 hic

411 1605 219 51 aduertendum,
589 1605 110 51 quod
658 1605 82 51 ex
699 1605 151 51 omnibus
808 1605 110 51 quae
877 1605 96 51 per
932 1605 219 51 proprietatem
1110 1605 82 51 de
1151 1605 96 51 deo
1205 1605 178 51 dicuntur,
1342 1605 96 51 non
1397 1605 96 51 est
1452 1605 110 51 nisi
1520 1605 151 51 vnicum.
1630 1605 164 51 scilicet
1753 1605 110 51 esse
1808 1605 82 51 siue

412 1652 119 44 ens,
487 1652 75 44 a
516 1652 104 44 quo
576 1652 119 44 deus
651 1652 119 44 ipse
725 1652 164 44 dicitur
844 1652 75 44 &
874 1652 224 44 denominatur
1053 1652 194 44 essentia,
1202 1652 119 44 quod
1277 1652 149 44 omnino
1381 1652 164 44 proprie
1500 1652 89 44 de
1545 1652 119 44 ipso
1620 1652 179 44 dicitur,
1754 1652 75 44 &
1784 1652 104 44 est
1828 1652 75 44 pri

409 1694 87 55 ma
453 1694 73 55 &
482 1694 218 55 principalis
656 1694 131 55 ratio
744 1694 262 55 perfectionalis
962 1694 87 55 in
1005 1694 102 55 deo
1063 1694 189 55 existens,
1209 1694 73 55 &
1238 1694 87 55 ad
1281 1694 203 55 dignitatem
1441 1694 203 55 pertinens.
1601 1694 203 55 Substantia
1761 1694 116 55 enim
1833 1694 102 55 non

403 1741 86 52 ita
452 1741 135 52 proprie
550 1741 74 52 de
587 1741 86 52 deo
636 1741 147 52 dicitur.
747 1741 135 52 dicente
845 1741 160 52 Augustius
968 1741 98 52 vii.
1029 1741 74 52 de
1066 1741 184 52 triniitate.
1214 1741 86 52 ca.
1263 1741 111 52 iiii.
1337 1741 74 52 in
1374 1741 111 52 fine.
1447 1741 111 52 Sicut
1521 1741 74 52 ab
1558 1741 74 52 eo
1595 1741 98 52 quod
1656 1741 86 52 est
1705 1741 98 52 esse
1755 1741 147 52 appellatur

407 1786 178 50 essentia:
545 1786 96 50 ita
599 1786 124 50 etiam
682 1786 82 50 ab
723 1786 82 50 eo
764 1786 110 50 quod
833 1786 96 50 est
888 1786 192 50 subsistere
1039 1786 206 50 substantiam
1204 1786 165 50 dicimus,
1327 1786 82 50 si
1368 1786 124 50 tamen
1451 1786 137 50 dignum
1547 1786 96 50 est
1602 1786 82 50 vt
1643 1786 110 50 deus
1712 1786 151 50 dicatur
1808 1786 82 50 suba

404 1834 163 55 sistere.
527 1834 82 55 Et
568 1834 150 55 probato
676 1834 109 55 quod
744 1834 95 55 hoc
799 1834 95 55 non
853 1834 95 55 sit
907 1834 150 55 dignum,
1016 1834 136 55 subdit
1111 1834 82 55 in
1152 1834 109 55 fine
1220 1834 136 55 quinti
1315 1834 163 55 capituli
1438 1834 150 55 dicens.
1546 1834 82 55 Et
1587 1834 122 55 tamen
1669 1834 109 55 siue
1737 1834 163 55 essentia
1846 1834 54 55 di

409 1874 131 49 catur,
500 1874 105 49 quod
566 1874 144 49 proprie
671 1874 157 49 dicitur,
788 1874 105 49 siue
854 1874 196 49 substantia,
1011 1874 105 49 quod
1076 1874 157 49 abusiue,
1194 1874 157 49 vtrumque
1311 1874 78 49 ad
1351 1874 78 49 se
1390 1874 157 49 dicitur,
1508 1874 92 49 non
1560 1874 170 49 relatiue.
1691 1874 170 49 Intellige
1822 1874 105 49 quod

403 1922 159 62 vtrumque
522 1922 119 62 eorum
602 1922 93 62 sic
655 1922 80 62 ad
695 1922 106 62 sei.
761 1922 80 62 i.
801 1922 159 62 absolute
921 1922 159 62 dicitur,
1040 1922 106 62 quod
1106 1922 146 62 neutrum
1213 1922 119 62 eorum
1292 1922 186 62 relationem
1438 1922 146 62 aliquam
1545 1922 93 62 aut
1598 1922 173 62 respectum
1730 1922 80 62 ex
1770 1922 93 62 suo
1810 1922 93 62 signi

395 1964 147 49 ficato
498 1964 191 49 importat,
645 1964 132 49 sicut
733 1964 103 49 nec
792 1964 162 49 aliquod
909 1964 162 49 aliorum
1027 1964 220 49 absolutorum
1203 1964 235 49 essentialium
1394 1964 88 49 in
1438 1964 162 49 diuinis
1555 1964 162 49 praeter
1673 1964 191 49 essentiam
1805 1964 88 49 sim-

404 2014 218 57 plicissimum
579 2014 189 57 conceptum
724 2014 189 57 importat,
869 2014 102 57 qui
928 2014 131 57 primo
1015 2014 160 57 aspectu
1131 2014 87 57 de
1175 2014 102 57 deo
1233 2014 203 57 concipitur
1392 2014 174 57 secundum
1523 2014 87 57 se
1567 2014 73 57 &
1596 2014 189 57 absolute:
1741 2014 160 57 caetera
1843 2014 58 57 ve

392 2057 91 50 ro
437 2057 198 50 important
590 2057 198 50 conceptum
742 2057 198 50 essentiae
894 2057 107 50 sub
955 2057 152 50 aliqua
1061 2057 167 50 ratione
1183 2057 228 50 determinata
1366 2057 183 50 concepta
1502 2057 137 50 circa
1594 2057 198 50 essentiam
1746 2057 91 50 ex
1776 2057 122 50 habitu

408 2101 111 51 dine
477 2101 83 51 ad
519 2101 152 51 aliquid
630 2101 138 51 aliud.
726 2101 194 51 Aspiciendo
879 2101 111 51 enim
948 2101 83 51 ad
989 2101 221 51 impositionem
1169 2101 152 51 nominis
1280 2101 194 51 substantia
1432 2101 83 51 in
1474 2101 166 51 diuinis,
1598 2101 125 51 super
1681 2101 166 51 rationem
1792 2101 97 51 essen

405 2147 119 59 tiae
479 2147 119 59 quae
554 2147 252 59 absolutissima
761 2147 104 59 est
821 2147 178 59 rationem
954 2147 237 59 determinatam
1147 2147 178 59 importat
1281 2147 163 59 sumptam
1399 2147 104 59 per
1459 2147 223 59 intellectum
1637 2147 89 59 ex
1681 2147 178 59 respectu
1800 2147 89 59 quem

399 2192 130 54 habet
485 2192 174 54 essentia
616 2192 87 54 ad
659 2192 159 54 caetera
775 2192 116 54 quae
847 2192 87 54 in
891 2192 159 54 diuinis
1006 2192 246 54 concipiuntur:
1209 2192 174 54 respectu
1339 2192 145 54 quorum
1440 2192 87 54 se
1484 2192 130 54 habet
1571 2192 174 54 essentia
1701 2192 130 54 sicut
1773 2192 116 54 subie-

413 2242 119 50 ctum
488 2242 74 50 &
517 2242 238 50 fundamentum.
711 2242 164 50 Dicitur
830 2242 119 50 enim
904 2242 179 50 essentia
1038 2242 208 50 substantia
1202 2242 74 50 a
1232 2242 223 50 subsistendo
1411 2242 208 50 quodammodo
1574 2242 208 50 rationibus
1723 2242 164 50 attributa

396 2281 143 56 libus,
496 2281 200 56 idealibus,
653 2281 301 56 perfectionalibus,
911 2281 72 56 &
939 2281 243 56 relationibus,
1140 2281 129 56 inter
1226 2281 114 56 quae
1297 2281 157 56 propria
1412 2281 129 56 ratio
1498 2281 114 56 soli
1569 2281 100 56 deo
1626 2281 200 56 conveniens
1770 2281 114 56 perfe-

402 2333 187 46 ctionalis
545 2333 201 46 consequens
703 2333 144 46 ordine
804 2333 172 46 rationis
933 2333 187 46 essentiam
1077 2333 115 46 dei,
1149 2333 101 46 est
1206 2333 144 46 diuina
1307 2333 216 46 immensitas:
1479 2333 115 46 quae
1551 2333 101 46 est
1609 2333 158 46 quaedam
1724 2333 144 46 diuina
1810 2333 86 46 quam

401 2376 133 47 titas:
494 2376 80 47 vt
534 2376 120 47 infra
613 2376 226 47 declarabitur.
800 2376 146 47 Caetera
906 2376 106 47 vero
972 2376 146 47 diuina.
1079 2376 160 47 scilicet
1199 2376 66 47 &
1225 2376 173 47 attributa
1358 2376 66 47 &
1385 2376 146 47 fundata
1491 2376 80 47 in
1531 2376 133 47 illis,
1624 2376 93 47 nec
1677 2376 93 47 non
1730 2376 66 47 &
1757 2376 120 47 aliae
1824 2376 66 47 ra-

404 2421 147 50 tiones
507 2421 265 50 perfectionales
728 2421 206 50 existentes
890 2421 88 50 in
934 2421 147 50 diuina
1037 2421 191 50 essentia:
1184 2421 147 50 ordine
1287 2421 147 50 quodam
1390 2421 177 50 rationis
1522 2421 88 50 in
1566 2421 147 50 diuina
1669 2421 206 50 substantia
1816 2421 74 50 se-

402 2463 175 58 quuntur
529 2463 127 58 eius
609 2463 270 58 immensitatem,
831 2463 143 58 sicut
927 2463 223 58 quodammodo
1102 2463 95 58 in
1150 2463 254 58 corporalibus
1356 2463 95 58 ad
1404 2463 191 58 materiam
1547 2463 207 58 immediate
1690 2463 207 58 consequitur

409 2515 186 51 quantitas
552 2515 143 51 molis,
652 2515 71 51 &
680 2515 172 51 mediante
809 2515 114 51 illa
880 2515 157 51 caetera
995 2515 143 51 omnia.
1123 2515 86 51 De
1166 2515 172 51 caeteris
1295 2515 129 51 autem
1381 2515 229 51 consideratis
1567 2515 86 51 in
1609 2515 214 51 immensitate
1767 2515 114 51 diuina

412 2556 206 52 substantiae
577 2556 206 52 aduertendum
741 2556 96 52 est
796 2556 110 52 quod
865 2556 110 52 illa
933 2556 110 52 sunt
1002 2556 164 52 rationes
1125 2556 164 52 ideales,
1248 2556 69 52 &
1276 2556 233 52 attributales,
1468 2556 69 52 &
1495 2556 260 52 perfectionales:
1715 2556 110 52 quae
1769 2556 110 52 inihoc

396 2606 172 51 differunt
528 2606 106 51 quod
594 2606 158 51 rationes
713 2606 211 51 attributales
884 2606 106 51 sunt
950 2606 158 51 rationes
1069 2606 145 51 quaedam
1174 2606 238 51 perfectionales
1372 2606 198 51 secundariae
1531 2606 119 51 quasi
1610 2606 145 51 diuinae
1715 2606 145 51 naturae
1808 2606 79 51 siue

412 2646 187 47 essentiae
556 2646 216 47 supadditae,
729 2646 72 47 &
758 2646 101 47 hoc
815 2646 87 47 in
859 2646 144 47 diuina
960 2646 173 47 essentia
1089 2646 202 47 existentes
1248 2646 159 47 vnitae,
1363 2646 72 47 &
1392 2646 87 47 in
1436 2646 144 47 diuina
1536 2646 159 47 notitia
1652 2646 115 47 siue
1710 2646 187 47 intelligen-

403 2692 98 57 tia
459 2692 195 57 existentes
612 2692 195 57 distinctae
766 2692 70 57 &
794 2692 237 57 plurificatae.
989 2692 112 57 Sunt
1059 2692 126 57 autem
1143 2692 168 57 rationes
1269 2692 251 57 perfectionales
1478 2692 182 57 primariae
1618 2692 126 57 quasi
1702 2692 154 57 diuinae
1799 2692 98 57 essen

399 2736 125 72 tiae
477 2736 141 72 primo
571 2736 234 72 naturaliter
759 2736 187 72 inditae,
899 2736 94 72 in
946 2736 172 72 duplici
1071 2736 172 72 genere.
1196 2736 172 72 Quaedam
1321 2736 125 72 enim
1399 2736 125 72 sunt
1477 2736 156 72 omnino
1587 2736 203 72 absolutae
1743 2736 78 72 &
1758 2736 141 72 genera
