2017 3189
108 267 118 80 les,
182 267 191 80 cuiusmodi
329 267 103 80 est
388 267 147 80 viuere
490 267 118 80 siue
564 267 132 80 vita,
652 267 103 80 sub
711 267 103 80 quo
770 267 220 80 continentur
946 267 220 80 intelligens
1122 267 73 80 &
1152 267 162 80 volens:
1269 267 118 80 siue
1343 267 250 80 intelligentia
1534 267 44 80 &

106 331 195 58 voluntas.
256 331 165 58 Quaedam
376 331 120 58 vero
451 331 120 58 sunt
526 331 150 58 omnino
631 331 225 58 respectiuae
811 331 75 58 &
841 331 210 58 speciales,
1005 331 195 58 cuiusmodi
1155 331 120 58 sunt
1230 331 180 58 rationes
1365 331 180 58 ideales:
1485 331 90 58 quae

104 376 104 53 non
164 376 119 53 sunt
238 376 119 53 nisi
313 376 269 53 imitabilitates
537 376 164 53 quaedam
656 376 164 53 diuinae
775 376 194 53 essentiae
925 376 75 53 a
954 376 224 53 creaturarum
1133 376 194 53 essentiis
1283 376 179 53 secundum
1417 376 149 53 gradus
1506 376 75 53 di-

107 420 156 52 uersos
217 420 94 52 in
264 420 234 52 naturalibus
451 420 281 52 perfectionibus
685 420 203 52 earundem:
841 420 156 52 quibus
950 420 203 52 essentiae
1107 420 234 52 creaturarum
1294 420 109 52 per
1356 420 94 52 se
1388 420 187 52 referuntur

110 468 97 52 ad
158 468 178 52 diuinam
288 468 210 52 essentiam
449 468 97 52 vt
498 468 210 52 mensurata
660 468 97 52 ad
708 468 194 52 mensuram
854 468 178 52 secundo
983 468 162 52 genere
1096 468 243 52 relationis.
1290 468 97 52 Et
1339 468 129 52 sunt
1419 468 162 52 eaedem
1516 468 65 52 ra

108 511 146 48 tiones
210 511 131 48 istae
298 511 160 48 ideales
414 511 73 48 &
443 511 277 48 perfectionales:
676 511 87 48 vt
720 511 204 48 communiter
880 511 247 48 distinguuntur
1084 511 146 48 contra
1186 511 247 48 attributales:
1389 511 131 48 licet
1462 511 102 48 inter

106 553 91 48 se
151 553 182 48 propriis
288 553 213 48 rationibus
455 553 273 48 distinguantur.
683 553 182 48 Dicuntur
820 553 122 48 enim
896 553 137 48 ipsae
987 553 182 48 rationes
1123 553 182 48 ideales,
1260 553 182 48 rationes
1382 553 197 48 perfectiona

99 601 101 52 les
156 601 188 52 inquantum
301 601 217 52 continentur
475 601 145 52 vnitae
576 601 87 52 in
620 601 145 52 diuina
721 601 232 52 perfectione,
909 601 116 52 siue
982 601 87 52 in
1025 601 145 52 diuina
1126 601 174 52 essentia
1257 601 87 52 vt
1300 601 116 52 ipsa
1372 601 174 52 perfecta
1488 601 87 52 est.

108 644 90 58 Et
153 644 104 58 per
213 644 134 58 illas
302 644 119 58 ipsa
377 644 149 58 diuina
481 644 179 58 essentia
615 644 179 58 perfecta
750 644 90 58 vt
794 644 179 58 mensura:
929 644 179 58 refertur
1063 644 90 58 ad
1108 644 194 58 essentias
1257 644 239 58 creaturarum:
1451 644 104 58 sed
1495 644 75 58 per

107 692 190 46 accidens:
253 692 117 46 quia
326 692 175 46 scilicet
457 692 131 46 ipsae
545 692 190 46 essentiae
691 692 219 46 creaturarum
866 692 102 46 per
924 692 87 46 se
968 692 204 46 referuntur
1128 692 87 46 ad
1172 692 160 46 diuinam
1288 692 190 46 essentiam
1434 692 175 46 secundum

102 736 113 61 suas
173 736 227 61 perfectiones
357 736 85 61 vt
399 736 184 61 mensurata
541 736 85 61 ab
583 736 113 61 illa
654 736 170 61 secundum
782 736 170 61 rationes
909 736 255 61 perfectionales
1122 736 198 61 existentes
1278 736 85 61 in
1320 736 127 61 illa.
1405 736 127 61 Ipsae
1476 736 99 61 autem

102 781 154 50 eaedem
209 781 185 50 rationes
348 781 277 50 perfectionales
578 781 185 50 dicuntur
717 781 185 50 rationes
855 781 169 50 ideales
978 781 200 50 inquantum
1132 781 231 50 continentur
1317 781 138 50 quasi
1393 781 185 50 segregatae

104 823 73 50 &
134 823 205 50 distinctae
294 823 88 50 in
338 823 146 50 diuina
440 823 161 50 notitia
557 823 117 50 siue
630 823 263 50 intelligentia,
850 823 73 50 &
879 823 102 50 hoc
937 823 88 50 in
981 823 146 50 ordine
1083 823 117 50 siue
1156 823 205 50 habitudine
1317 823 88 50 ad
1361 823 190 50 essentias
1492 823 88 50 crea

92 872 184 53 turarum,
230 872 77 53 &
260 872 184 53 secundum
398 872 184 53 rationem
536 872 153 53 formae
643 872 230 53 exemplaris,
827 872 92 53 in
873 872 230 53 cognoscendo
1056 872 184 53 scilicet
1194 872 107 53 per
1255 872 138 53 illas
1347 872 230 53 creaturarum
1516 872 61 53 es

103 915 173 47 sentias,
232 915 72 47 &
261 915 173 47 secundum
391 915 173 47 rationem
520 915 216 47 efficientis
693 915 86 47 in
736 915 216 47 instituendo
909 915 130 47 illas
996 915 86 47 vt
1039 915 115 47 sint
1111 915 158 47 aliquid
1226 915 173 47 secundum
1356 915 115 47 esse
1414 915 158 47 essentiae

96 960 110 55 sub
159 960 236 55 determinato
348 960 141 55 gradu
442 960 252 55 perfectionis
646 960 94 55 in
694 960 126 55 ipsa
772 960 141 55 earum
867 960 204 55 essentia.
1024 960 141 55 Omnes
1118 960 126 55 enim
1197 960 189 55 rationes
1322 960 252 55 perfectionales

104 1006 153 51 quibus
211 1006 168 51 diuersi
333 1006 153 51 gradus
439 1006 244 51 perfectionum
638 1006 214 51 respondent
805 1006 92 51 in
851 1006 198 51 creaturis
1004 1006 92 51 vt
1049 1006 275 51 perfectionales
1278 1006 122 51 sunt
1354 1006 92 51 in
1385 1006 183 51 perfectio-

103 1053 82 49 ne
144 1053 151 49 diuinae
254 1053 178 49 essentiae
391 1053 164 49 virtute,
514 1053 68 49 &
541 1053 82 49 vt
582 1053 82 49 in
623 1053 96 49 vno
678 1053 164 49 simplici
801 1053 164 49 indiuiso
925 1053 123 49 atque
1007 1053 219 49 indiuisibili
1185 1053 192 49 continente
1335 1053 96 49 eas
1390 1053 151 49 vnitae:
1486 1053 82 49 quem

99 1098 163 44 admodum
218 1098 89 44 in
262 1098 148 44 calore
365 1098 89 44 si
410 1098 133 44 esset
498 1098 207 44 separatus,
661 1098 89 44 in
705 1098 104 44 vno
765 1098 177 44 simplici
898 1098 163 44 virtute
1016 1098 251 44 continerentur
1223 1098 133 44 omnes
1312 1098 148 44 gradus
1415 1098 148 44 omnium
1504 1098 59 44 ca

101 1141 136 48 lorum
192 1141 227 48 existentium
373 1141 76 48 &
404 1141 166 48 natorum
525 1141 182 48 existere
661 1141 91 48 in
706 1141 182 48 materia.
843 1141 166 48 praeter
964 1141 106 48 hoc
1024 1141 121 48 quod
1100 1141 91 48 in
1145 1141 151 48 calore
1251 1141 182 48 separato
1372 1141 197 48 contineren-

92 1183 106 57 tur
152 1183 166 57 virtute
273 1183 136 57 omnes
363 1183 151 57 gradus
469 1183 166 57 calorum
589 1183 90 57 in
635 1183 106 57 vno
695 1183 181 57 simplici
831 1183 151 57 finito
936 1183 75 57 &
966 1183 90 57 in
1011 1183 136 57 gradu
1102 1183 166 57 finitae
1222 1183 241 57 perfectionis
1403 1183 151 57 existen-

102 1230 102 53 te.
161 1230 87 53 In
204 1230 146 53 diuina
306 1230 117 53 vero
379 1230 175 53 essentia
511 1230 248 53 continerentur
715 1230 160 53 virtute
831 1230 87 53 in
875 1230 102 53 vno
933 1230 175 53 simplici
1064 1230 175 53 infinito
1196 1230 73 53 &
1225 1230 233 53 perfectionis
1400 1230 160 53 infinitae

107 1274 144 60 absque
207 1274 115 60 omni
280 1274 144 60 gradu,
380 1274 173 60 secundum
510 1274 115 60 quod
582 1274 130 60 alias
669 1274 202 60 exposuimus
827 1274 86 60 in
870 1274 202 60 quaestione
1029 1274 173 60 secunda.
1159 1274 144 60 xiiii.
1259 1274 202 60 Quodlibet.
1418 1274 144 60 Eaedem
1504 1274 58 60 ve

99 1319 85 53 ro
141 1319 170 53 rationes
269 1319 114 53 quae
340 1319 85 53 vt
383 1319 85 53 in
425 1319 156 53 diuinae
539 1319 185 53 essentiae
681 1319 213 53 perfectione
851 1319 114 53 sunt
922 1319 156 53 vnitae:
1036 1319 114 53 sunt
1107 1319 170 53 rationes
1234 1319 256 53 perfectionales
1447 1319 71 53 &
1462 1319 99 53 prin-

101 1367 135 44 cipia
191 1367 180 44 formalia
325 1367 90 44 in
370 1367 209 44 mensurando
535 1367 239 44 perfectiones
729 1367 239 44 creaturarum:
924 1367 90 44 vt
969 1367 135 44 autem
1058 1367 165 44 actione
1178 1367 120 44 sunt
1253 1367 90 44 in
1298 1367 150 44 diuina
1402 1367 165 44 notitia
1507 1367 60 44 vt

89 1410 91 50 in
134 1410 257 50 apprehendente
345 1410 75 50 &
376 1410 241 50 distinguente
572 1410 106 50 eas
632 1410 75 50 &
662 1410 257 50 plurificante,
874 1410 121 50 sunt
949 1410 181 50 rationes
1085 1410 181 50 ideales,
1221 1410 75 50 &
1251 1410 196 50 principia
1387 1410 181 50 exemplaria

107 1458 79 57 in
146 1458 198 57 instituendo
305 1458 211 57 perfectiones
476 1458 198 57 creaturarum
634 1458 79 57 in
674 1458 106 57 esse
740 1458 185 57 essentiae,
885 1458 66 57 &
911 1458 92 57 hoc
964 1458 171 57 priusquam
1096 1458 158 57 secundum
1215 1458 158 57 rationes
1334 1458 119 57 illas
1413 1458 119 57 fiant
1479 1458 92 57 ipsae

96 1500 187 49 essentiae
239 1500 216 49 creaturarum
412 1500 86 49 in
455 1500 115 49 esse
527 1500 173 49 actuali.
657 1500 144 49 Quarum
757 1500 245 49 distinctionem
959 1500 86 49 re
1002 1500 115 49 vera
1074 1500 101 49 nec
1131 1500 216 49 intellectus
1304 1500 158 49 diuinus
1419 1500 129 49 circa
1491 1500 72 49 per

103 1544 186 49 fectionem
245 1544 157 49 diuinae
360 1544 186 49 essentiae
502 1544 243 49 apprehenderet
702 1544 86 49 vt
745 1544 143 49 plures
845 1544 171 49 secundum
973 1544 186 49 rationem,
1116 1544 114 49 nisi
1188 1544 86 49 in
1230 1544 200 49 habitudine
1387 1544 143 49 ipsius
1473 1544 100 49 diui-

92 1589 99 50 nae
148 1589 184 50 essentiae
290 1589 85 50 ad
332 1589 240 50 distinctionem
530 1589 141 50 realem
629 1589 156 50 ipsorum
743 1589 198 50 creabilium
898 1589 198 50 imitantium
1054 1589 170 50 secundum
1181 1589 170 50 diuersos
1308 1589 141 50 gradus
1393 1589 170 50 perfectio-

98 1628 98 60 nis
154 1628 112 60 suae
224 1628 224 60 perfectionem
405 1628 154 60 diuinae
517 1628 196 60 essentiae.
671 1628 98 60 Non
727 1628 112 60 quod
797 1628 112 60 idea
866 1628 168 60 secundum
992 1628 154 60 diuinam
1104 1628 265 60 considerationem
1328 1628 98 60 aut
1383 1628 168 60 nostram,
1495 1628 84 60 limi

103 1684 168 53 tationem
229 1684 154 53 aliquam
342 1684 183 53 importet,
482 1684 126 53 etiam
566 1684 98 53 per
622 1684 239 53 comparationem
819 1684 84 53 ad
861 1684 126 53 veram
945 1684 225 53 limitationem
1128 1684 197 53 existentem
1282 1684 168 53 secundum
1409 1684 140 53 gradus
1507 1684 84 53 in

100 1724 173 50 essentia
229 1724 202 50 creaturae,
388 1724 173 50 secundum
518 1724 115 50 quam
590 1724 187 50 quaelibet
734 1724 173 50 creatura
864 1724 115 50 suam
936 1724 130 50 ideam
1022 1724 202 50 existentem
1181 1724 86 50 in
1224 1724 101 50 deo
1282 1724 187 50 imitatur:
1426 1724 130 50 licet
1498 1724 72 50 ali

109 1768 98 53 qui
165 1768 98 53 hoc
221 1768 155 53 dicant:
334 1768 112 53 immo
404 1768 112 53 tota
474 1768 183 53 perfectio
615 1768 155 53 diuinae
728 1768 183 53 essentiae
868 1768 169 53 infinita
995 1768 197 53 includitur
1149 1768 84 53 in
1191 1768 155 53 ratione
1304 1768 197 53 cuiuslibet
1445 1768 112 53 ideae,

93 1814 71 52 &
121 1814 113 52 tota
192 1814 184 52 perfectio
333 1814 156 52 diuinae
447 1814 184 52 essentiae
588 1814 99 52 est
645 1814 113 52 idea
716 1814 198 52 cuiuslibet
871 1814 198 52 creaturae:
1027 1814 127 52 licet
1112 1814 99 52 non
1169 1814 113 52 nisi
1239 1814 156 52 ratione
1353 1814 113 52 illa
1423 1814 99 52 qua
1466 1814 99 52 conti

97 1859 97 53 net
153 1859 153 53 virtute
264 1859 222 53 perfectionem
445 1859 111 53 quae
514 1859 153 53 propria
625 1859 97 53 est
681 1859 139 53 cuique
778 1859 195 53 creaturae,
931 1859 70 53 &
959 1859 111 53 quae
1029 1859 236 53 considerantur
1223 1859 83 53 in
1265 1859 111 53 ipsa
1335 1859 209 53 perfectione
1487 1859 70 53 di-

93 1904 129 55 uinae
179 1904 186 55 essentiae
322 1904 86 55 in
365 1904 200 55 habitudine
522 1904 86 55 ad
565 1904 200 55 quancumque
722 1904 200 55 creaturam.
880 1904 143 55 Aliter
980 1904 115 55 enim
1052 1904 143 55 falsus
1152 1904 129 55 esset
1238 1904 129 55 omnis
1324 1904 215 55 intellectus
1481 1904 86 55 idea

97 1947 124 49 rum,
174 1947 77 49 &
205 1947 201 49 similiter
360 1947 139 49 omnis
453 1947 139 49 sermo
546 1947 93 49 de
592 1947 155 49 ideis:
701 1947 124 49 quia
778 1947 139 49 omnis
871 1947 139 49 sermo
964 1947 77 49 &
995 1947 232 49 intellectus
1181 1947 263 49 comprehendens
1398 1947 93 49 in
1444 1947 108 49 deo
1491 1947 77 49 ali

105 1991 112 62 quid
175 1991 196 62 limitatum,
329 1991 140 62 falsus
427 1991 112 62 est.
498 1991 112 62 Vnde
568 1991 70 62 &
596 1991 182 62 quaelibet
736 1991 168 62 essentia
862 1991 182 62 creaturae
1002 1991 224 62 perfectionem
1184 1991 154 62 diuinae
1297 1991 182 62 essentiae
1423 1991 140 62 imitatur

98 2041 177 53 secundum
231 2041 132 53 modum
319 2041 118 53 suum
393 2041 235 53 diuersimode,
584 2041 103 53 non
643 2041 162 53 propter
761 2041 162 53 aliquam
878 2041 235 53 diuersitatem
1070 2041 88 53 ex
1114 2041 132 53 parte
1202 2041 118 53 dei,
1276 2041 132 53 neque
1364 2041 177 53 secundum
1482 2041 88 53 rem-

101 2081 130 58 neque
187 2081 174 58 secundum
318 2081 174 58 rationem
448 2081 275 58 considerationis
680 2081 101 58 dei
738 2081 101 58 aut
796 2081 159 58 nostri:
911 2081 101 58 sed
969 2081 188 58 solummodo
1114 2081 159 58 propter
1230 2081 232 58 diuersitatem
1418 2081 145 58 realem
1505 2081 58 58 ex

102 2127 139 53 parte
194 2127 200 53 essentiae
348 2127 154 53 ipsius
456 2127 216 53 creaturae.
626 2127 77 53 &
657 2127 108 53 hoc
718 2127 231 53 quemadmodum
903 2127 139 53 etiam
996 2127 92 53 in
1042 2127 216 53 producendo
1211 2127 216 53 creaturas,
1381 2127 77 53 &
1412 2127 92 53 in
1443 2127 123 53 guber-

91 2172 134 48 nando
181 2172 209 48 productas,
345 2172 120 48 deus
420 2172 90 48 se
465 2172 134 48 habet
554 2172 90 48 ad
599 2172 134 48 illas
689 2172 179 48 secundum
823 2172 120 48 vnam
898 2172 269 48 dispositionem:
1122 2172 224 48 licetiillae
1301 2172 90 48 ad
1346 2172 120 48 deum
1421 2172 105 48 non
1480 2172 90 48 se
1510 2172 60 48 ha

98 2215 117 60 beant
176 2215 156 60 secundum
293 2215 104 60 vnam
358 2215 234 60 dispositionem:
552 2215 91 60 sed
604 2215 156 60 secundum
721 2215 169 60 diuersas,
851 2215 91 60 vt.
903 2215 130 60 dicit.
994 2215 78 60 x.
1033 2215 182 60 Propositio
1176 2215 78 60 de
1214 2215 143 60 causis.
1318 2215 78 60 Et
1357 2215 91 60 sic
1409 2215 104 60 idea
1474 2215 117 60 neque

93 2259 169 53 secundum
220 2259 267 53 considerationem
445 2259 169 53 nostram,
571 2259 127 53 sicut
656 2259 127 53 neque
740 2259 169 53 secundum
867 2259 267 53 considerationem
1092 2259 113 53 dei,
1162 2259 155 53 aliquam
1275 2259 225 53 limitationem
1443 2259 113 53 impor-

90 2308 120 48 tat,
165 2308 135 48 etiam
255 2308 90 48 in
300 2308 240 48 comparatione
494 2308 90 48 ad
539 2308 135 48 veram
629 2308 240 48 limitationem
824 2308 90 48 in
868 2308 210 48 creaturis:
1033 2308 135 48 licet
1123 2308 120 48 ipsa
1198 2308 165 48 nominet
1318 2308 195 48 respectum
1467 2308 90 48 ad
1497 2308 75 48 li-

86 2351 165 50 mitatum.
210 2351 110 50 Vnde
279 2351 96 50 non
334 2351 151 50 dicitur
444 2351 110 50 quod
513 2351 83 50 in
554 2351 96 50 deo
609 2351 110 50 alia
678 2351 96 50 sit
733 2351 110 50 idea
802 2351 124 50 equi,
885 2351 110 50 alia
953 2351 165 50 hominis,
1077 2351 124 50 neque
1160 2351 165 50 secundum
1284 2351 124 50 aliam
1366 2351 165 50 rationem
1476 2351 83 50 idea

88 2393 105 55 lem
148 2393 164 55 dicitur
267 2393 120 55 homo
342 2393 164 55 factus,
462 2393 75 55 &
491 2393 179 55 secundum
626 2393 134 55 aliam
715 2393 149 55 equus:
820 2393 120 55 nisi
895 2393 120 55 quia
969 2393 179 55 essentia
1104 2393 149 55 diuina
1208 2393 194 55 continens
1358 2393 164 55 virtute
1462 2393 105 55 omnes

88 2441 178 50 rationes
222 2441 267 50 perfectionales
444 2441 208 50 creaturae,
607 2441 119 50 alio
681 2441 178 50 respectu
815 2441 208 50 comparatur
978 2441 89 50 ad
1022 2441 193 50 essentiam
1171 2441 178 50 hominis,
1304 2441 119 50 alio
1378 2441 119 50 vero
1452 2441 89 50 ad
1482 2441 74 50 es-

91 2480 167 54 sentiam
212 2480 137 54 equi,
304 2480 76 54 &
334 2480 106 54 hoc
395 2480 91 54 ex
441 2480 91 54 eo
486 2480 122 54 solo
562 2480 122 54 quod
638 2480 213 54 comparatur
806 2480 91 54 ad
851 2480 137 54 aliud
942 2480 76 54 &
973 2480 152 54 aliud:
1079 2480 106 54 sed
1140 2480 106 54 hoc
1201 2480 106 54 non
1262 2480 167 54 habendo
1384 2480 91 54 in
1429 2480 91 54 se
1460 2480 106 54 illos

98 2530 183 58 respectus
239 2530 169 58 abextra:
366 2530 99 58 sed
422 2530 183 58 solummodo
563 2530 169 58 adextra:
690 2530 85 58 vt
732 2530 183 58 videlicet
873 2530 99 58 non
929 2530 113 58 quia
1000 2530 183 58 essentiae
1140 2530 183 58 creaturae
1281 2530 127 58 extra
1366 2530 113 58 sunt
1436 2530 127 58 aliae
1507 2530 42 58 &

92 2578 139 49 aliae,
189 2578 111 49 ideo
259 2578 125 49 ideae
342 2578 83 49 in
384 2578 97 49 deo
439 2578 111 49 sint
508 2578 125 49 aliae
592 2578 69 49 &
619 2578 139 49 aliae,
717 2578 125 49 quasi
800 2578 153 49 alietas
911 2578 208 49 essentiarum
1077 2578 180 49 creaturae
1216 2578 139 49 extra,
1313 2578 97 49 sit
1369 2578 125 49 causa
1438 2578 125 49 alieta-

95 2617 103 52 tis
154 2617 161 52 idearum
271 2617 88 52 in
315 2617 117 52 deo:
389 2617 103 52 sed
448 2617 147 52 potius
550 2617 191 52 econuerso
697 2617 191 52 essentiae
844 2617 220 52 creaturarum
1020 2617 132 52 extra
1108 2617 117 52 sunt
1181 2617 132 52 aliae
1269 2617 73 52 &
1299 2617 147 52 aliae:
1402 2617 117 52 quia
1460 2617 103 52 ideae

95 2665 132 52 earum
183 2665 117 52 quas
257 2665 191 52 imitantur
403 2665 117 52 sunt
477 2665 132 52 aliae
565 2665 73 52 &
594 2665 147 52 aliae:
697 2665 132 52 licet
785 2665 161 52 alietas
902 2665 161 52 idearum
1019 2665 103 52 non
1078 2665 205 52 accipiatur
1239 2665 103 52 per
1298 2665 220 52 intellectum
1459 2665 103 52 etiam

86 2707 164 78 diuinum
206 2707 119 78 nisi
280 2707 90 78 in
325 2707 149 78 ordine
429 2707 90 78 ad
474 2707 194 78 alietatem
624 2707 194 78 essentiae
773 2707 209 78 creaturae.
937 2707 194 78 Imitantur
1086 2707 119 78 dico
1161 2707 105 78 non
1221 2707 105 78 tam
1280 2707 90 78 in
1325 2707 164 78 essendo
1445 2707 119 78 quam
1519 2707 90 78 in
