2017 3286
438 266 228 87 cognoscendo.
623 266 85 87 In
666 266 171 87 essendo:
794 266 114 87 quia
865 266 171 87 essentia
993 266 185 87 creaturae
1135 266 85 87 ex
1178 266 100 87 hoc
1235 266 100 87 est
1292 266 171 87 essentia
1420 266 114 87 quod
1491 266 100 87 est
1548 266 171 87 ideatum:
1676 266 214 87 quemadmodum
1833 266 71 87 per

435 339 198 61 imitationem
594 339 146 61 diuinae
699 339 172 61 essentiae
832 339 66 61 &
858 339 119 61 illud
937 339 106 61 quod
1004 339 93 61 non
1056 339 93 61 est
1109 339 106 61 tale
1176 339 159 61 scilicet
1295 339 106 61 quod
1361 339 93 61 non
1414 339 119 61 habet
1493 339 146 61 diuinam
1599 339 172 61 essentiam
1731 339 79 61 vt
1771 339 119 61 ideam
1837 339 66 61 si-

434 382 91 65 bi
479 382 257 65 respondentem,
691 382 121 65 quam
766 382 181 65 imitatur
902 382 91 65 vt
948 382 151 65 formam
1054 382 212 65 exemplarem
1220 382 76 65 &
1250 382 181 65 rationem
1386 382 287 65 perfectionalem,
1628 382 136 65 purum
1719 382 136 65 nihil
1809 382 106 65 est
1855 382 45 65 &

440 431 104 56 non
499 431 267 56 intelligibile,
722 431 104 56 nec
781 431 104 56 res
840 431 178 56 alicuius
973 431 267 56 praedicamenti.
1195 431 89 56 In
1240 431 222 56 cognoscendo
1417 431 148 56 autem,
1521 431 118 56 quia
1595 431 192 56 creaturae
1743 431 104 56 non
1802 431 133 56 cogno

434 480 159 54 scuntur
549 480 72 54 a
578 480 101 54 deo
636 480 116 54 nisi
708 480 116 54 quia
780 480 188 54 cognoscit
925 480 87 54 se
968 480 202 54 imitabilem
1127 480 87 54 ab
1171 480 145 54 illis:
1272 480 101 54 nec
1330 480 145 54 potest
1431 480 87 54 se
1474 480 217 54 intelligere
1648 480 202 54 imitabilem
1807 480 87 54 ab
1836 480 72 54 il-

444 521 99 59 lis
500 521 113 59 nisi
571 521 127 59 simul
656 521 254 59 cointelligendo
868 521 141 59 illas:
967 521 99 59 non
1023 521 85 59 in
1066 521 170 59 seipsis:
1193 521 85 59 vt
1235 521 155 59 obiecta
1349 521 184 59 causantia
1490 521 85 59 in
1532 521 99 59 deo
1589 521 113 59 suam
1660 521 184 59 notitiam:
1801 521 99 59 sed
1857 521 85 59 in

444 569 99 61 sua
500 569 240 61 imitabilitate
698 569 183 61 existente
839 569 85 61 in
881 569 113 61 deo:
951 569 85 61 vt
994 569 113 61 illa
1064 569 113 61 quae
1135 569 113 61 sunt
1205 569 141 61 creata
1304 569 70 61 a
1332 569 155 61 notitia
1445 569 113 61 quam
1515 569 113 61 deus
1586 569 127 61 habet
1670 569 85 61 de
1713 569 141 61 ipsis.
1797 569 99 61 Noti-

440 613 105 57 tia
500 613 120 57 enim
575 613 105 57 dei
635 613 90 57 de
680 613 195 57 creaturis
829 613 105 57 non
889 613 105 57 est
949 613 165 57 causata
1069 613 90 57 ab
1114 613 150 57 illis:
1219 613 105 57 sed
1279 613 150 57 potius
1384 613 195 57 causatiua
1534 613 180 57 illarum.
1668 613 165 57 dicente
1773 613 135 57 Auicen.

432 666 109 52 lib.
501 666 123 52 viii.
582 666 150 52 metaph.
691 666 82 52 c.
732 666 136 52 xlvii.
828 666 109 52 Ipse
896 666 191 52 intelligit
1046 666 95 52 res
1100 666 123 52 simul
1182 666 82 52 vt
1223 666 95 52 non
1277 666 95 52 per
1332 666 95 52 eas
1386 666 245 52 multiplicetur:
1591 666 95 52 sed
1645 666 109 52 quod
1713 666 136 52 siuunt
1795 666 109 52 formae

444 710 122 54 earum
526 710 81 54 ab
566 710 81 54 eo
607 710 216 54 intellectae.
783 710 81 54 Vt
823 710 162 54 scentias
945 710 108 54 quod
1012 710 162 54 intentio
1134 710 189 54 intellecta
1283 710 176 54 aliquando
1418 710 176 54 accipitur
1553 710 81 54 de
1594 710 81 54 re
1635 710 108 54 quae
1702 710 108 54 est:
1770 710 122 54 sicut
1837 710 68 54 con

430 748 155 59 tingit
539 748 109 59 cum
601 748 109 59 nos
663 748 186 59 sentimus
803 748 93 59 de
850 748 140 59 caelo
943 748 109 59 per
1005 748 295 59 considerationem
1254 748 78 59 &
1285 748 155 59 sensum
1393 748 155 59 formam
1502 748 124 59 eius
1580 748 249 59 intellectam.
1782 748 93 59 Et
1813 748 93 59 ali-

438 804 155 53 quando
547 804 140 53 forma
640 804 218 53 intellecta
811 804 109 53 non
874 804 171 53 sumitur
998 804 93 53 de
1044 804 109 53 his
1107 804 124 53 quae
1184 804 140 53 sunt:
1277 804 109 53 sed
1340 804 218 53 econuerso:
1511 804 140 53 sicut
1604 804 140 53 omnes
1681 804 218 53 intelligimus

433 842 151 57 formam
539 842 196 57 artificis
690 842 121 57 quam
765 842 242 57 adinuenimus,
962 842 76 57 &
992 842 151 57 deinde
1097 842 136 57 forma
1188 842 211 57 intellecta
1354 842 136 57 mouet
1445 842 91 57 ad
1490 842 106 57 hoc
1551 842 91 57 vt
1596 842 106 57 sit
1656 842 91 57 in
1702 842 151 57 opere.
1792 842 121 57 lgitur

431 896 105 54 non
491 896 120 54 quia
566 896 120 54 fuit
642 896 135 54 ipsa,
732 896 151 54 deinde
837 896 241 54 intelligimus
1033 896 120 54 eam:
1108 896 105 54 sed
1168 896 120 54 quia
1244 896 241 54 intelligimus
1439 896 105 54 sit
1500 896 135 54 ipsa.
1590 896 135 54 Talis
1680 896 120 54 ergo
1755 896 105 54 est
1801 896 105 54 compa

438 939 126 51 ratio
522 939 112 51 quod
592 939 98 51 est
647 939 84 51 ad
689 939 140 51 primum
787 939 98 51 qui
843 939 98 51 est
899 939 154 51 necesse
1010 939 126 51 esse:
1094 939 112 51 quia
1164 939 112 51 ipse
1234 939 195 51 intelligit
1387 939 112 51 suam
1457 939 195 51 essentiam:
1611 939 70 51 &
1639 939 168 51 quicquid
1764 939 126 51 facit
1834 939 70 51 de-

431 977 118 61 bere
505 977 118 61 esse
579 977 103 61 sua
638 977 192 61 essentia.
785 977 192 61 Sequuntur
933 977 118 61 ergo
1006 977 147 61 formam
1110 977 118 61 suam
1183 977 221 61 intellectam
1360 977 147 61 formae
1464 977 177 61 secundum
1596 977 118 61 quod
1670 977 133 61 sunt:
1759 977 74 61 &
1788 977 88 61 ab
1818 977 88 61 ista

436 1023 166 61 scientia
561 1023 124 61 fiuit
644 1023 111 61 esse
713 1023 166 61 secundum
837 1023 152 61 ordinem
948 1023 111 61 quem
1017 1023 207 61 intelligit.
1183 1023 83 61 &.
1224 1023 83 61 c.
1266 1023 152 61 xlviii.
1377 1023 111 61 Nemo
1446 1023 124 61 autem
1529 1023 124 61 putet
1612 1023 111 61 quod
1681 1023 194 61 intellecta
1833 1023 111 61 apud

439 1070 111 57 eum
503 1070 159 57 habent
614 1070 159 57 formas
725 1070 79 57 &
757 1070 270 57 multitudinem,
979 1070 127 57 ideo
1059 1070 207 57 multitudo
1218 1070 191 57 formarum
1361 1070 127 57 quas
1440 1070 222 57 intelligit
1615 1070 111 57 sit
1679 1070 127 57 pars
1742 1070 175 57 essentiae

432 1124 126 54 suae.
516 1124 98 54 Hoc
572 1124 112 54 ergo
642 1124 112 54 quod
712 1124 196 54 intelligit
866 1124 112 54 suam
936 1124 196 54 essentiam,
1090 1124 126 54 causa
1174 1124 98 54 est
1230 1124 224 54 intelligendi
1412 1124 126 54 illud
1496 1124 112 54 quod
1566 1124 98 54 est
1622 1124 112 54 post
1692 1124 112 54 suam
1748 1124 168 54 essentiam.

431 1167 117 55 Suum
504 1167 117 55 ergo
577 1167 219 55 intelligere
752 1167 117 55 eius
825 1167 117 55 quod
898 1167 102 55 est
956 1167 117 55 post
1029 1167 117 55 suam
1102 1167 204 55 essentiam,
1262 1167 175 55 causatum
1394 1167 102 55 est
1452 1167 117 55 eius
1525 1167 117 55 quod
1598 1167 102 55 est
1656 1167 219 55 intelligere
1817 1167 87 55 suam

444 1211 200 57 essentiam.
601 1211 86 57 Et
644 1211 100 57 non
701 1211 100 57 est
758 1211 157 57 relatio
873 1211 172 57 alicuius
1002 1211 129 57 eorum
1088 1211 86 57 ad
1130 1211 129 57 ipsum
1216 1211 114 57 nisi
1288 1211 172 57 secundum
1417 1211 114 57 quod
1488 1211 86 57 ex
1531 1211 129 57 rebus
1617 1211 100 57 est
1674 1211 100 57 non
1731 1211 86 57 in
1774 1211 100 57 eo:
1831 1211 100 57 sed

442 1264 108 51 hoc
503 1264 108 51 quo
565 1264 92 51 ad
611 1264 246 51 causalitatem
810 1264 200 51 notitiae,
964 1264 108 51 non
1026 1264 138 51 autem
1118 1264 108 51 quo
1179 1264 92 51 ad
1225 1264 123 51 esse
1302 1264 200 51 essentiae
1456 1264 154 51 earum,
1564 1264 92 51 in
1610 1264 154 51 quibus
1717 1264 92 51 in
1763 1264 154 51 diuina
1856 1264 61 51 co

448 1308 193 59 gnitione
593 1308 258 59 constituitur
802 1308 161 59 mundus
915 1308 225 59 archetypus
1092 1308 97 59 ab
1140 1308 177 59 aeterno
1269 1308 97 59 in
1317 1308 145 59 mente
1414 1308 161 59 fluens
1527 1308 113 59 per
1591 1308 177 59 diuinam
1720 1308 193 59 notitiam
1849 1308 64 59 de

438 1353 206 55 perfectione
603 1353 151 55 diuinae
714 1353 179 55 notitiae:
851 1353 96 55 qui
906 1353 83 55 ex
948 1353 151 55 tempore
1058 1353 138 55 fluxit
1154 1353 165 55 secundum
1278 1353 234 55 dispositionem
1471 1353 151 55 diuinae
1581 1353 193 55 voluntatis
1732 1353 83 55 in
1773 1353 110 55 esse
1828 1353 83 55 exi-

443 1386 202 64 stentiae.
599 1386 140 64 Licet
692 1386 217 64 philosophi
863 1386 186 64 ponentes
1003 1386 155 64 mundum
1111 1386 155 64 fuisse
1220 1386 93 64 ab
1267 1386 186 64 aeterno,
1406 1386 186 64 dixerunt
1546 1386 140 64 ipsum
1639 1386 155 64 fluxum
1748 1386 124 64 eius
1826 1386 93 64 in
1857 1386 62 64 es

444 1442 85 55 se
486 1442 213 55 existentiae
657 1442 213 55 processisse
827 1442 85 55 ex
869 1442 113 55 sola
940 1442 142 55 diuina
1040 1442 156 55 notitia
1153 1442 213 55 necessitate
1323 1442 156 55 naturae
1437 1442 71 55 &
1465 1442 227 55 perfectionis
1650 1442 142 55 illius
1735 1442 170 55 assistente

441 1492 228 51 beneplacito
623 1492 213 51 voluntatis
791 1492 137 51 eius,
882 1492 76 51 &
913 1492 107 51 hoc
973 1492 183 51 secundum
1110 1492 137 51 modum
1202 1492 107 51 quo
1263 1492 167 51 ponimus
1384 1492 137 51 illum
1476 1492 183 51 fluxisse
1613 1492 91 51 ab
1658 1492 122 51 illo
1734 1492 91 51 in
1780 1492 122 51 esse
1841 1492 76 51 es-

439 1535 166 58 sentiae.
564 1535 153 58 dicente
675 1535 153 58 Auicen.
786 1535 111 58 lib.
855 1535 97 58 ix.
911 1535 153 58 metaph.
1022 1535 83 58 c.
1063 1535 139 58 xxxvi.
1160 1535 111 58 Omne
1230 1535 125 58 autem
1313 1535 111 58 esse
1382 1535 111 58 quod
1451 1535 97 58 est
1507 1535 83 58 ab
1548 1535 97 58 eo,
1604 1535 97 58 non
1659 1535 97 58 est
1715 1535 166 58 secundum
1826 1535 83 58 viam

443 1574 171 61 naturae
568 1574 93 61 ad
615 1574 109 61 hoc
677 1574 93 61 vt
724 1574 125 61 esse
802 1574 156 61 omnium
911 1574 109 61 sit
973 1574 93 61 ab
1020 1574 93 61 eo
1066 1574 109 61 non
1129 1574 125 61 nisi
1207 1574 109 61 per
1269 1574 249 61 cognitionem:
1471 1574 109 61 nec
1534 1574 109 61 per
1596 1574 249 61 beneplacitum
1798 1574 109 61 cum
1845 1574 78 61 sit

438 1620 121 67 pura
514 1620 258 67 intelligentia
726 1620 121 67 quae
802 1620 212 67 intelligit
969 1620 167 67 seipsam
1090 1620 91 67 vt
1136 1620 121 67 esse
1211 1620 152 67 omnium
1318 1620 182 67 sequitur
1454 1620 91 67 ab
1499 1620 106 67 eo,
1560 1620 91 67 eo
1606 1620 121 67 quod
1682 1620 167 67 euentus
1788 1620 121 67 omnium

446 1672 94 55 sit
499 1672 80 55 ab
539 1672 94 55 eo,
593 1672 94 55 sic
647 1672 107 55 quod
714 1672 94 55 sua
767 1672 161 55 essentia
888 1672 94 55 est
942 1672 134 55 sciens
1036 1672 107 55 quod
1103 1672 94 55 sua
1156 1672 174 55 perfectio
1290 1672 67 55 &
1317 1672 94 55 sua
1371 1672 201 55 excellentia
1532 1672 94 55 est
1585 1672 80 55 vt
1625 1672 121 55 fiuat
1706 1672 80 55 ab
1746 1672 80 55 eo
1773 1672 134 55 bonitas.

442 1713 79 58 &
474 1713 110 58 hoc
537 1713 110 58 est
599 1713 94 58 de
647 1713 299 58 concomitantibus
898 1713 126 58 suam
977 1713 189 58 gloriam.
1118 1713 141 58 Omnis
1213 1713 141 58 autem
1307 1713 189 58 scientia
1448 1713 126 58 quae
1527 1713 126 58 scit
1606 1713 126 58 quod
1684 1713 189 58 prouenit
1826 1713 94 58 ex
1857 1713 63 58 ea

450 1753 118 63 nisi
524 1753 207 63 admiscetur
687 1753 89 63 ei
731 1753 236 63 impedimentum
923 1753 177 63 aliquod:
1056 1753 148 63 placet
1159 1753 89 63 ei
1203 1753 89 63 id
1248 1753 118 63 quod
1322 1753 177 63 prouenit
1454 1753 89 63 ex
1499 1753 103 63 ea:
1558 1753 74 63 &
1587 1753 89 63 ex
1632 1753 103 63 hoc
1691 1753 118 63 quod
1750 1753 177 63 intelligit

443 1813 173 50 sequitur
573 1813 116 50 ordo
645 1813 188 50 bonitatis
789 1813 87 50 in
833 1813 130 50 esse:
919 1813 72 50 &
948 1813 202 50 intelligit
1107 1813 173 50 qualiter
1237 1813 101 50 est
1295 1813 202 50 possibile,
1454 1813 72 50 &
1483 1813 173 50 qualiter
1613 1813 101 50 est
1670 1813 202 50 elegantius
1815 1813 101 50 proue

444 1846 117 60 nire
518 1846 117 60 esse
591 1846 147 60 totius
694 1846 176 60 secundum
826 1846 176 60 iudicium
958 1846 103 60 sui
1017 1846 235 60 intellectus.
1208 1846 117 60 Quia
1281 1846 147 60 igitur
1384 1846 132 60 ideae
1472 1846 88 60 in
1516 1846 103 60 deo
1574 1846 235 60 causalitatem
1751 1846 161 60 omnimodam

450 1904 152 51 habent
556 1904 137 51 super
647 1904 106 51 res
708 1904 152 51 quarum
814 1904 121 51 sunt
890 1904 152 51 formae
996 1904 91 51 in
1041 1904 243 51 constituendo
1239 1904 137 51 illas
1330 1904 91 51 in
1375 1904 121 51 esse
1451 1904 197 51 essentiae
1603 1904 76 51 &
1633 1904 243 51 existentiae,
1830 1904 76 51 &
1845 1904 76 51 hoc

451 1938 158 65 secundum
569 1938 158 65 rationem
687 1938 131 65 causae
779 1938 158 65 formalis
898 1938 197 65 exemplaris:
1055 1938 145 65 idcirco
1160 1938 171 65 respectus
1292 1938 118 65 ideae
1370 1938 79 65 ad
1410 1938 131 65 ideata
1502 1938 92 65 non
1554 1938 92 65 est
1607 1938 118 65 penes
1686 1938 118 65 genus
1751 1938 158 65 relationis

450 1991 122 61 quod
526 1991 106 61 est
587 1991 137 61 inter
678 1991 182 61 mensuram
814 1991 76 61 &
845 1991 228 61 mensuratum:
1027 1991 106 61 sed
1088 1991 152 61 potius
1194 1991 137 61 penes
1285 1991 152 61 primum
1391 1991 122 61 quod
1467 1991 106 61 est
1528 1991 137 61 inter
1619 1991 228 61 producentem
1802 1991 76 61 &
1817 1991 106 61 produ

447 2037 134 54 ctum.
536 2037 104 54 Non
596 2037 119 54 enim
670 2037 119 54 idea
745 2037 164 54 mensura
864 2037 104 54 est
923 2037 149 54 ideati
1027 2037 193 54 inquantum
1176 2037 104 54 est
1236 2037 119 54 idea
1310 2037 193 54 distincte
1459 2037 179 54 existens
1593 2037 89 54 in
1637 2037 208 54 intellectu
1786 2037 134 54 diuino:

437 2081 106 60 sed
497 2081 151 60 potius
603 2081 106 60 est
664 2081 212 60 principium
830 2081 227 60 productiuum
1012 2081 166 60 illius:
1133 2081 76 60 &
1163 2081 166 60 mensura
1284 2081 151 60 illius
1390 2081 106 60 est
1450 2081 197 60 inquantum
1601 2081 106 60 est
1662 2081 136 60 ratio
1738 2081 181 60 perfectio-

442 2119 132 62 nalis
530 2119 132 62 vnite
618 2119 176 62 existens
750 2119 88 62 in
794 2119 176 62 essentia
926 2119 161 62 diuina.
1043 2119 161 62 Sedenim
1161 2119 88 62 ex
1204 2119 220 62 perfectione
1380 2119 147 62 diuina
1483 2119 176 62 prouenit
1615 2119 117 62 quod
1688 2119 73 62 a
1717 2119 161 62 ratione
1820 2119 88 62 idea

451 2175 85 58 li
493 2175 85 58 in
536 2175 100 58 deo
593 2175 128 58 fiuit
679 2175 85 58 in
721 2175 114 58 esse
792 2175 185 58 essentiae
935 2175 128 58 primo
1020 2175 171 58 essentia
1148 2175 199 58 creaturae,
1305 2175 71 58 &
1333 2175 157 58 secundo
1447 2175 171 58 mediante
1575 2175 228 58 dispositione
1760 2175 157 58 diuinae
1860 2175 57 58 vo

455 2212 181 64 luntatis
590 2212 90 64 in
635 2212 120 64 esse
711 2212 241 64 existentiae,
906 2212 75 64 &
936 2212 196 64 vtrobique
1087 2212 181 64 secundum
1222 2212 241 64 determinatum
1418 2212 75 64 &
1448 2212 196 64 limitatum
1598 2212 150 64 gradum
1688 2212 226 64 perfectionis.

451 2256 85 62 Et
493 2256 113 62 quia
564 2256 226 62 Peripatetici
748 2256 99 62 non
804 2256 212 62 distinguunt
974 2256 141 62 fluxum
1073 2256 212 62 creaturarum
1242 2256 85 62 in
1285 2256 113 62 esse
1356 2256 212 62 existentiae
1525 2256 85 62 ab
1568 2256 113 62 illo
1638 2256 99 62 qui
1695 2256 99 62 est
1751 2256 85 62 in
1794 2256 113 62 esse
1850 2256 71 62 es-

441 2298 166 66 sentiae,
566 2298 111 66 ideo
635 2298 125 66 etiam
718 2298 111 66 quia
788 2298 111 66 ille
857 2298 97 66 qui
913 2298 97 66 est
968 2298 83 66 in
1010 2298 111 66 esse
1079 2298 180 66 essentiae
1218 2298 97 66 est
1273 2298 83 66 ab
1315 2298 166 66 aeterno:
1440 2298 180 66 posuerunt
1578 2298 125 66 etiam
1661 2298 125 66 illum
1745 2298 97 66 qui
1800 2298 97 66 est
1856 2298 83 66 in

447 2347 117 60 esse
520 2347 233 60 existentiae,
710 2347 219 60 processisse
885 2347 73 60 a
914 2347 102 60 deo
973 2347 88 60 ab
1016 2347 175 60 aeterno,
1148 2347 73 60 &
1177 2347 117 60 solo
1250 2347 146 60 ordine
1352 2347 160 60 naturae
1468 2347 160 60 diuinam
1585 2347 233 60 perfectionem
1760 2347 146 60 praeces-

445 2395 124 68 sisse
528 2395 207 68 existentiam
694 2395 179 68 creaturae
832 2395 124 68 sicut
914 2395 193 68 praecessit
1066 2395 69 68 &
1094 2395 110 68 eius
1163 2395 193 68 essentiam.
1315 2395 152 68 dicente
1425 2395 179 68 Auicecen.
1563 2395 97 68 vbi
1618 2395 97 68 iam
1673 2395 138 68 supra.
1770 2395 97 68 Sed
1811 2395 97 68 Stoi-

447 2448 92 54 ci
493 2448 92 54 in
539 2448 108 54 hoc
600 2448 154 54 verius
708 2448 215 54 sentientes
877 2448 231 54 distinguunt
1062 2448 123 54 vnum
1139 2448 154 54 fluxum
1247 2448 92 54 ab
1293 2448 169 54 altero,
1416 2448 185 54 ponentes
1554 2448 123 54 vnum
1631 2448 154 54 fuisse
1739 2448 92 54 ab
1770 2448 138 54 aeterno

438 2484 77 62 &
468 2484 168 62 alterum
591 2484 92 62 ex
637 2484 184 62 tempore,
775 2484 77 62 &
805 2484 184 62 secundum
943 2484 77 62 a
974 2484 138 62 primo
1066 2484 138 62 sicut
1158 2484 214 62 exemplatum
1326 2484 92 62 ab
1372 2484 214 62 exemplari,
1540 2484 123 62 siue
1617 2484 92 62 ab
1663 2484 184 62 exemplo.
1785 2484 123 62 dicen-

447 2540 86 60 te
490 2540 159 60 Platone
605 2540 86 60 in
648 2540 130 60 primo
735 2540 159 60 Timaei.
850 2540 202 60 Perspicuum
1009 2540 101 60 est
1066 2540 115 60 quod
1139 2540 130 60 iuxta
1225 2540 173 60 syncerae
1355 2540 72 60 &
1384 2540 259 60 incommutabilis
1600 2540 231 60 proprietatis
1773 2540 144 60 exemplar

443 2577 136 68 mundi
534 2577 106 68 sit
594 2577 196 68 instituta
745 2577 181 68 molitio:
881 2577 136 68 imago
972 2577 106 68 est
1032 2577 91 68 vt
1077 2577 151 68 opinor
1183 2577 196 68 alterius.
1334 2577 91 68 Et
1379 2577 166 68 quomodo
1500 2577 121 68 hoc,
1576 2577 136 68 clare
1666 2577 181 68 explicat
1802 2577 91 68 in
1832 2577 91 68 prin

445 2634 135 56 cipio
535 2634 165 56 secundi
655 2634 165 56 dicens.
775 2634 120 56 Mens
850 2634 135 56 cuius
940 2634 135 56 visus
1030 2634 285 56 contemplatioque
1270 2634 225 56 intellectus
1450 2634 120 56 est:
1525 2634 165 56 idearum
1645 2634 150 56 genera
1735 2634 165 56 contempla

437 2667 98 60 tur
493 2667 238 60 intelligibili
689 2667 140 60 mundo:
787 2667 112 60 quae
856 2667 126 60 ideae
940 2667 126 60 sicut
1024 2667 98 60 ibi
1080 2667 112 60 sunt
1150 2667 182 60 animalia,
1290 2667 98 60 sic
1346 2667 112 60 deus
1416 2667 84 60 in
1458 2667 98 60 hoc
1514 2667 126 60 opere
1597 2667 98 60 suo
1653 2667 182 60 sensibili
1779 2667 126 60 diuersa

449 2725 193 55 animalium
598 2725 149 55 genera
702 2725 163 55 statuit
821 2725 119 55 esse
895 2725 163 55 debere.
1014 2725 178 55 Boethius
1147 2725 134 55 autem
1237 2725 178 55 imitator
1370 2725 178 55 Platonis
1504 2725 134 55 libio
1593 2725 89 55 i.
1638 2725 89 55 de
1682 2725 149 55 conso.
1786 2725 89 55 de
1816 2725 104 55 eodem

448 2763 95 73 in
496 2763 143 73 metro
591 2763 111 73 suo
655 2763 111 73 sic
718 2763 127 73 ait.
797 2763 143 73 Forma
893 2763 127 73 boni
972 2763 159 73 liuore
1083 2763 159 73 carens
1194 2763 95 73 tu
1242 2763 159 73 cuncta
1353 2763 175 73 superno
1480 2763 143 73 Ducis
1576 2763 95 73 ab
1623 2763 191 73 exemplo:
1750 2763 159 73 pulchrum
