2017 3257
419 267 135 67 plura
509 267 75 67 &
539 267 179 67 diuersa,
673 267 179 67 fundatae
808 267 135 67 super
897 267 239 67 substantiam,
1092 267 239 67 quantitatem,
1286 267 75 67 &
1316 267 209 67 qualitatem
1480 267 90 67 re
1525 267 135 67 plura
1615 267 75 67 &
1645 267 164 67 diuersa
1750 267 149 67 existen-

418 325 115 53 tes
483 325 98 53 in
532 325 229 53 creaturis.
712 325 82 53 â‹
745 325 131 53 Dico
827 325 147 53 autem
925 325 164 53 partim
1040 325 246 53 concordando
1236 325 115 53 cum
1301 325 246 53 praedictis,
1498 325 82 53 &
1531 325 164 53 partim
1645 325 246 53 discordando
1842 325 98 53 ab

427 369 148 56 isdem,
531 369 119 56 quod
605 369 237 56 quandocumque
798 369 89 56 in
842 369 133 56 eodem
931 369 119 56 quod
1005 369 104 56 non
1065 369 104 56 est
1124 369 119 56 nisi
1198 369 133 56 vnum,
1287 369 74 56 &
1317 369 163 56 idipsum
1435 369 104 56 re,
1495 369 148 56 quando
1598 369 89 56 ad
1643 369 89 56 se
1687 369 178 56 dicitur,
1821 369 74 56 &
1836 369 59 56 ab

421 416 149 55 solute
525 416 74 55 &
555 416 178 55 secundum
689 416 89 55 se
733 416 253 55 consideratur,
942 416 104 55 est
1001 416 149 55 aliqua
1105 416 208 55 pluralitas
1269 416 74 55 &
1298 416 208 55 distinctio
1462 416 119 55 siue
1536 416 208 55 diuersitas
1700 416 104 55 vel
1759 416 178 55 secundum

416 463 107 51 rem
477 463 107 51 vel
538 463 184 51 secundum
676 463 199 51 rationem,
830 463 123 51 illa
906 463 107 51 non
968 463 107 51 est
1029 463 123 51 nisi
1106 463 92 51 in
1152 463 215 51 habitudine
1320 463 77 51 &
1351 463 245 51 comparatione
1550 463 153 51 quadam
1658 463 169 51 illorum
1765 463 138 51 plurium

414 503 100 53 sed
471 503 100 53 non
528 503 100 53 est
584 503 85 53 in
627 503 199 53 habitudine
784 503 85 53 ad
826 503 156 53 diuersa
940 503 171 53 secundum
1068 503 100 53 rem
1125 503 128 53 extra
1210 503 128 53 illis
1296 503 242 53 respondentia:
1495 503 100 53 sed
1552 503 171 53 sufficit
1680 503 114 53 quod
1751 503 100 53 sit
1808 503 85 53 in
1836 503 57 53 ha

426 549 178 52 bitudine
560 549 104 52 vel
619 549 163 52 ipsorum
738 549 134 52 inter
827 549 104 52 se,
886 549 104 52 vel
946 549 163 52 ipsorum
1065 549 89 52 ad
1109 549 148 52 aliqua
1213 549 119 52 alia
1287 549 134 52 plura
1376 549 74 52 &
1406 549 163 52 diuersa
1525 549 178 52 secundum
1659 549 119 52 rem,
1733 549 119 52 siue
1792 549 119 52 intra.

422 598 129 55 siue
502 598 161 55 extra.
615 598 129 55 Puta
695 598 113 55 cum
760 598 161 55 natura
872 598 193 55 deitatis
1017 598 113 55 sit
1081 598 129 55 vnum
1161 598 80 55 &
1194 598 177 55 idipsum
1322 598 209 55 absolutum
1483 598 161 55 dictum
1596 598 96 55 ad
1644 598 113 55 se,
1708 598 96 55 in
1756 598 129 55 ipsa
1821 598 80 55 est

418 646 219 57 pluralitas
590 646 78 57 &
622 646 219 57 distinctio
794 646 219 57 personarum
966 646 188 57 secundum
1106 646 109 57 rem
1169 646 94 57 ex
1216 646 219 57 habitudine
1388 646 78 57 &
1419 646 250 57 comparatione
1623 646 172 57 illarum
1748 646 141 57 inter
1826 646 78 57 se:

430 691 100 53 non
487 691 129 53 autem
573 691 86 53 ad
616 691 143 53 aliqua
716 691 186 53 distincta
859 691 157 53 diuersa
974 691 172 53 secundum
1102 691 100 53 rem
1160 691 129 53 illis
1246 691 286 53 correspondentia.
1489 691 129 53 Pater
1575 691 115 53 enim
1646 691 72 53 &
1675 691 143 53 filius
1775 691 115 53 sunt
1847 691 86 53 in

419 736 168 51 diuinis
541 736 92 51 ex
587 736 153 51 natura
694 736 122 51 rei,
770 736 107 51 non
832 736 138 51 autem
923 736 92 51 ex
969 736 153 51 aliqua
1076 736 275 51 consideratione
1306 736 184 51 rationis
1443 736 107 51 aut
1504 736 245 51 intellectus,
1703 736 76 51 &
1734 736 107 51 hoc
1795 736 92 51 ex
1826 736 76 51 so-

428 777 98 57 la
477 777 147 57 mutua
575 777 229 57 habitudine
755 777 147 57 eorum
853 777 213 57 adinuicem
1017 777 229 57 distincti,
1197 777 115 57 non
1263 777 147 57 autem
1361 777 98 57 ex
1410 777 164 57 aliqua
1524 777 229 57 habitudine
1705 777 98 57 ad
1754 777 164 57 patrem
1852 777 49 57 &

424 826 142 61 filium
523 826 100 61 qui
580 826 114 61 sunt
652 826 85 61 in
694 826 185 61 creaturis
837 826 85 61 vt
880 826 142 61 aliqua
979 826 114 61 alia
1050 826 157 61 diuersa
1164 826 171 61 secundum
1293 826 100 61 rem
1350 826 199 61 existentia
1506 826 85 61 in
1549 826 199 61 creaturis.
1706 826 85 61 In
1748 826 114 61 ipsa
1805 826 100 61 etiam

421 873 153 54 diuina
528 873 183 54 essentia
665 873 107 54 est
726 873 214 54 pluralitas
894 873 76 54 &
925 873 214 54 distinctio
1093 873 168 54 idearum
1215 873 183 54 secundum
1352 873 183 54 rationem
1490 873 92 54 ex
1536 873 214 54 habitudine
1703 873 122 54 sola
1780 873 92 54 ad
1810 873 92 54 cor-

428 921 234 48 respondentia
618 921 102 48 eis
677 921 88 48 in
720 921 190 48 creaturis
866 921 146 48 extra.
969 921 88 48 In
1012 921 117 48 ipsa
1085 921 131 48 etiam
1173 921 102 48 est
1231 921 204 48 pluralitas
1392 921 234 48 attributorum
1582 921 131 48 atque
1669 921 219 48 distinctio,
1830 921 73 48 nec

419 964 111 53 non
482 964 79 53 &
514 964 221 53 relationum
688 964 221 53 communium,
862 964 95 53 de
909 964 158 53 quibus
1020 964 111 53 est
1083 964 205 53 quaestio.
1241 964 158 53 Quorum
1352 964 221 53 pluralitas
1526 964 79 53 &
1557 964 221 53 distinctio
1731 964 95 53 si
1779 964 111 53 non
1826 964 79 53 es-

428 1009 110 49 set
491 1009 126 49 nisi
570 1009 94 49 ex
617 1009 220 49 habitudine
790 1009 94 49 ad
838 1009 299 49 correspondentia
1089 1009 110 49 eis
1152 1009 94 49 in
1200 1009 220 49 creaturis,
1373 1009 126 49 tunc
1451 1009 110 49 non
1514 1009 142 49 esset
1609 1009 157 49 omnino
1719 1009 142 49 alius
1798 1009 110 49 modus

426 1057 232 52 distinctionis
617 1057 150 52 illorum
726 1057 68 52 &
754 1057 164 52 idearum,
876 1057 95 52 nec
931 1057 123 52 esset
1013 1057 109 52 alia
1081 1057 150 52 bonitas
1190 1057 82 52 in
1231 1057 95 52 deo
1285 1057 109 52 quam
1354 1057 109 52 idea
1422 1057 177 52 bonitatis
1558 1057 191 52 existentis
1708 1057 82 52 in
1735 1057 164 52 creaturis,

431 1097 137 56 etiam
522 1097 91 56 si
567 1097 137 56 ideae
658 1097 288 56 considerarentur
901 1097 182 56 secundum
1038 1097 182 56 rationem
1175 1097 182 56 cuiusdam
1311 1097 258 56 limitationis:
1524 1097 106 56 non
1584 1097 106 56 sic
1645 1097 137 56 autem
1721 1097 182 56 attributa.

429 1144 100 62 non
486 1144 171 62 obstante
614 1144 156 62 ratione
727 1144 114 62 quae
798 1144 100 62 iam
855 1144 142 62 contra
955 1144 100 62 hoc
1012 1144 156 62 adducta
1125 1144 100 62 est
1182 1144 171 62 secundum
1310 1144 213 62 praedictos:
1481 1144 114 62 quod
1552 1144 171 62 scilicet
1680 1144 171 62 rationes
1793 1144 100 62 attri

420 1190 184 60 butorum
554 1190 217 60 excessiue
721 1190 84 60 &
755 1190 117 60 per
822 1190 151 60 modum
922 1190 201 60 cuiusdam
1073 1190 318 60 supereminentiae
1340 1190 134 60 sunt
1424 1190 100 60 in
1474 1190 134 60 deo.
1558 1190 134 60 Esse
1641 1190 134 60 enim
1708 1190 184 60 bonitatem

422 1246 107 51 per
483 1246 291 51 supereminentiam
728 1246 92 51 in
774 1246 107 51 deo
835 1246 184 51 respectu
973 1246 153 51 ipsius
1081 1246 123 51 quod
1157 1246 92 51 ei
1203 1246 199 51 respondet
1357 1246 92 51 in
1403 1246 215 51 creaturis,
1571 1246 107 51 non
1632 1246 184 51 repugnat
1755 1246 138 51 rationi

431 1282 308 58 exemplaritatis.
690 1282 178 58 Bonitas
819 1282 130 58 enim
900 1282 81 58 &
933 1282 210 58 sapientia
1095 1282 130 58 quae
1176 1282 130 58 sunt
1256 1282 97 58 in
1305 1282 210 58 creaturis
1467 1282 210 58 imitantur
1629 1282 162 58 quadam
1726 1282 178 58 peregrina

418 1328 257 51 similitudine
627 1328 209 51 bonitatem
788 1328 80 51 &
820 1328 225 51 sapientiam
997 1328 225 51 existentes
1174 1328 97 51 in
1222 1328 129 51 deo,
1303 1328 145 51 sicut
1399 1328 209 51 essentiam
1560 1328 113 51 dei
1625 1328 161 51 quadam
1721 1328 177 51 peregrina

426 1376 252 53 similitudine
631 1376 205 53 imitantur
789 1376 205 53 essentiae
946 1376 252 53 creaturarum:
1151 1376 142 53 licet
1245 1376 173 53 quaedam
1371 1376 252 53 similitudine
1576 1376 158 53 maiori
1686 1376 79 53 &
1718 1376 173 53 quaedam
1828 1376 79 53 mi-

428 1417 121 58 nori:
508 1417 121 58 prout
588 1417 121 58 dicit
669 1417 107 58 Augu
736 1417 188 58 lxxxiiiiii
883 1417 121 58 quods
964 1417 94 58 qed
1017 1417 94 58 ii.
1071 1417 134 58 Multis
1165 1417 121 58 modis
1245 1417 107 58 dici
1312 1417 147 58 possunt
1419 1417 94 58 res
1473 1417 147 58 similes
1580 1417 107 58 deo.
1647 1417 121 58 Aliae
1728 1417 161 58 secundum
1835 1417 67 58 vit

419 1464 139 59 tutem
511 1464 77 59 &
542 1464 216 59 sapientiam
712 1464 170 59 factae:
835 1464 123 59 quia
912 1464 93 59 in
959 1464 123 59 ipso
1036 1464 108 59 est
1098 1464 154 59 virtus
1206 1464 77 59 &
1236 1464 201 59 sapientia
1391 1464 108 59 non
1452 1464 154 59 facta.
1561 1464 139 59 Aliae
1653 1464 201 59 inquantum
1792 1464 108 59 solum

428 1512 167 58 viuunt:
549 1512 121 58 quia
625 1512 121 58 ille
701 1512 137 58 summe
792 1512 76 58 &
822 1512 182 58 primitus
959 1512 152 58 viuit.
1065 1512 137 58 Aliae
1156 1512 197 58 inquantum
1308 1512 137 58 sunt:
1399 1512 121 58 quia
1475 1512 121 58 ille
1551 1512 137 58 summe
1642 1512 91 58 ac
1688 1512 182 58 primitus
1809 1512 91 58 est.

427 1554 92 60 Et
473 1554 123 60 ideo
549 1554 123 60 quae
626 1554 215 60 tantummodo
795 1554 138 60 sunt:
887 1554 107 60 nec
948 1554 138 60 tamen
1040 1554 153 60 viuunt
1147 1554 107 60 aut
1209 1554 184 60 sapiunt:
1347 1554 107 60 non
1408 1554 184 60 perfecte
1546 1554 107 60 sed
1608 1554 153 60 exigue
1715 1554 123 60 sunt
1792 1554 92 60 ad
1822 1554 77 60 si-

417 1600 235 63 militudinem
605 1600 141 63 eius.
699 1600 141 63 Omnia
793 1600 141 63 autem
887 1600 125 63 quae
965 1600 157 63 viuunt
1075 1600 78 63 &
1106 1600 110 63 non
1169 1600 188 63 sapiunt,
1310 1600 141 63 paulo
1404 1600 172 63 amplius
1529 1600 235 63 participant
1717 1600 219 63 similitudi

421 1646 118 58 nem.
495 1646 103 58 lam
554 1646 133 58 porro
643 1646 118 58 quae
717 1646 177 58 sapiunt,
850 1646 118 58 illa
924 1646 236 58 similitudine
1116 1646 163 58 proxima
1234 1646 133 58 sunt:
1323 1646 89 58 vt
1367 1646 89 58 in
1411 1646 192 58 creaturis
1559 1646 133 58 nihil
1648 1646 103 58 sit
1692 1646 207 58 propinquius.

424 1696 90 47 Et
469 1696 105 47 sic
529 1696 134 47 sicut
618 1696 119 47 deus
693 1696 105 47 non
753 1696 164 47 dicitur
872 1696 119 47 idea
947 1696 119 47 nisi
1021 1696 90 47 ex
1066 1696 209 47 habitudine
1230 1696 134 47 sicut
1320 1696 134 47 causa
1409 1696 209 47 exemplaris
1574 1696 90 47 ad
1618 1696 164 47 ideatum
1738 1696 90 47 in
1783 1696 149 47 cogno-

433 1740 137 51 scendo
529 1740 68 51 &
557 1740 192 51 producendo
707 1740 151 51 ideatum
817 1740 164 51 secundum
940 1740 192 51 praedictum
1090 1740 137 51 modum:
1186 1740 96 51 sic
1241 1740 96 51 non
1296 1740 96 51 est
1350 1740 164 51 dicendus
1474 1740 123 51 bonus
1556 1740 96 51 aut
1611 1740 151 51 sapiens
1720 1740 110 51 nisi
1788 1740 82 51 ex
1830 1740 96 51 ha-

419 1784 179 55 bitudine
553 1784 134 55 sicut
643 1784 134 55 causa
733 1784 209 55 exemplaris
897 1784 75 55 &
927 1784 164 55 idealis
1046 1784 90 55 ad
1091 1784 194 55 bonitatem
1240 1784 105 55 aut
1300 1784 209 55 sapientiam
1464 1784 119 55 quae
1539 1784 105 55 est
1598 1784 90 55 in
1643 1784 209 55 creaturis,
1807 1784 119 55 quod

422 1834 148 57 falsum
526 1834 118 57 est.
600 1834 133 57 Falsa
688 1834 103 57 est
747 1834 133 57 etiam
836 1834 222 57 differentia
1013 1834 118 57 quam
1087 1834 103 57 quo
1146 1834 89 57 ad
1191 1834 103 57 hoc
1250 1834 177 57 nituntur
1383 1834 192 57 assignare
1531 1834 133 57 inter
1619 1834 177 57 rationem
1752 1834 163 57 idealem
1856 1834 44 57 &

426 1882 241 47 attributalem,
624 1882 113 47 siue
695 1882 128 47 inter
780 1882 128 47 ideam
866 1882 71 47 &
894 1882 213 47 attributum:
1064 1882 184 47 videlicet
1206 1882 113 47 quod
1277 1882 113 47 idea
1348 1882 85 47 in
1390 1882 99 47 deo
1447 1882 99 47 non
1504 1882 227 47 consideratur
1688 1882 113 47 nisi
1759 1882 170 47 secundum

431 1927 185 55 rationem
569 1927 185 55 cuiusdam
708 1927 262 55 limitationis,
924 1927 108 55 non
986 1927 108 55 sic
1048 1927 139 55 autem
1140 1927 231 55 attributum,
1325 1927 170 55 quoniam
1449 1927 93 55 in
1495 1927 108 55 deo
1557 1927 139 55 nulla
1649 1927 201 55 limitatio
1788 1927 108 55 omni-

424 1968 86 53 no
467 1968 214 53 considerari
638 1968 143 53 potest
738 1968 114 53 nisi
809 1968 200 53 intellectu
966 1968 128 53 falso
1051 1968 71 53 &
1080 1968 171 53 erroneo:
1208 1968 128 53 sicut
1294 1968 100 53 iam
1351 1968 143 53 dictum
1451 1968 100 53 est
1508 1968 143 53 supra.
1608 1968 86 53 Et
1651 1968 114 53 quod
1722 1968 143 53 dicunt
1807 1968 86 53 quod

421 2010 134 57 immo:
510 2010 119 57 quia
585 2010 149 57 aliter
689 2010 104 57 non
749 2010 223 57 responderet
928 2010 164 57 propria
1047 2010 119 57 idea
1121 2010 164 57 proprio
1240 2010 164 57 ideato:
1360 2010 89 57 vt
1404 2010 179 57 scilicet
1538 2010 89 57 in
1583 2010 104 57 deo
1643 2010 119 57 alia
1717 2010 104 57 sit
1777 2010 119 57 idea
1836 2010 60 57 ho

433 2061 145 58 minis,
534 2061 116 58 alia
606 2061 130 58 equi:
693 2061 101 58 hoc
751 2061 145 58 falsum
852 2061 116 58 est.
924 2061 145 58 Absque
1025 2061 116 58 enim
1098 2061 116 58 omni
1170 2061 217 58 limitatione
1344 2061 87 58 in
1387 2061 159 58 ratione
1503 2061 130 58 ideae
1589 2061 87 58 in
1633 2061 101 58 deo
1691 2061 188 58 respondet
1821 2061 72 58 pro

428 2104 121 58 pria
503 2104 121 58 idea
579 2104 166 58 proprio
700 2104 166 58 ideato,
821 2104 76 58 &
851 2104 121 58 alia
926 2104 106 58 est
987 2104 121 58 idea
1062 2104 166 58 hominis
1183 2104 76 58 &
1213 2104 121 58 alia
1289 2104 136 58 equi.
1379 2104 121 58 Quia
1455 2104 121 58 quod
1531 2104 166 58 propria
1651 2104 121 58 idea
1712 2104 181 58 respondeat

428 2161 160 48 proprio
545 2161 160 48 ideato,
661 2161 73 48 &
690 2161 116 48 alia
763 2161 102 48 sit
821 2161 116 48 idea
894 2161 131 48 vnius
981 2161 146 48 ideati
1083 2161 73 48 &
1112 2161 116 48 alia
1185 2161 189 48 alterius,
1331 2161 102 48 hoc
1389 2161 102 48 non
1447 2161 102 48 est
1505 2161 116 48 quia
1578 2161 131 48 aliae
1665 2161 73 48 &
1694 2161 131 48 aliae
1767 2161 131 48 limita-

425 2201 138 62 tioni
517 2201 92 62 in
563 2201 184 62 essentia
701 2201 230 62 creaturarum
885 2201 215 62 respondeat
1053 2201 123 62 alia
1130 2201 77 62 &
1161 2201 123 62 alia
1238 2201 199 62 limitatio
1391 2201 92 62 in
1437 2201 153 62 ideis:
1544 2201 123 62 Tunc
1621 2201 123 62 enim
1698 2201 153 62 gradus
1790 2201 107 62 esset

429 2243 144 61 ponere
529 2243 86 61 ex
573 2243 130 61 parte
659 2243 101 61 dei
717 2243 86 61 in
760 2243 216 61 perfectione
933 2243 173 61 idearum,
1063 2243 130 61 sicut
1149 2243 115 61 sunt
1221 2243 144 61 gradus
1322 2243 231 61 perfectionis
1509 2243 86 61 in
1553 2243 187 61 essentiis
1682 2243 202 61 creaturarum:

430 2286 115 65 quod
502 2286 173 65 erroneum
632 2286 101 65 est
689 2286 159 65 dicere:
805 2286 101 65 sed
862 2286 101 65 hoc
920 2286 101 65 est
978 2286 159 65 idcirco
1093 2286 115 65 quod
1166 2286 115 65 idea
1238 2286 101 65 non
1295 2286 101 65 est
1353 2286 144 65 omnino
1454 2286 87 65 in
1497 2286 101 65 deo
1555 2286 115 65 nisi
1627 2286 87 65 ex
1671 2286 202 65 habitudine
1829 2286 87 65 ad

425 2339 199 51 essentiam
578 2339 245 51 creaturarum:
777 2339 77 51 &
808 2339 199 51 solummodo
961 2339 92 51 in
1007 2339 107 51 deo
1068 2339 107 51 est
1129 2339 123 51 alia
1206 2339 77 51 &
1236 2339 123 51 alia
1313 2339 123 51 idea
1390 2339 184 51 alterius
1527 2339 77 51 &
1558 2339 199 51 alterius,
1711 2339 123 51 quia
1788 2339 123 51 alia
1849 2339 46 51 &

419 2382 114 55 alia
490 2382 100 55 est
547 2382 185 55 perfectio
690 2382 86 55 in
732 2382 171 55 essentia
861 2382 128 55 vnius
946 2382 185 55 creaturae
1089 2382 71 55 &
1117 2382 185 55 alterius,
1260 2382 171 55 respectu
1388 2382 128 55 cuius
1474 2382 114 55 idea
1545 2382 128 55 habet
1630 2382 171 55 rationem
1744 2382 143 55 idealem.

427 2421 100 58 Per
484 2421 100 58 hoc
541 2421 114 58 enim
612 2421 128 58 ratio
698 2421 257 58 perfectionalis
912 2421 100 58 vna
969 2421 71 58 &
998 2421 128 58 eadem
1083 2421 86 58 in
1126 2421 214 58 perfectione
1298 2421 186 58 essentiae
1440 2421 171 58 deitatis
1569 2421 114 58 est.
1640 2421 86 58 Ex
1683 2421 100 58 hoc
1740 2421 128 58 autem
1812 2421 71 58 est

425 2472 108 58 alia
492 2472 67 58 &
519 2472 108 58 alia
586 2472 108 58 idea
654 2472 81 58 in
694 2472 135 58 diuina
788 2472 162 58 notitia:
910 2472 108 58 quod
977 2472 94 58 est
1031 2472 81 58 ad
1071 2472 121 58 aliam
1152 2472 67 58 &
1179 2472 121 58 aliam
1260 2472 216 58 perfectionem
1435 2472 189 58 existentem
1584 2472 81 58 in
1624 2472 108 58 alia
1691 2472 67 58 &
1718 2472 108 58 alia
1772 2472 108 58 essen-

427 2514 95 56 tia
482 2514 189 56 creaturae.
630 2514 95 56 ita
685 2514 108 56 quod
752 2514 81 56 si
793 2514 149 56 amoueas
901 2514 122 56 alium
982 2514 68 56 &
1009 2514 122 56 alium
1091 2514 135 56 gradum
1185 2514 217 56 perfectionis
1361 2514 81 56 in
1402 2514 189 56 creaturis:
1551 2514 81 56 vt
1591 2514 176 56 contingit
1727 2514 189 56 plaerumque

429 2565 88 55 in
473 2565 131 55 illis
561 2565 117 55 quae
634 2565 117 55 sunt
707 2565 102 55 sub
765 2565 131 55 eadem
853 2565 146 55 specie
955 2565 263 55 specialissima:
1174 2565 190 55 creaturis
1320 2565 175 55 diuersis
1452 2565 102 55 non
1510 2565 204 55 respondent
1671 2565 175 55 diuersae
1788 2565 102 55 ideae

429 2603 99 54 in
479 2603 132 54 deo.
562 2603 149 54 Licet
661 2603 132 54 enim
744 2603 198 54 secundum
892 2603 149 54 aliam
991 2603 149 54 ideam
1091 2603 165 54 factus
1206 2603 116 54 sit
1272 2603 132 54 homo
1355 2603 83 54 &
1388 2603 198 54 secundum
1537 2603 149 54 aliam
1636 2603 165 54 equus:
1752 2603 116 54 non
1801 2603 83 54 ta-

423 2647 104 67 men
483 2647 179 67 secundum
617 2647 134 67 aliam
706 2647 74 67 &
736 2647 134 67 aliam
825 2647 134 67 ideam
914 2647 149 67 factus
1018 2647 104 67 est
1078 2647 119 67 vnus
1152 2647 134 67 equus
1241 2647 74 67 &
1271 2647 149 67 alius,
1375 2647 179 67 secundum
1509 2647 119 67 quod
1584 2647 104 67 hoc
1643 2647 134 67 alias
1717 2647 179 67 declaraui-

426 2702 101 60 mus
483 2702 87 60 in
527 2702 145 60 quadam
628 2702 203 60 quaestione
788 2702 87 60 de
831 2702 188 60 Quolibet.
976 2702 72 60 â‹
1005 2702 116 60 Dico
1078 2702 116 60 ergo
1150 2702 116 60 quod
1222 2702 174 60 postquam
1353 2702 101 60 ita
1411 2702 101 60 est
1469 2702 116 60 quod
1541 2702 203 60 distinctio
1686 2702 203 60 attributorum

426 2740 89 80 si
471 2740 104 80 non
530 2740 208 80 accipiatur
694 2740 119 80 nisi
769 2740 89 80 in
813 2740 208 80 habitudine
977 2740 89 80 ad
1022 2740 238 80 respondentia
1215 2740 104 80 eis
1275 2740 89 80 in
1319 2740 208 80 creaturis,
1483 2740 134 80 sicut
1572 2740 194 80 accipitur
1706 2740 179 80 distinctio
