2017 3202
120 252 179 70 essentiam
258 252 179 70 nominant.
396 252 97 70 Sub
451 252 138 70 quibus
548 252 193 70 rationibus
699 252 221 70 determinatis
879 252 207 70 substantiae
1044 252 207 70 quantitatis
1209 252 69 70 &
1237 252 193 70 qualitatis
1389 252 165 70 scilicet
1499 252 124 70 magnitu

125 310 107 48 dinis
196 310 154 48 bonitatis
315 310 59 48 &
338 310 166 48 sapientiae
469 310 59 48 &
492 310 166 48 huiusmodi,
623 310 95 48 quae
682 310 107 48 circa
753 310 154 48 essentiam
872 310 201 48 concipiuntur,
1038 310 83 48 non
1085 310 95 48 nisi
1144 310 71 48 ex
1180 310 130 48 quaedam
1275 310 166 48 habitudine
1405 310 130 48 illorum
1500 310 71 48 ad
1523 310 107 48 quaedam

128 355 111 48 alia,
202 355 62 48 &
226 355 148 48 secundum
337 355 197 48 diuersitatem
497 355 160 48 huiusmodi
620 355 160 48 rationum,
743 355 86 48 non
793 355 148 48 secundum
903 355 135 48 aliquam
1002 355 197 48 diuersitatem
1162 355 160 48 absolutam
1285 355 74 48 in
1322 355 148 48 essentia
1433 355 123 48 diuina
1519 355 99 48 quae
1568 355 62 48 est

126 397 147 54 aliorum
232 397 213 54 fundamentum,
405 397 133 54 habent
499 397 120 54 esse,
579 397 213 54 plurificari,
752 397 120 54 atque
832 397 173 54 distingui
965 397 187 54 attributa.
1112 397 93 54 Nec
1165 397 147 54 oportet
1272 397 107 54 quod
1338 397 213 54 concipiantur
1511 397 80 54 in
1538 397 80 54 habi

114 438 138 62 tudine
211 438 83 62 ad
252 438 124 62 extra
335 438 180 62 differens
474 438 166 62 secundum
598 438 111 62 rem:
667 438 111 62 immo
736 438 166 62 sufficit
861 438 111 62 quod
930 438 221 62 concipiantur
1110 438 83 62 in
1151 438 194 62 habitudine
1303 438 166 62 adintra:
1427 438 83 62 et
1469 438 83 62 ad
1497 438 124 62 indiffe

118 489 100 48 rens
181 489 150 48 secundum
294 489 100 48 rem,
356 489 163 48 differens
481 489 100 48 vero
544 489 100 48 sola
606 489 150 48 ratione.
719 489 88 48 Est
769 489 100 48 enim
831 489 75 48 in
869 489 138 48 diuinis
969 489 88 48 (vt
1019 489 125 48 dictum
1106 489 100 48 est)
1169 489 125 48 vnicum
1256 489 125 48 tantum
1344 489 100 48 mere
1406 489 163 48 absolutum
1519 489 100 48 ratio-

117 534 78 55 ne
156 534 194 55 significati
311 534 65 55 &
337 534 142 55 nominis
441 534 220 55 significantis
622 534 168 55 conceptum
751 534 129 55 absque
842 534 104 55 omni
906 534 181 55 habitudine
1049 534 155 55 secundum
1165 534 104 55 esse
1230 534 104 55 siue
1295 534 181 55 essentiam.
1437 534 181 55 Substantia
1566 534 52 55 ei

129 574 116 62 licet
206 574 141 62 ratione
309 574 193 62 significati
464 574 90 62 sit
515 574 103 62 mere
579 574 180 62 absolutum:
721 574 141 62 ratione
824 574 116 62 tamen
901 574 206 62 impositionis
1068 574 129 62 ipsius
1158 574 129 62 nomins
1248 574 154 62 importat
1364 574 193 62 habitudinem
1518 574 77 62 ad
1544 574 77 62 illa

125 626 126 52 quibus
214 626 176 52 subsistit,
352 626 76 52 vt
390 626 88 52 iam
440 626 126 52 dictum
529 626 88 52 est
579 626 126 52 supra:
667 626 76 52 et
705 626 176 52 significat
844 626 164 52 essentiam
969 626 88 52 sub
1020 626 151 52 ratione,
1133 626 139 52 propria
1234 626 189 52 substantiae
1385 626 101 52 quae
1448 626 88 52 est
1486 626 126 52 secundum

127 676 82 49 se
168 676 177 49 existere:
304 676 150 49 accepta
413 676 82 49 ex
454 676 190 49 habitudine
603 676 109 49 eius
671 676 82 49 ad
712 676 177 49 attributa
848 676 190 49 existentia
997 676 82 49 in
1038 676 122 49 illa:
1120 676 82 49 et
1160 676 82 49 ad
1201 676 122 49 omnes
1283 676 163 49 rationes
1392 676 217 49 perfectionales

115 716 120 54 atque
194 716 146 54 ideales
301 716 80 54 vt
341 716 93 54 est
394 716 186 54 subsistens
540 716 133 54 illis,
633 716 66 54 a
660 716 93 54 qua
713 716 66 54 &
739 716 199 54 denominatur
899 716 199 54 substantia.
1058 716 120 54 Inter
1138 716 106 54 quae
1204 716 199 54 considerata
1364 716 80 54 in
1404 716 133 54 diuina
1483 716 120 54 substam

124 759 100 52 tia
181 759 142 52 primum
280 759 100 52 est
337 759 185 52 quantitas
480 759 114 52 siue
551 759 185 52 magnitudo
693 759 114 52 quae
764 759 128 52 inest
850 759 228 52 substantiae:
1035 759 71 52 &
1063 759 171 52 mediante
1191 759 114 52 illa
1262 759 157 52 caetera
1376 759 128 52 omnia
1462 759 171 52 secundum

122 805 87 47 iam
171 805 149 47 superius
283 805 124 47 dicta.
370 805 137 47 Diuinae
470 805 100 47 enim
532 805 187 47 substantiae
682 805 137 47 ratione
781 805 87 47 qua
831 805 87 47 est
881 805 162 47 increata,
1005 805 149 47 convenit
1117 805 100 47 quod
1179 805 87 47 sit
1229 805 149 47 immensae
1341 805 212 47 magnitudinis:
1515 805 62 47 &
1528 805 87 47 ratio

121 851 81 48 ne
162 851 95 48 qua
216 851 95 48 est
270 851 162 48 immensae
392 851 216 48 magnitudinis
567 851 189 48 conveniunt
716 851 81 48 ei
756 851 189 48 quaecumque
905 851 108 48 sunt
972 851 189 48 dignitatis
1121 851 68 48 &
1148 851 216 48 perfectionis
1323 851 216 48 simpliciter,
1499 851 108 48 siue
1553 851 54 48 in

117 902 193 53 ueniantur
265 902 89 53 in
310 902 193 53 creaturis
458 902 118 53 siue
532 902 118 53 non.
606 902 89 53 Et
650 902 104 53 sic
710 902 89 53 in
754 902 178 53 propriis
887 902 118 53 suis
961 902 193 53 conceptis
1109 902 89 53 ex
1154 902 207 53 habitudine
1317 902 104 53 seu
1376 902 237 53 comparatione
1554 902 59 53 eo

123 943 104 52 rum
183 943 104 52 per
242 943 223 52 intellectum
420 943 134 52 inter
509 943 89 52 se
553 943 252 52 distinguuntur
761 943 208 52 substantia
924 943 89 52 et
969 943 208 52 quantitas:
1132 943 193 52 inquantum
1281 943 208 52 substantia
1429 943 178 52 quantitati

116 989 185 48 subsistit:
261 989 66 48 &
288 989 172 48 quantitas
420 989 198 48 substantiae
579 989 172 48 insistit:
711 989 79 48 et
751 989 93 48 per
804 989 132 48 eundem
896 989 119 48 modum
976 989 212 48 distiguuntur
1148 989 66 48 a
1174 989 185 48 substantia
1320 989 79 48 et
1360 989 185 48 quantitate
1492 989 119 48 caetera

124 1035 127 45 diuina
213 1035 76 45 in
251 1035 139 45 diuinis
352 1035 203 45 considerata:
517 1035 76 45 et
555 1035 89 45 hoc
606 1035 139 45 ratione
707 1035 89 45 vna
758 1035 114 45 illis
834 1035 152 45 communi,
948 1035 165 45 inquantum
1075 1035 177 45 substantia
1214 1035 152 45 mediante
1328 1035 177 45 quantitate
1468 1035 114 45 illis
1531 1035 76 45 suba

128 1076 144 63 sistit:
233 1076 79 63 et
272 1076 105 63 illa
337 1076 118 63 eidem
416 1076 183 63 insistunt:
560 1076 105 63 quae
625 1076 157 63 propriis
743 1076 183 63 rationibus
887 1076 79 63 ex
926 1076 183 63 habitudine
1070 1076 118 63 eorum
1149 1076 118 63 inter
1227 1076 79 63 se
1267 1076 223 63 distinguuntur
1450 1076 131 63 absque
1528 1076 79 63 omni

122 1120 191 54 habitudine
273 1120 164 54 adextra.
395 1120 137 54 Deitas
491 1120 109 54 enim
559 1120 96 54 sub
614 1120 150 54 ratione
723 1120 178 54 scientiae
860 1120 164 54 notitiae
983 1120 96 54 aut
1037 1120 191 54 sapientiae
1188 1120 191 54 concipitur
1338 1120 82 54 ab
1379 1120 191 54 intellectu
1529 1120 82 54 in
1556 1120 55 54 ha

116 1166 175 54 bitudine
248 1166 88 54 ad
291 1166 160 54 seipsam
408 1166 190 54 conceptam
554 1166 102 54 sub
612 1166 160 54 ratione
729 1166 175 54 scibilis
860 1166 102 54 aut
919 1166 190 54 scientis:
1064 1166 88 54 et
1108 1166 204 54 econuerso:
1269 1166 131 54 sicut
1356 1166 131 54 eadem
1444 1166 146 54 deitas
1531 1166 73 54 con

119 1215 162 49 cipitur
237 1215 88 49 ab
281 1215 206 49 intellectu
443 1215 103 49 sub
502 1215 162 49 ratione
620 1215 236 49 paternitatis
812 1215 88 49 in
856 1215 206 49 habitudine
1018 1215 88 49 ad
1062 1215 162 49 seipsam
1180 1215 191 49 conceptam
1327 1215 103 49 sub
1386 1215 162 49 ratione
1489 1215 118 49 filia-

121 1259 137 50 tionis
217 1259 82 50 et
258 1259 192 50 econuerso:
409 1259 123 50 licet
491 1259 82 50 in
532 1259 96 50 hoc
587 1259 96 50 sit
642 1259 205 50 differentia
806 1259 151 50 duplex.
916 1259 137 50 Prima,
1011 1259 110 50 quod
1080 1259 192 50 relationes
1231 1259 110 50 sunt
1299 1259 123 50 illae
1381 1259 219 50 habitudines:
1546 1259 68 50 non

119 1306 100 59 sic
176 1306 128 59 autem
261 1306 199 59 relationes
418 1306 199 59 caeterorum
574 1306 114 59 quae
646 1306 114 59 sunt
717 1306 85 59 in
760 1306 157 59 diuinis
874 1306 185 59 absoluta.
1016 1306 171 59 Secunda,
1144 1306 114 59 quod
1215 1306 85 59 in
1258 1306 157 59 diuinis
1372 1306 199 59 paternitas
1529 1306 85 59 et
1557 1306 57 59 fi

122 1349 140 55 liatio
220 1349 126 55 sicut
304 1349 126 55 pater
387 1349 84 55 et
429 1349 154 55 filius:
541 1349 84 55 et
583 1349 238 55 vniuersaliter
779 1349 196 55 relationes
932 1349 84 55 ac
974 1349 210 55 habitudines
1142 1349 196 55 notionales
1296 1349 140 55 habent
1393 1349 126 55 esse,
1477 1349 70 55 &
1505 1349 140 55 distin

119 1402 108 48 gui
180 1402 77 48 a
211 1402 154 48 natura
319 1402 124 48 rei,
397 1402 108 48 non
458 1402 139 48 autem
551 1402 77 48 a
582 1402 278 48 consideratione
814 1402 247 48 intellectus,
1015 1402 77 48 a
1045 1402 108 48 qua
1107 1402 93 48 in
1154 1402 170 48 diuinis
1277 1402 154 48 habent
1385 1402 201 48 solummodo
1524 1402 93 48 esse

119 1443 87 52 et
163 1443 189 52 distingui
309 1443 175 52 rationes
440 1443 218 52 caeterorum.
614 1443 87 52 Et
658 1443 102 52 sic
716 1443 218 52 intellectus
891 1443 175 52 concipit
1022 1443 87 52 in
1066 1443 160 52 diuinis
1182 1443 175 52 diuersos
1313 1443 189 52 respectus
1444 1443 175 52 relationum

120 1488 233 48 notionalium
307 1488 93 48 ex
354 1488 218 48 habitudine
525 1488 171 48 illarum
649 1488 140 48 inter
742 1488 109 48 se:
805 1488 155 48 quarum
913 1488 264 48 distinctionem
1131 1488 171 48 inuenit
1255 1488 187 48 operatam
1395 1488 78 48 a
1426 1488 155 48 natura
1520 1488 93 48 rei:

122 1527 99 64 sed
178 1527 99 64 non
235 1527 184 64 operatur.
377 1527 170 64 Concipit
504 1527 127 64 autem
589 1527 170 64 diuersas
717 1527 170 64 rationes
844 1527 227 64 attributales
1028 1527 85 64 ex
1071 1527 198 64 habitudine
1226 1527 156 64 illorum
1340 1527 127 64 inter
1425 1527 99 64 se:
1481 1527 142 64 quorum
1566 1527 57 64 di

114 1575 213 51 stinctionem
284 1575 99 51 non
341 1575 156 51 inuenit
454 1575 170 51 operatam
582 1575 71 51 a
610 1575 156 51 natura:
724 1575 99 51 sed
781 1575 114 51 ipse
852 1575 128 51 illam
937 1575 170 51 opeatur:
1065 1575 85 51 et
1107 1575 99 51 hoc
1164 1575 213 51 quemadmodum
1334 1575 114 51 ipse
1405 1575 170 51 operatur
1519 1575 99 51 rela-

126 1623 139 55 tiones
223 1623 195 55 respectuum
376 1623 167 55 alicuius
501 1623 83 55 ad
543 1623 153 55 seipsum
654 1623 167 55 secundum
779 1623 139 55 primum
877 1623 125 55 modum
960 1623 222 55 identitatis:
1141 1623 83 55 et
1182 1623 97 55 hoc
1238 1623 139 55 absque
1335 1623 111 55 omni
1405 1623 195 55 habitudine
1557 1623 83 55 ad

123 1669 152 50 aliquid
234 1669 138 50 extra:
330 1669 207 50 quemadmodum
496 1669 124 50 etiam
579 1669 166 50 concipit
703 1669 179 50 respectus
841 1669 166 50 diuersos
965 1669 193 50 relationum
1117 1669 179 50 conmunium
1255 1669 124 50 inter
1338 1669 110 50 duas
1407 1669 179 50 personas,
1531 1669 83 50 puta

126 1712 218 54 identitatum,
304 1712 232 54 aequalitatum,
495 1712 82 54 et
536 1712 232 54 similitudinum
726 1712 164 54 mutuarum
849 1712 123 54 inter
931 1712 136 54 patrem
1027 1712 82 54 et
1067 1712 150 54 filium.
1177 1712 95 54 Non
1231 1712 109 54 enim
1299 1712 218 54 identitatem,
1463 1712 150 54 aequalita

121 1762 107 48 tem,
188 1762 81 48 et
228 1762 228 48 similitudinem
416 1762 134 48 quibus
510 1762 121 48 pitir
591 1762 94 48 est
644 1762 107 48 idem
711 1762 161 48 aequalis
832 1762 81 48 et
872 1762 148 48 similis
980 1762 121 48 filio
1060 1762 81 48 et
1101 1762 188 48 econverso:
1248 1762 148 48 oportet
1356 1762 215 48 apprehendere
1530 1762 81 48 in
1557 1762 54 48 ha

135 1807 148 48 bitudine
246 1807 74 48 ad
283 1807 136 48 aliquam
382 1807 198 48 identitatem,
542 1807 198 48 equalitatem,
703 1807 74 48 et
740 1807 210 48 similitudinem
913 1807 124 48 quibus
999 1807 136 48 aliquae
1098 1807 161 48 creaturae
1222 1807 99 48 sibi
1283 1807 99 48 sunt
1345 1807 124 48 eaedem
1432 1807 148 48 aequales
1543 1807 74 48 et
1568 1807 49 48 si

121 1847 133 57 miles:
214 1847 133 57 maxime
306 1847 106 57 quia
373 1847 93 57 non
426 1847 93 57 est
479 1847 159 57 inuenire
598 1847 186 57 relationes
744 1847 119 57 cones
824 1847 146 57 similes
930 1847 80 57 et
970 1847 252 57 correspondentes
1182 1847 80 57 in
1222 1847 186 57 creaturis:
1368 1847 106 57 quia
1434 1847 119 57 super
1514 1847 106 57 idem
1567 1847 53 57 nu

133 1898 112 53 mero
203 1898 84 53 in
245 1898 183 53 creaturis
386 1898 98 53 non
442 1898 183 53 fundantur
582 1898 140 53 plures
681 1898 211 53 identitates
849 1898 98 53 aut
906 1898 225 53 aequalitates
1088 1898 98 53 aut
1144 1898 239 53 similitudines
1341 1898 126 53 inter
1425 1898 155 53 diuersa
1524 1898 84 53 supr

126 1942 171 53 posita,
251 1942 140 53 sicut
344 1942 202 53 fundantur
499 1942 93 53 in
546 1942 171 53 diuinis
670 1942 140 53 inter
763 1942 217 53 distinctas
934 1942 186 53 personas
1074 1942 109 53 per
1136 1942 140 53 earum
1229 1942 233 53 habitudinem
1415 1942 155 53 mutuam
1508 1942 109 53 secun

123 1991 107 52 dum
184 1991 184 52 superius
322 1991 246 52 determinata.
522 1991 92 52 Et
568 1991 184 52 secundum
706 1991 123 52 hunc
782 1991 138 52 modum
875 1991 215 52 distinguit
1043 1991 230 52 intellectus
1227 1991 92 52 in
1273 1991 153 52 diuina
1381 1991 184 52 essentia
1504 1991 107 52 ratio

126 2034 99 54 nem
182 2034 127 54 boni:
267 2034 85 54 et
309 2034 169 54 concipit
436 2034 99 54 eam
493 2034 85 54 ex
535 2034 197 54 habitudine
690 2034 141 54 illius
789 2034 85 54 ad
831 2034 169 54 rationem
958 2034 197 54 voluntatis
1113 2034 85 54 in
1156 2034 141 54 eadem:
1254 2034 85 54 et
1297 2034 197 54 econverso:
1452 2034 71 54 &
1466 2034 155 54 similiter

131 2076 148 50 rationem
241 2076 98 50 veri
303 2076 74 50 ex
340 2076 172 50 habitudine
475 2076 123 50 illius
561 2076 74 50 ad
598 2076 148 50 rationem
709 2076 197 50 intellectus:
869 2076 74 50 et
906 2076 172 50 econverso.
1041 2076 74 50 Et
1078 2076 74 50 ex
1115 2076 86 50 hoc
1164 2076 148 50 vlterius
1275 2076 86 50 cum
1324 2076 74 50 in
1361 2076 86 50 deo
1410 2076 98 50 vnum
1472 2076 74 50 et
1509 2076 98 50 idem
1558 2076 49 50 re

119 2119 111 51 sint
189 2119 125 51 verum
272 2119 83 51 et
314 2119 139 51 bonum,
411 2119 209 51 intellectus
578 2119 125 51 circa
661 2119 153 51 diuinam
773 2119 181 51 essentiam
912 2119 209 51 apprehendit
1079 2119 125 51 aliam
1162 2119 167 51 rationem
1287 2119 111 51 veri
1357 2119 83 51 et
1398 2119 125 51 aliam
1468 2119 139 51 rationem

124 2165 128 57 boni,
209 2165 100 57 non
266 2165 200 57 necessario
423 2165 86 57 ex
466 2165 214 57 habitudine,
637 2165 71 57 &
665 2165 228 57 comparatione
851 2165 143 57 illius
950 2165 128 57 vnius
1036 2165 86 57 ad
1079 2165 171 57 diuersas
1207 2165 185 57 potentias
1349 2165 143 57 animae
1449 2165 86 57 re
1492 2165 157 57 distin-

125 2214 122 51 ctas
201 2214 182 51 habentes
338 2214 137 51 actus
429 2214 91 51 re
474 2214 182 51 diuersos
611 2214 91 51 et
657 2214 213 51 distinctos
824 2214 152 51 quorum
930 2214 122 51 sunt
1006 2214 106 51 per
1067 2214 91 51 se
1113 2214 182 51 obiecta:
1249 2214 106 51 nec
1310 2214 91 51 ex
1356 2214 243 51 comparatione
1553 2214 91 51 ad

126 2254 142 51 bonum
221 2254 95 51 et
269 2254 142 51 verum
364 2254 127 51 quae
443 2254 95 51 in
490 2254 206 51 creaturis
648 2254 127 51 sunt
728 2254 174 51 diuersa
854 2254 190 51 secundum
997 2254 127 51 rem:
1076 2254 111 51 sed
1139 2254 253 51 sufficienter
1345 2254 253 51 comprehendit
1535 2254 79 51 il-

122 2301 101 54 las
179 2301 174 54 diuersas
310 2301 87 54 et
353 2301 202 54 distinctas
512 2301 87 54 ex
555 2301 202 54 habitudine
714 2301 87 54 ad
758 2301 174 54 diuersas
888 2301 174 54 rationes
1018 2301 217 54 intellectus
1192 2301 87 54 et
1235 2301 217 54 voluntatis:
1409 2301 87 54 et
1452 2301 101 54 sic
1510 2301 87 54 ad
1539 2301 72 54 di-

122 2356 159 48 uersas
233 2356 190 48 rationes
376 2356 222 48 dissimiles
550 2356 174 48 omnino:
677 2356 238 48 quemadmodum
868 2356 95 48 et
915 2356 95 48 in
963 2356 174 48 diuinis
1090 2356 174 48 sumitur
1216 2356 143 48 omnis
1312 2356 222 48 distinctio
1470 2356 143 48 attribu

115 2391 155 55 torum:
224 2391 202 55 nequaquam
380 2391 140 55 autem
473 2391 93 55 ad
520 2391 187 55 rationes
660 2391 187 55 similes:
800 2391 233 55 quemadmodum
986 2391 78 55 a
1017 2391 218 55 rationibus
1188 2391 202 55 similibus
1344 2391 109 55 deo
1390 2391 218 55 attribuuntur

120 2436 71 65 a
148 2436 184 65 creaturi:
289 2436 113 65 puta
360 2436 155 65 bonitas
473 2436 71 65 a
501 2436 184 65 bonitate:
642 2436 155 65 veritas
755 2436 71 65 a
783 2436 184 65 veritate:
924 2436 212 65 pulchritudo
1094 2436 71 65 a
1122 2436 240 65 pulchritudie:
1320 2436 85 65 et
1362 2436 99 65 sic
1419 2436 85 65 de
1447 2436 155 65 caeteris.

131 2483 92 52 Et
177 2483 108 52 sic
238 2483 108 52 per
300 2483 261 52 distinctionem
515 2483 184 52 rationum
653 2483 123 52 siue
730 2483 231 52 habitudinum
914 2483 123 52 quas
991 2483 200 52 important
1145 2483 200 52 attributa
1299 2483 92 52 vt
1345 2483 215 52 oppositas:
1514 2483 123 52 quae

132 2531 89 51 in
177 2531 162 51 diuinis
295 2531 251 51 considerantur
501 2531 89 51 ex
546 2531 133 51 parte
634 2531 222 51 intellectus
812 2531 133 51 inter
900 2531 89 51 se
944 2531 89 51 vt
989 2531 177 51 opposita
1122 2531 133 51 inter
1210 2531 89 51 se
1255 2531 89 51 ex
1299 2531 103 51 vna
1358 2531 133 51 parte
1447 2531 89 51 et
1491 2531 89 51 ex
1520 2531 89 51 alia

122 2579 151 49 parte,
228 2579 182 49 voluntas
364 2579 212 49 distinguit
530 2579 136 49 inter
621 2579 91 49 se
667 2579 121 49 illa
742 2579 121 49 quae
818 2579 121 49 sunt
894 2579 91 49 ex
939 2579 106 49 vna
1000 2579 136 49 parte
1090 2579 151 49 quadam
1196 2579 227 49 diuersitate
1378 2579 212 49 respectuum
1529 2579 76 49 si-

122 2626 92 55 bi
168 2626 169 55 inuicem
291 2626 246 55 oppositorum:
490 2626 108 55 quo
552 2626 138 55 facto
644 2626 184 55 comparat
782 2626 123 55 illa
859 2626 123 55 quae
936 2626 123 55 sunt
1013 2626 92 55 ex
1059 2626 138 55 parte
1151 2626 230 55 intellectus
1335 2626 92 55 ad
1382 2626 123 55 illa
1458 2626 123 55 quae
1520 2626 92 55 sunt

124 2665 84 57 ex
166 2665 127 57 parte
251 2665 211 57 voluntatis:
419 2665 84 57 et
462 2665 239 57 vniuersaliter
658 2665 113 57 illa
729 2665 113 57 quae
799 2665 98 57 non
855 2665 197 57 distinguit
1010 2665 169 57 secundum
1137 2665 183 57 respectus
1277 2665 183 57 oppositos
1418 2665 127 57 inter
1502 2665 98 57 se,
1545 2665 70 57 con

119 2707 123 78 parat
201 2707 123 78 inter
283 2707 82 78 se
324 2707 164 78 secundum
447 2707 150 78 quandam
556 2707 218 78 oppositionem
734 2707 246 78 disparationis:
938 2707 109 78 quod
1007 2707 164 78 sufficit
1130 2707 82 78 ad
1171 2707 259 78 plurificationem
1389 2707 82 78 et
1416 2707 205 78 distinctionem
