2017 3193
137 259 73 63 â‹
167 259 102 63 Per
225 259 102 63 hoc
283 259 131 63 patet
370 259 87 63 ad
414 259 189 63 secundum,
559 259 160 63 dicendo
675 259 116 63 quod
748 259 131 63 licet
835 259 145 63 altera
937 259 189 63 abinuicem
1082 259 145 63 semper
1184 259 203 63 formaliter
1343 259 203 63 differant:
1503 259 87 63 si
1532 259 102 63 tamen

132 304 139 65 illud
224 304 170 65 formale
348 304 108 65 sit
410 304 248 65 respectiuum:
611 304 186 65 secundum
751 304 139 65 illud
844 304 201 65 nequaquam
998 304 186 65 dicuntur
1138 304 186 65 diuersa:
1277 304 108 65 sed
1339 304 201 65 solummodo
1478 304 155 65 dicuntur

131 357 143 53 eadem
226 357 190 53 secundum
369 357 238 53 substantiam
560 357 206 53 absolutam
718 357 127 53 quam
798 357 159 53 habent
909 357 190 53 communem
1052 357 111 53 vel
1115 357 254 53 simpliciter,
1321 357 95 53 vt
1369 357 95 53 in
1417 357 190 53 diuinis,
1544 357 79 53 vbi

133 391 99 66 est
190 391 185 66 alterorum
332 391 128 66 eadem
417 391 199 66 substantia
573 391 156 66 numero,
686 391 99 66 vel
743 391 99 66 cum
800 391 255 66 determinatione
1013 391 170 66 secundum
1140 391 156 66 speciem
1254 391 99 66 vel
1311 391 170 66 secundum
1439 391 142 66 genus,
1538 391 85 66 vt
1566 391 57 66 in

144 450 170 61 creaturis,
277 450 85 61 vbi
326 450 109 61 eadem
398 450 85 61 est
447 450 158 61 alterorum
568 450 170 61 substantia
702 450 145 61 secundum
811 450 133 61 speciem
908 450 85 61 aut
956 450 145 61 secundum
1065 450 109 61 genus
1138 450 133 61 tantum.
1235 450 109 61 Sicut
1308 450 97 61 enim
1368 450 145 61 secundum
1478 450 170 61 Augustinus

135 483 82 66 v.
176 483 82 66 de
218 483 206 66 triniitate.
382 483 96 66 ca.
437 483 110 66 iii.
506 483 96 66 cum
561 483 151 66 dicitur
671 483 124 66 vnum,
753 483 82 66 vt
794 483 96 66 non
849 483 151 66 addatur
959 483 165 66 secundum
1083 483 110 66 quid
1151 483 124 66 vnum,
1234 483 96 66 cum
1289 483 124 66 plura
1371 483 110 66 vnum
1440 483 178 66 dicuntur,
1563 483 55 66 ea

133 531 100 68 dem
190 531 143 68 natura
290 531 100 68 non
347 531 186 68 dissidens
490 531 243 68 significatur:
690 531 100 68 sic
747 531 100 68 cum
804 531 157 68 dicitur
918 531 129 68 idem,
1004 531 71 68 &
1032 531 100 68 non
1090 531 157 68 additur
1204 531 171 68 secundum
1332 531 114 68 quid
1404 531 129 68 idem:
1489 531 100 68 cum
1532 531 86 68 plu-

126 581 91 60 ra
171 581 182 60 dicuntur
308 581 136 60 idem,
398 581 197 60 identitas
550 581 227 60 simpliciter
732 581 91 60 in
777 581 136 60 eadem
868 581 151 60 natura
974 581 106 60 non
1034 581 212 60 dissidente
1186 581 227 60 intelligitur.

416 623 116 64 lrca
489 623 174 64 secundum
620 623 174 64 arguitur
750 623 116 64 quod
823 623 87 64 in
867 623 160 64 diuinis
983 623 102 64 sit
1041 623 145 64 tantum
1142 623 116 64 vnus
1215 623 131 64 modus
1302 623 218 64 identitatis
1462 623 145 64 secundum

419 667 159 67 formam
531 667 80 67 &
562 667 191 67 speciem,
706 667 143 67 Primo
801 667 127 67 sic.
881 667 223 67 Distinctio
1056 667 223 67 relationum
1231 667 207 67 communium
1390 667 191 67 secundum
1517 667 96 67 for-

418 725 110 61 mam
481 725 78 61 &
512 725 172 61 speciem
637 725 110 61 non
700 725 110 61 est
763 725 125 61 nisi
841 725 188 61 secundum
982 725 188 61 formalem
1123 725 78 61 &
1154 725 219 61 specificam
1326 725 266 61 distinctionem
1530 725 78 61 suo

428 767 96 51 um
476 767 289 51 fundamentorum,
717 767 96 51 vt
765 767 145 51 patet
862 767 96 51 ex
910 767 145 51 supra
1006 767 273 51 determinatis,
1231 767 145 51 quare
1328 767 112 51 cum
1392 767 96 51 ex
1440 767 145 51 parte
1521 767 96 51 fun-

414 808 164 57 damenti
533 808 224 57 identitatis
712 808 89 57 in
757 808 164 57 diuinis
876 808 134 57 nulla
965 808 149 57 omnino
1070 808 134 57 cadat
1159 808 224 57 distinctio:
1338 808 119 57 quia
1412 808 104 57 non
1472 808 104 57 est
1532 808 89 57 in
1561 808 60 57 di

414 850 124 61 uinis
497 850 111 61 nisi
566 850 124 61 vnica
649 850 69 61 &
677 850 194 61 singularis
829 850 207 61 substantia:
995 850 124 61 nulla
1078 850 111 61 ergo
1147 850 221 61 consimiliter
1327 850 194 61 distinctio
1479 850 166 61 secundum

396 902 146 58 formam
498 902 73 58 &
527 902 160 58 speciem
644 902 146 58 potest
746 902 116 58 esse
819 902 87 58 in
862 902 160 58 diuinis
979 902 87 58 ex
1023 902 131 58 parte
1110 902 233 58 identitatis.
1299 902 73 58 â‹
1328 902 160 58 Secundo
1445 902 116 58 sic.
1518 902 131 58 diffe
1590 902 44 58 a

125 952 148 55 rentia
229 952 177 55 secundum
361 952 177 55 materiam
494 952 148 55 tantum
597 952 103 55 non
656 952 236 55 diuersificat
848 952 148 55 formam
951 952 74 55 &
981 952 162 55 speciem
1099 952 177 55 alicuius
1232 952 207 55 existentis
1394 952 89 55 in
1423 952 192 55 differenti-

121 985 109 67 bus
184 985 188 67 secundum
325 985 188 67 materiam
465 985 156 67 solum.
575 985 109 67 sed
638 985 203 67 identitas
794 985 94 67 in
841 985 172 67 diuiuis
966 985 109 67 non
1029 985 282 67 diuersificatur
1263 985 125 67 nisi
1341 985 188 67 secundum
1467 985 156 67 materiam

117 1040 153 49 tantum:
228 1040 111 49 quia
298 1040 167 49 secundum
423 1040 139 49 relata
521 1040 111 49 quae
590 1040 111 49 sunt
660 1040 153 49 idipsum
771 1040 139 49 omnino
869 1040 83 49 in
910 1040 125 49 primo
994 1040 111 49 modo
1063 1040 223 49 identitatis,
1244 1040 70 49 &
1272 1040 153 49 alterum
1383 1040 70 49 &
1411 1040 153 49 alterum
1523 1040 83 49 in
1550 1040 56 49 se

128 1083 142 60 cundo,
227 1083 85 60 vt
270 1083 128 60 patet
355 1083 85 60 ex
398 1083 298 60 praedeterminatis.
653 1083 114 60 ergo
724 1083 99 60 &c.
781 1083 71 60 â‹
809 1083 85 60 In
852 1083 199 60 contrarium
1008 1083 114 60 est,
1079 1083 114 60 quia
1150 1083 85 60 si
1193 1083 114 60 modi
1264 1083 213 60 identitatis
1434 1083 85 60 ad
1477 1083 85 60 se
1519 1083 71 60 &
1548 1083 85 60 ad
1576 1083 57 60 lI

129 1123 128 56 alium
214 1123 100 56 non
271 1123 185 56 differunt
413 1123 114 56 nisi
484 1123 171 56 secundum
612 1123 171 56 materia.
740 1123 171 56 scilicet
868 1123 171 56 secundum
996 1123 142 56 relata
1096 1123 114 56 quae
1167 1123 114 56 sunt
1238 1123 156 56 materia
1352 1123 71 56 &
1380 1123 185 56 subiectum
1508 1123 100 56 solum

119 1173 89 59 &
155 1173 125 59 non
226 1173 215 59 secundum
387 1173 215 59 formalem
548 1173 215 59 rationem
709 1173 322 59 fundamentorum,
977 1173 143 59 tunc
1067 1173 215 59 secundum
1228 1173 143 59 idem
1317 1173 268 59 fundamentum
1514 1173 107 59 omni

124 1221 80 48 no
164 1221 133 48 posset
257 1221 146 48 aliquid
363 1221 186 48 identitate
509 1221 146 48 referri
615 1221 80 48 ad
655 1221 146 48 seipsum
761 1221 66 48 &
788 1221 80 48 ad
828 1221 133 48 alium:
920 1221 93 48 cum
974 1221 120 48 eadem
1053 1221 186 48 substantia
1199 1221 106 48 quae
1266 1221 93 48 est
1319 1221 80 48 in
1359 1221 146 48 diuinis
1465 1221 80 48 in
1505 1221 93 48 vno
1545 1221 66 48 ali

121 1262 104 50 quo,
186 1262 91 50 sit
238 1262 78 50 in
277 1262 156 50 quolibet
394 1262 117 50 alio.
472 1262 182 50 consequens
616 1262 130 50 falsum
707 1262 104 50 est:
772 1262 104 50 quia
837 1262 117 50 eadem
915 1262 143 50 ratione
1019 1262 130 50 posset
1110 1262 143 50 aliquod
1214 1262 195 50 aequalitate
1371 1262 65 50 &
1397 1262 208 50 similitudine
1553 1262 65 50 re-

127 1302 120 78 ferri
207 1302 80 78 ad
247 1302 147 78 seipsum
353 1302 67 78 &
380 1302 80 78 ad
420 1302 133 78 alium:
513 1302 93 78 cum
567 1302 120 78 eadem
647 1302 173 78 quantitas
780 1302 67 78 &
807 1302 160 78 qualitas
927 1302 107 78 quae
993 1302 93 78 est
1047 1302 80 78 in
1087 1302 93 78 vno
1140 1302 147 78 aliquo:
1247 1302 93 78 sit
1300 1302 120 78 etiam
1380 1302 80 78 in
1420 1302 160 78 quolibet
1527 1302 93 78 sicut

133 1351 79 60 &
165 1351 158 60 eadem.
276 1351 143 60 illud
371 1351 143 60 tamen
466 1351 158 60 falsum
576 1351 111 60 est
640 1351 190 60 secundum
782 1351 317 60 praedeterminata.
1052 1351 127 60 ergo
1115 1351 79 60 &c.

119 1393 80 68 â‹
151 1393 129 68 Dico
232 1393 129 68 quod
312 1393 97 68 in
360 1393 257 68 relationibus
569 1393 225 68 comounibus
746 1393 225 68 distinctio
923 1393 193 68 secundum
1068 1393 161 68 formam
1181 1393 80 68 &
1213 1393 177 68 speciem
1342 1393 113 68 non
1406 1393 209 68 accipitur
1551 1393 64 68 se

121 1454 124 62 cundum
207 1454 87 62 rem
257 1454 223 62 fundamentorum:
443 1454 87 62 sed
492 1454 161 62 solummodo
616 1454 149 62 secundum
728 1454 149 62 formales
839 1454 149 62 rationes
951 1454 149 62 ipsorum.
1062 1454 87 62 Res
1112 1454 99 62 enim
1173 1454 173 62 fundamenti
1310 1454 124 62 omnium
1396 1454 173 62 relationum
1533 1454 99 62 quae

122 1489 106 76 sunt
188 1489 80 76 in
228 1489 146 76 diuinis
335 1489 67 76 &
361 1489 186 76 propriarum
508 1489 67 76 &
534 1489 173 76 conmunium
667 1489 93 76 vna
720 1489 93 76 est
774 1489 186 76 singularis
920 1489 106 76 quae
987 1489 146 76 differt
1093 1489 160 76 secundum
1213 1489 160 76 formales
1333 1489 160 76 rationes
1439 1489 173 76 substantiae

141 1544 178 63 quantitatis
284 1544 59 63 &
307 1544 178 63 quaelitatis
450 1544 190 63 importantium
604 1544 83 63 quo
652 1544 71 63 ad
687 1544 131 63 aliquas
782 1544 131 63 species
878 1544 95 63 suas
937 1544 71 63 in
973 1544 154 63 creaturis
1091 1544 131 63 aliquid
1186 1544 190 63 perfectionis
1341 1544 178 63 simpliciter
1483 1544 95 63 quam
1543 1544 83 63 id-

129 1592 125 49 circo
213 1592 70 49 a
241 1592 181 49 creaturis
380 1592 237 49 transferuntur
575 1592 84 49 ad
617 1592 153 49 diuina:
728 1592 167 49 secundum
854 1592 167 49 superius
979 1592 223 49 determinata:
1160 1592 70 49 &
1188 1592 98 49 hoc
1244 1592 153 49 manente
1355 1592 84 49 in
1383 1592 223 49 consideratione

133 1626 150 67 rationis,
249 1626 127 67 ratione
342 1626 174 67 substantiae
481 1626 174 67 quantitatis
619 1626 58 67 &
643 1626 185 67 quaelitatis:
793 1626 58 67 &
816 1626 139 67 secundum
920 1626 81 67 rem
967 1626 139 67 rationes
1071 1626 174 67 quantitatis
1210 1626 58 67 &
1233 1626 162 67 qualitatis
1360 1626 139 67 incidant
1464 1626 69 67 in
1487 1626 116 67 rationem

124 1673 200 67 substantiae.
287 1673 88 67 Non
337 1673 100 67 enim
400 1673 175 67 approbamus
538 1673 125 67 dictum
625 1673 163 67 aliquorum
751 1673 163 67 dicentium
876 1673 100 67 quod
938 1673 88 67 res
988 1673 250 67 praedicamentorum
1201 1673 188 67 quantitatis
1352 1673 63 67 &
1377 1673 188 67 quaelitatis
1514 1673 113 67 transfe

128 1727 123 60 runtur
214 1727 62 60 a
238 1727 160 60 creaturis
362 1727 74 60 ad
398 1727 123 60 diuina
485 1727 86 60 non
534 1727 148 60 secundum
645 1727 148 60 rationem
755 1727 148 60 generis:
866 1727 185 60 quemadmodum
1014 1727 185 60 transfertur
1162 1727 86 60 res
1211 1727 197 60 substantiae:
1371 1727 86 60 sed
1420 1727 148 60 secundum
1519 1727 98 60 ratio-

115 1760 91 67 nem
167 1760 169 67 aliquarum
297 1760 169 67 specierum
427 1760 143 67 tantum,
532 1760 117 67 prout
610 1760 130 67 supius
701 1760 247 67 determinauimus.
909 1760 78 67 Et
948 1760 143 67 propter
1052 1760 130 67 dictam
1143 1760 221 67 distinctionem
1326 1760 156 67 secundum
1443 1760 156 67 rationes
1547 1760 65 67 for

125 1810 122 57 males
207 1810 82 57 in
248 1810 150 57 diuinis
356 1810 204 57 substantiae
520 1810 204 57 quantitatis
683 1810 68 57 &
710 1810 217 57 quaelitatis,
886 1810 163 57 dicuntur
1009 1810 177 57 distingui
1145 1810 190 57 formaliter
1294 1810 68 57 &
1321 1810 163 57 secundum
1444 1810 136 57 formam
1539 1810 82 57 ac
1566 1810 68 57 spe

127 1860 104 64 ciem
192 1860 156 64 rationis
309 1860 104 64 tria
374 1860 130 64 genera
465 1860 182 64 relationum
609 1860 182 64 conmunium,
752 1860 104 64 quae
817 1860 104 64 sunt
882 1860 182 64 identitas,
1025 1860 195 64 aequalitas,
1181 1860 65 64 &
1207 1860 195 64 similitudo.
1364 1860 78 64 Et
1403 1860 208 64 consimiliter
1559 1860 52 64 di

121 1899 74 71 co
158 1899 74 71 ex
195 1899 111 71 parte
269 1899 136 71 modorum
368 1899 198 71 identitatis:
529 1899 99 71 quod
591 1899 99 71 quia
653 1899 99 71 ipsi
715 1899 186 71 accipiuntur
863 1899 87 71 non
913 1899 149 71 secundum
1024 1899 87 71 rem
1074 1899 62 71 &
1098 1899 136 71 naturam
1198 1899 186 71 fundamenti:
1346 1899 87 71 sed
1396 1899 149 71 secundum
1507 1899 124 71 forma-

124 1941 90 75 les
176 1941 155 75 rationes
292 1941 77 75 in
331 1941 116 75 illa,
408 1941 155 75 secundum
524 1941 129 75 formam
614 1941 65 75 &
640 1941 142 75 speciem
743 1941 168 75 differunt
873 1941 116 75 atque
950 1941 232 75 distinguuntur.
1143 1941 103 75 Quia
1208 1941 116 75 sicut
1285 1941 103 75 illa
1350 1941 103 75 tria
1414 1941 129 75 genera
1492 1941 116 75 relatio

128 1987 85 69 num
177 1987 159 69 conmunium
299 1987 208 69 distinguuntur
470 1987 147 69 secundum
580 1987 98 69 tres
641 1987 147 69 formales
750 1987 147 69 rationes
860 1987 147 69 scilicet
970 1987 183 69 substantiae
1117 1987 183 69 quantitatis
1263 1987 61 69 &
1288 1987 195 69 quaelitatis:
1446 1987 85 69 sic
1495 1987 85 69 duo
1532 1987 73 69 modi

114 2033 196 63 identitatis
271 2033 222 63 distinguuntur
454 2033 157 63 secundum
571 2033 104 63 duas
636 2033 157 63 formales
754 2033 157 63 rationes
872 2033 209 63 substantiae,
1041 2033 131 63 quorum
1133 2033 104 63 vnus
1198 2033 91 63 est
1250 2033 91 63 quo
1303 2033 157 63 praecise
1420 2033 65 63 &
1446 2033 144 63 proprie
1551 2033 78 63 ap

121 2081 154 71 pellatur
237 2081 180 71 substantia
378 2081 141 71 aliquid
481 2081 103 71 quod
546 2081 90 71 est
597 2081 167 71 absolutum
726 2081 64 71 &
751 2081 180 71 essentiale
893 2081 180 71 distinctum
1034 2081 129 71 contra
1124 2081 167 71 notionale
1253 2081 64 71 &
1279 2081 206 71 respectiuum:
1446 2081 103 71 quod
1497 2081 103 71 quidem

126 2129 181 53 essentiale
268 2129 90 53 est
320 2129 78 53 in
359 2129 78 53 eo
397 2129 116 53 cuius
475 2129 90 53 est
527 2129 90 53 cum
578 2129 103 53 eius
643 2129 168 53 notionali
772 2129 103 53 siue
837 2129 194 53 respectiuo:
992 2129 65 53 &
1018 2129 90 53 per
1069 2129 90 53 hoc
1121 2129 90 53 est
1173 2129 78 53 in
1211 2129 78 53 eo
1250 2129 78 53 vt
1289 2129 155 53 aliquoid
1405 2129 116 53 eius.
1483 2129 116 53 Alius
1547 2129 52 53 ve

118 2166 76 64 ro
156 2166 88 64 est
207 2166 88 64 quo
257 2166 139 64 coniter
358 2166 177 64 appellatur
497 2166 177 64 substantia
636 2166 101 64 omne
699 2166 101 64 quod
762 2166 114 64 habet
838 2166 152 64 rationem
952 2166 202 64 substantiae:
1116 2166 164 64 cuiusmodi
1242 2166 88 64 est
1293 2166 152 64 quocquod
1407 2166 88 64 est
1457 2166 76 64 in
1482 2166 114 64 diuinis

128 2211 65 77 &
154 2211 79 77 in
193 2211 170 77 creaturis
324 2211 209 77 consideratum
494 2211 79 77 vt
534 2211 92 77 est
586 2211 144 77 aliquid
691 2211 79 77 in
730 2211 118 77 rerum
809 2211 144 77 natura,
913 2211 65 77 &
939 2211 92 77 res
992 2211 157 77 alicuius
1110 2211 236 77 praedicamenti.
1306 2211 118 77 Super
1385 2211 196 77 substantiam
1529 2211 65 77 pri

116 2266 80 53 mo
156 2266 107 53 modo
223 2266 134 53 dictam
316 2266 160 53 fundatur
436 2266 160 53 secundus
557 2266 120 53 modus
637 2266 200 53 identitatis
797 2266 94 53 quo
851 2266 147 53 aliquid
958 2266 147 53 dicitur
1064 2266 107 53 idem
1131 2266 134 53 alteri
1225 2266 67 53 a
1252 2266 80 53 se
1292 2266 160 53 secundum
1412 2266 160 53 rationem
1519 2266 80 53 eius

120 2303 99 56 quod
181 2303 87 56 est
231 2303 136 56 aliquid
330 2303 87 56 sui
379 2303 62 56 &
404 2303 161 56 similiter
528 2303 148 56 alterius
639 2303 161 56 inquantum
762 2303 173 56 huiusmodi.
898 2303 111 56 Super
973 2303 185 56 substantiam
1121 2303 99 56 vero
1183 2303 136 56 secundo
1282 2303 99 56 modo
1343 2303 124 56 dictam
1430 2303 148 56 fundatur
1529 2303 74 56 pri-

119 2358 83 62 mus
166 2358 106 62 modus
237 2358 177 62 identitatis
379 2358 83 62 quo
427 2358 130 62 aliquid
521 2358 130 62 dicitur
616 2358 95 62 idem
675 2358 95 62 sibi
734 2358 142 62 secundum
840 2358 142 62 rationem
947 2358 142 62 scilicet
1053 2358 177 62 totalitatis
1195 2358 106 62 suae,
1266 2358 71 62 vt
1301 2358 106 62 pater
1372 2358 142 62 sibiipsi
1479 2358 142 62 secundum

127 2399 161 74 rationem
247 2399 201 74 totalitatis
408 2399 121 74 suae,
488 2399 94 74 qui
542 2399 201 74 constitutus
703 2399 94 74 est
756 2399 80 74 ex
796 2399 188 74 substantia
944 2399 94 74 cum
997 2399 214 74 proprietate:
1171 2399 67 74 &
1198 2399 174 74 similiter
1332 2399 161 74 filiatio
1439 2399 161 74 sibiipsi:s

115 2445 71 61 &
143 2445 142 61 deitas
243 2445 128 61 atque
328 2445 171 61 bonitas:
456 2445 71 61 &
485 2445 242 61 vniuersaliter
684 2445 171 61 quicquid
812 2445 100 61 est
869 2445 85 61 in
911 2445 156 61 diuinis
1025 2445 71 61 &
1054 2445 85 61 in
1096 2445 185 61 creaturis
1238 2445 156 61 ratione
1352 2445 213 61 totalitatis
1509 2445 85 61 eius

122 2483 95 74 qua
177 2483 95 74 est
231 2483 163 74 aliquid,
354 2483 82 74 vt
394 2483 136 74 tactum
490 2483 95 74 est
544 2483 82 74 in
585 2483 190 74 quaestione
734 2483 218 74 praecedenti.
911 2483 82 74 Et
952 2483 95 74 est
1007 2483 122 74 ratio
1088 2483 204 74 totalitatis
1251 2483 82 74 in
1292 2483 150 74 relatis
1401 2483 122 74 ratio
1483 2483 95 74 vna
1523 2483 82 74 for-

118 2539 137 46 malis:
214 2539 151 46 quamuis
324 2539 206 46 naturaliter
488 2539 178 46 differant
626 2539 137 46 relata
722 2539 82 46 in
763 2539 110 46 isto
831 2539 110 46 modo
900 2539 219 46 identitatis,
1078 2539 110 46 puta
1147 2539 137 46 pater,
1243 2539 206 46 paternitas,
1407 2539 151 46 deitas,
1503 2539 96 46 boni-

125 2574 124 68 tas,
202 2574 77 68 &
233 2574 201 68 huiusmodi
388 2574 93 68 in
434 2574 186 68 diuinis.
574 2574 93 68 Et
620 2574 124 68 ideo
698 2574 108 68 est
760 2574 201 68 identitas
914 2574 93 68 in
961 2574 170 68 omnibus
1085 2574 108 68 his
1147 2574 186 68 secundum
1286 2574 155 68 formam
1395 2574 77 68 &
1426 2574 170 68 speciem
1534 2574 62 68 ra

116 2620 164 61 tionis,
235 2620 194 61 differens
384 2620 134 61 solum
474 2620 179 61 secundum
608 2620 164 61 naturam
727 2620 209 61 relatorum.
891 2620 89 61 Et
936 2620 194 61 similiter
1085 2620 89 61 in
1129 2620 119 61 alio
1204 2620 119 61 modo
1278 2620 223 61 identitatis
1457 2620 134 61 ratio
1532 2620 74 61 par

128 2663 188 73 tialitatis
275 2663 94 73 vel
329 2663 121 73 quasi
410 2663 228 73 partialitatis
598 2663 94 73 qua
651 2663 148 73 aliquid
759 2663 94 73 est
813 2663 148 73 aliquid
920 2663 175 73 alicuius,
1054 2663 94 73 est
1108 2663 161 73 formalis
1229 2663 121 73 ratio
1310 2663 81 73 in
1350 2663 148 73 relatis
1457 2663 107 73 vna,
1511 2663 94 73 quan-

122 2713 114 80 uis
187 2713 244 80 naturaliter
382 2713 212 80 differant
545 2713 179 80 relata:
675 2713 130 80 puta
756 2713 146 80 pater
854 2713 81 80 &
887 2713 163 80 filius
1001 2713 81 80 a
1033 2713 195 80 bonitate
1180 2713 81 80 &
1212 2713 212 80 veritate.
1375 2713 98 80 Et
1424 2713 130 80 ideo
1505 2713 146 80 iden-
