<?xml version="1.0" encoding="UTF-8"?>
<alto xmlns:xsi="http://www.w3.org/2001/XMLSchema-instance"
      xmlns="http://www.loc.gov/standards/alto/ns-v2#"
      xmlns:page="http://schema.primaresearch.org/PAGE/gts/pagecontent/2013-07-15"
      xsi:schemaLocation="http://www.loc.gov/standards/alto/ns-v2# http://www.loc.gov/standards/alto/alto.xsd">
   <Description>
      <MeasurementUnit>pixel</MeasurementUnit>
      <OCRProcessing ID="IdOcr">
         <ocrProcessingStep>
            <processingDateTime>2020-05-23T08:06:31.525-04:00</processingDateTime>
            <processingSoftware>
               <softwareCreator>READ COOP</softwareCreator>
               <softwareName>Transkribus</softwareName>
            </processingSoftware>
         </ocrProcessingStep>
      </OCRProcessing>
   </Description>
   <Layout>
      <Page ID="Page1" PHYSICAL_IMG_NR="1" HEIGHT="3238" WIDTH="2017">
         <TopMargin HEIGHT="0" WIDTH="2017" VPOS="0" HPOS="0"/>
         <LeftMargin HEIGHT="3238" WIDTH="0" VPOS="0" HPOS="0"/>
         <RightMargin HEIGHT="3238" WIDTH="0" VPOS="0" HPOS="2017"/>
         <BottomMargin HEIGHT="0" WIDTH="2017" VPOS="3238" HPOS="0"/>
         <PrintSpace HEIGHT="3238" WIDTH="2017" VPOS="0" HPOS="0">
            <TextBlock ID="TextRegion_1589678787655_383"
                       HEIGHT="2570"
                       WIDTH="1517"
                       VPOS="221"
                       HPOS="381">
               <Shape>
                  <Polygon POINTS="381,221 1898,221 1898,2791 381,2791"/>
               </Shape>
               <TextLine ID="r1l2"
                         BASELINE="339"
                         HEIGHT="67"
                         WIDTH="1485"
                         VPOS="272"
                         HPOS="389">
                  <String HEIGHT="67"
                          WIDTH="122"
                          VPOS="272"
                          HPOS="376"
                          CONTENT="titas"/>
                  <SP HEIGHT="67" WIDTH="14" VPOS="272" HPOS="497"/>
                  <String HEIGHT="67"
                          WIDTH="135"
                          VPOS="272"
                          HPOS="457"
                          CONTENT="patris"/>
                  <SP HEIGHT="67" WIDTH="14" VPOS="272" HPOS="592"/>
                  <String HEIGHT="67" WIDTH="68" VPOS="272" HPOS="551" CONTENT="&amp;"/>
                  <SP HEIGHT="67" WIDTH="14" VPOS="272" HPOS="619"/>
                  <String HEIGHT="67"
                          WIDTH="135"
                          VPOS="272"
                          HPOS="578"
                          CONTENT="filii."/>
                  <SP HEIGHT="67" WIDTH="14" VPOS="272" HPOS="713"/>
                  <String HEIGHT="67" WIDTH="81" VPOS="272" HPOS="673" CONTENT="Et"/>
                  <SP HEIGHT="67" WIDTH="14" VPOS="272" HPOS="754"/>
                  <String HEIGHT="67"
                          WIDTH="176"
                          VPOS="272"
                          HPOS="713"
                          CONTENT="similiter"/>
                  <SP HEIGHT="67" WIDTH="14" VPOS="272" HPOS="889"/>
                  <String HEIGHT="67"
                          WIDTH="176"
                          VPOS="272"
                          HPOS="848"
                          CONTENT="bonitatis"/>
                  <SP HEIGHT="67" WIDTH="14" VPOS="272" HPOS="1024"/>
                  <String HEIGHT="67" WIDTH="68" VPOS="272" HPOS="983" CONTENT="&amp;"/>
                  <SP HEIGHT="67" WIDTH="14" VPOS="272" HPOS="1051"/>
                  <String HEIGHT="67"
                          WIDTH="176"
                          VPOS="272"
                          HPOS="1010"
                          CONTENT="veritatis"/>
                  <SP HEIGHT="67" WIDTH="14" VPOS="272" HPOS="1186"/>
                  <String HEIGHT="67" WIDTH="95" VPOS="272" HPOS="1145" CONTENT="est"/>
                  <SP HEIGHT="67" WIDTH="14" VPOS="272" HPOS="1240"/>
                  <String HEIGHT="67"
                          WIDTH="122"
                          VPOS="272"
                          HPOS="1199"
                          CONTENT="eadem"/>
                  <SP HEIGHT="67" WIDTH="14" VPOS="272" HPOS="1321"/>
                  <String HEIGHT="67"
                          WIDTH="162"
                          VPOS="272"
                          HPOS="1280"
                          CONTENT="secundum"/>
                  <SP HEIGHT="67" WIDTH="14" VPOS="272" HPOS="1442"/>
                  <String HEIGHT="67"
                          WIDTH="135"
                          VPOS="272"
                          HPOS="1402"
                          CONTENT="formam"/>
                  <SP HEIGHT="67" WIDTH="14" VPOS="272" HPOS="1537"/>
                  <String HEIGHT="67" WIDTH="68" VPOS="272" HPOS="1496" CONTENT="&amp;"/>
                  <SP HEIGHT="67" WIDTH="14" VPOS="272" HPOS="1564"/>
                  <String HEIGHT="67"
                          WIDTH="149"
                          VPOS="272"
                          HPOS="1523"
                          CONTENT="speciem"/>
                  <SP HEIGHT="67" WIDTH="14" VPOS="272" HPOS="1672"/>
                  <String HEIGHT="67"
                          WIDTH="176"
                          VPOS="272"
                          HPOS="1631"
                          CONTENT="rationis:"/>
                  <SP HEIGHT="67" WIDTH="14" VPOS="272" HPOS="1807"/>
                  <String HEIGHT="67"
                          WIDTH="122"
                          VPOS="272"
                          HPOS="1753"
                          CONTENT="quamuis"/>
               </TextLine>
               <TextLine ID="r1l3"
                         BASELINE="384"
                         HEIGHT="58"
                         WIDTH="1492"
                         VPOS="326"
                         HPOS="389">
                  <String HEIGHT="58"
                          WIDTH="215"
                          VPOS="326"
                          HPOS="375"
                          CONTENT="naturaliter"/>
                  <SP HEIGHT="58" WIDTH="14" VPOS="326" HPOS="590"/>
                  <String HEIGHT="58"
                          WIDTH="187"
                          VPOS="326"
                          HPOS="547"
                          CONTENT="differunt"/>
                  <SP HEIGHT="58" WIDTH="14" VPOS="326" HPOS="733"/>
                  <String HEIGHT="58"
                          WIDTH="158"
                          VPOS="326"
                          HPOS="690"
                          CONTENT="relata."/>
                  <SP HEIGHT="58" WIDTH="14" VPOS="326" HPOS="848"/>
                  <String HEIGHT="58" WIDTH="100" VPOS="326" HPOS="805" CONTENT="Sed"/>
                  <SP HEIGHT="58" WIDTH="14" VPOS="326" HPOS="905"/>
                  <String HEIGHT="58"
                          WIDTH="158"
                          VPOS="326"
                          HPOS="862"
                          CONTENT="differt"/>
                  <SP HEIGHT="58" WIDTH="14" VPOS="326" HPOS="1020"/>
                  <String HEIGHT="58"
                          WIDTH="158"
                          VPOS="326"
                          HPOS="977"
                          CONTENT="relatio"/>
                  <SP HEIGHT="58" WIDTH="14" VPOS="326" HPOS="1135"/>
                  <String HEIGHT="58"
                          WIDTH="215"
                          VPOS="326"
                          HPOS="1092"
                          CONTENT="identitatis"/>
                  <SP HEIGHT="58" WIDTH="14" VPOS="326" HPOS="1307"/>
                  <String HEIGHT="58" WIDTH="72" VPOS="326" HPOS="1264" CONTENT="&amp;"/>
                  <SP HEIGHT="58" WIDTH="14" VPOS="326" HPOS="1336"/>
                  <String HEIGHT="58"
                          WIDTH="230"
                          VPOS="326"
                          HPOS="1293"
                          CONTENT="materialiter"/>
                  <SP HEIGHT="58" WIDTH="14" VPOS="326" HPOS="1522"/>
                  <String HEIGHT="58" WIDTH="72" VPOS="326" HPOS="1479" CONTENT="&amp;"/>
                  <SP HEIGHT="58" WIDTH="14" VPOS="326" HPOS="1551"/>
                  <String HEIGHT="58"
                          WIDTH="201"
                          VPOS="326"
                          HPOS="1508"
                          CONTENT="formaliter"/>
                  <SP HEIGHT="58" WIDTH="14" VPOS="326" HPOS="1709"/>
                  <String HEIGHT="58"
                          WIDTH="143"
                          VPOS="326"
                          HPOS="1666"
                          CONTENT="simul:"/>
                  <SP HEIGHT="58" WIDTH="14" VPOS="326" HPOS="1809"/>
                  <String HEIGHT="58"
                          WIDTH="100"
                          VPOS="326"
                          HPOS="1766"
                          CONTENT="cum"/>
                  <SP HEIGHT="58" WIDTH="14" VPOS="326" HPOS="1867"/>
                  <String HEIGHT="58"
                          WIDTH="72"
                          VPOS="326"
                          HPOS="1809"
                          CONTENT="di"
                          SUBS_TYPE="HypPart1"
                          SUBS_CONTENT="dicitur"/>
                  <HYP CONTENT="-"/>
               </TextLine>
               <TextLine ID="r1l4"
                         BASELINE="431"
                         HEIGHT="48"
                         WIDTH="1500"
                         VPOS="383"
                         HPOS="387">
                  <String HEIGHT="48"
                          WIDTH="113"
                          VPOS="383"
                          HPOS="375"
                          CONTENT="citur"
                          SUBS_TYPE="HypPart2"
                          SUBS_CONTENT="dicitur"/>
                  <SP HEIGHT="48" WIDTH="13" VPOS="383" HPOS="487"/>
                  <String HEIGHT="48"
                          WIDTH="150"
                          VPOS="383"
                          HPOS="450"
                          CONTENT="secundum"/>
                  <SP HEIGHT="48" WIDTH="13" VPOS="383" HPOS="600"/>
                  <String HEIGHT="48"
                          WIDTH="150"
                          VPOS="383"
                          HPOS="562"
                          CONTENT="secundum"/>
                  <SP HEIGHT="48" WIDTH="13" VPOS="383" HPOS="712"/>
                  <String HEIGHT="48"
                          WIDTH="125"
                          VPOS="383"
                          HPOS="675"
                          CONTENT="modum,"/>
                  <SP HEIGHT="48" WIDTH="13" VPOS="383" HPOS="800"/>
                  <String HEIGHT="48"
                          WIDTH="100"
                          VPOS="383"
                          HPOS="762"
                          CONTENT="pitr"/>
                  <SP HEIGHT="48" WIDTH="13" VPOS="383" HPOS="862"/>
                  <String HEIGHT="48" WIDTH="88" VPOS="383" HPOS="825" CONTENT="est"/>
                  <SP HEIGHT="48" WIDTH="13" VPOS="383" HPOS="912"/>
                  <String HEIGHT="48"
                          WIDTH="100"
                          VPOS="383"
                          HPOS="875"
                          CONTENT="idem"/>
                  <SP HEIGHT="48" WIDTH="13" VPOS="383" HPOS="975"/>
                  <String HEIGHT="48"
                          WIDTH="125"
                          VPOS="383"
                          HPOS="937"
                          CONTENT="filio:"/>
                  <SP HEIGHT="48" WIDTH="13" VPOS="383" HPOS="1062"/>
                  <String HEIGHT="48" WIDTH="88" VPOS="383" HPOS="1025" CONTENT="aut"/>
                  <SP HEIGHT="48" WIDTH="13" VPOS="383" HPOS="1112"/>
                  <String HEIGHT="48"
                          WIDTH="138"
                          VPOS="383"
                          HPOS="1075"
                          CONTENT="bonitas"/>
                  <SP HEIGHT="48" WIDTH="13" VPOS="383" HPOS="1212"/>
                  <String HEIGHT="48" WIDTH="88" VPOS="383" HPOS="1175" CONTENT="est"/>
                  <SP HEIGHT="48" WIDTH="13" VPOS="383" HPOS="1262"/>
                  <String HEIGHT="48"
                          WIDTH="113"
                          VPOS="383"
                          HPOS="1225"
                          CONTENT="eadem"/>
                  <SP HEIGHT="48" WIDTH="13" VPOS="383" HPOS="1337"/>
                  <String HEIGHT="48"
                          WIDTH="188"
                          VPOS="383"
                          HPOS="1300"
                          CONTENT="sapientiae:"/>
                  <SP HEIGHT="48" WIDTH="13" VPOS="383" HPOS="1487"/>
                  <String HEIGHT="48" WIDTH="63" VPOS="383" HPOS="1450" CONTENT="&amp;"/>
                  <SP HEIGHT="48" WIDTH="13" VPOS="383" HPOS="1512"/>
                  <String HEIGHT="48" WIDTH="88" VPOS="383" HPOS="1475" CONTENT="cum"/>
                  <SP HEIGHT="48" WIDTH="13" VPOS="383" HPOS="1562"/>
                  <String HEIGHT="48"
                          WIDTH="138"
                          VPOS="383"
                          HPOS="1525"
                          CONTENT="dicitur"/>
                  <SP HEIGHT="48" WIDTH="13" VPOS="383" HPOS="1662"/>
                  <String HEIGHT="48"
                          WIDTH="150"
                          VPOS="383"
                          HPOS="1625"
                          CONTENT="secundum"/>
                  <SP HEIGHT="48" WIDTH="13" VPOS="383" HPOS="1775"/>
                  <String HEIGHT="48"
                          WIDTH="125"
                          VPOS="383"
                          HPOS="1737"
                          CONTENT="primum"/>
                  <SP HEIGHT="48" WIDTH="13" VPOS="383" HPOS="1862"/>
                  <String HEIGHT="48" WIDTH="88" VPOS="383" HPOS="1825" CONTENT="mo-"/>
                  <SP HEIGHT="48" WIDTH="13" VPOS="383" HPOS="1912"/>
                  <String HEIGHT="48" WIDTH="25" VPOS="383" HPOS="1862" CONTENT=""/>
               </TextLine>
               <TextLine ID="r1l5"
                         BASELINE="476"
                         HEIGHT="50"
                         WIDTH="1500"
                         VPOS="426"
                         HPOS="387">
                  <String HEIGHT="50" WIDTH="101" VPOS="426" HPOS="373" CONTENT="dum"/>
                  <SP HEIGHT="50" WIDTH="14" VPOS="426" HPOS="474"/>
                  <String HEIGHT="50"
                          WIDTH="231"
                          VPOS="426"
                          HPOS="430"
                          CONTENT="identitatis,"/>
                  <SP HEIGHT="50" WIDTH="14" VPOS="426" HPOS="661"/>
                  <String HEIGHT="50"
                          WIDTH="144"
                          VPOS="426"
                          HPOS="618"
                          CONTENT="Deitas"/>
                  <SP HEIGHT="50" WIDTH="14" VPOS="426" HPOS="762"/>
                  <String HEIGHT="50" WIDTH="101" VPOS="426" HPOS="719" CONTENT="est"/>
                  <SP HEIGHT="50" WIDTH="14" VPOS="426" HPOS="820"/>
                  <String HEIGHT="50"
                          WIDTH="130"
                          VPOS="426"
                          HPOS="776"
                          CONTENT="eadem"/>
                  <SP HEIGHT="50" WIDTH="14" VPOS="426" HPOS="906"/>
                  <String HEIGHT="50"
                          WIDTH="159"
                          VPOS="426"
                          HPOS="863"
                          CONTENT="deitati"/>
                  <SP HEIGHT="50" WIDTH="14" VPOS="426" HPOS="1022"/>
                  <String HEIGHT="50"
                          WIDTH="115"
                          VPOS="426"
                          HPOS="978"
                          CONTENT="siue"/>
                  <SP HEIGHT="50" WIDTH="14" VPOS="426" HPOS="1094"/>
                  <String HEIGHT="50"
                          WIDTH="188"
                          VPOS="426"
                          HPOS="1050"
                          CONTENT="sibiipsi:"/>
                  <SP HEIGHT="50" WIDTH="14" VPOS="426" HPOS="1238"/>
                  <String HEIGHT="50"
                          WIDTH="101"
                          VPOS="426"
                          HPOS="1195"
                          CONTENT="aut"/>
                  <SP HEIGHT="50" WIDTH="14" VPOS="426" HPOS="1296"/>
                  <String HEIGHT="50"
                          WIDTH="144"
                          VPOS="426"
                          HPOS="1252"
                          CONTENT="deitas"/>
                  <SP HEIGHT="50" WIDTH="14" VPOS="426" HPOS="1397"/>
                  <String HEIGHT="50"
                          WIDTH="144"
                          VPOS="426"
                          HPOS="1353"
                          CONTENT="patris"/>
                  <SP HEIGHT="50" WIDTH="14" VPOS="426" HPOS="1498"/>
                  <String HEIGHT="50"
                          WIDTH="101"
                          VPOS="426"
                          HPOS="1454"
                          CONTENT="est"/>
                  <SP HEIGHT="50" WIDTH="14" VPOS="426" HPOS="1555"/>
                  <String HEIGHT="50"
                          WIDTH="130"
                          VPOS="426"
                          HPOS="1512"
                          CONTENT="eadem"/>
                  <SP HEIGHT="50" WIDTH="14" VPOS="426" HPOS="1642"/>
                  <String HEIGHT="50"
                          WIDTH="159"
                          VPOS="426"
                          HPOS="1599"
                          CONTENT="deitati"/>
                  <SP HEIGHT="50" WIDTH="14" VPOS="426" HPOS="1757"/>
                  <String HEIGHT="50"
                          WIDTH="144"
                          VPOS="426"
                          HPOS="1714"
                          CONTENT="filii:"/>
                  <SP HEIGHT="50" WIDTH="14" VPOS="426" HPOS="1858"/>
                  <String HEIGHT="50"
                          WIDTH="87"
                          VPOS="426"
                          HPOS="1800"
                          CONTENT="quia"/>
               </TextLine>
               <TextLine ID="r1l6"
                         BASELINE="523"
                         HEIGHT="55"
                         WIDTH="1496"
                         VPOS="468"
                         HPOS="399">
                  <String HEIGHT="55" WIDTH="92" VPOS="468" HPOS="386" CONTENT="ibi"/>
                  <SP HEIGHT="55" WIDTH="13" VPOS="468" HPOS="478"/>
                  <String HEIGHT="55"
                          WIDTH="131"
                          VPOS="468"
                          HPOS="438"
                          CONTENT="relata"/>
                  <SP HEIGHT="55" WIDTH="13" VPOS="468" HPOS="570"/>
                  <String HEIGHT="55"
                          WIDTH="105"
                          VPOS="468"
                          HPOS="530"
                          CONTENT="sunt"/>
                  <SP HEIGHT="55" WIDTH="13" VPOS="468" HPOS="635"/>
                  <String HEIGHT="55"
                          WIDTH="105"
                          VPOS="468"
                          HPOS="596"
                          CONTENT="alia"/>
                  <SP HEIGHT="55" WIDTH="13" VPOS="468" HPOS="701"/>
                  <String HEIGHT="55" WIDTH="66" VPOS="468" HPOS="661" CONTENT="&amp;"/>
                  <SP HEIGHT="55" WIDTH="13" VPOS="468" HPOS="727"/>
                  <String HEIGHT="55"
                          WIDTH="105"
                          VPOS="468"
                          HPOS="688"
                          CONTENT="alia"/>
                  <SP HEIGHT="55" WIDTH="13" VPOS="468" HPOS="793"/>
                  <String HEIGHT="55"
                          WIDTH="157"
                          VPOS="468"
                          HPOS="753"
                          CONTENT="secundum"/>
                  <SP HEIGHT="55" WIDTH="13" VPOS="468" HPOS="911"/>
                  <String HEIGHT="55"
                          WIDTH="118"
                          VPOS="468"
                          HPOS="871"
                          CONTENT="alios"/>
                  <SP HEIGHT="55" WIDTH="13" VPOS="468" HPOS="990"/>
                  <String HEIGHT="55" WIDTH="66" VPOS="468" HPOS="950" CONTENT="&amp;"/>
                  <SP HEIGHT="55" WIDTH="13" VPOS="468" HPOS="1016"/>
                  <String HEIGHT="55"
                          WIDTH="118"
                          VPOS="468"
                          HPOS="976"
                          CONTENT="alios"/>
                  <SP HEIGHT="55" WIDTH="13" VPOS="468" HPOS="1095"/>
                  <String HEIGHT="55"
                          WIDTH="184"
                          VPOS="468"
                          HPOS="1055"
                          CONTENT="respectus:"/>
                  <SP HEIGHT="55" WIDTH="13" VPOS="468" HPOS="1239"/>
                  <String HEIGHT="55" WIDTH="92" VPOS="468" HPOS="1199" CONTENT="aut"/>
                  <SP HEIGHT="55" WIDTH="13" VPOS="468" HPOS="1291"/>
                  <String HEIGHT="55"
                          WIDTH="118"
                          VPOS="468"
                          HPOS="1252"
                          CONTENT="alias"/>
                  <SP HEIGHT="55" WIDTH="13" VPOS="468" HPOS="1370"/>
                  <String HEIGHT="55"
                          WIDTH="171"
                          VPOS="468"
                          HPOS="1331"
                          CONTENT="rationes."/>
                  <SP HEIGHT="55" WIDTH="13" VPOS="468" HPOS="1501"/>
                  <String HEIGHT="55"
                          WIDTH="157"
                          VPOS="468"
                          HPOS="1462"
                          CONTENT="Personae"/>
                  <SP HEIGHT="55" WIDTH="13" VPOS="468" HPOS="1619"/>
                  <String HEIGHT="55"
                          WIDTH="105"
                          VPOS="468"
                          HPOS="1580"
                          CONTENT="enim"/>
                  <SP HEIGHT="55" WIDTH="13" VPOS="468" HPOS="1685"/>
                  <String HEIGHT="55"
                          WIDTH="171"
                          VPOS="468"
                          HPOS="1646"
                          CONTENT="differunt"/>
                  <SP HEIGHT="55" WIDTH="13" VPOS="468" HPOS="1816"/>
                  <String HEIGHT="55"
                          WIDTH="131"
                          VPOS="468"
                          HPOS="1764"
                          CONTENT="respecti"/>
               </TextLine>
               <TextLine ID="r1l7"
                         BASELINE="569"
                         HEIGHT="53"
                         WIDTH="1502"
                         VPOS="516"
                         HPOS="389">
                  <String HEIGHT="53"
                          WIDTH="107"
                          VPOS="516"
                          HPOS="376"
                          CONTENT="bus:"/>
                  <SP HEIGHT="53" WIDTH="13" VPOS="516" HPOS="483"/>
                  <String HEIGHT="53" WIDTH="67" VPOS="516" HPOS="443" CONTENT="&amp;"/>
                  <SP HEIGHT="53" WIDTH="13" VPOS="516" HPOS="510"/>
                  <String HEIGHT="53"
                          WIDTH="174"
                          VPOS="516"
                          HPOS="469"
                          CONTENT="attributa"/>
                  <SP HEIGHT="53" WIDTH="13" VPOS="516" HPOS="644"/>
                  <String HEIGHT="53"
                          WIDTH="188"
                          VPOS="516"
                          HPOS="604"
                          CONTENT="rationibus"/>
                  <SP HEIGHT="53" WIDTH="13" VPOS="516" HPOS="791"/>
                  <String HEIGHT="53"
                          WIDTH="161"
                          VPOS="516"
                          HPOS="751"
                          CONTENT="secundum"/>
                  <SP HEIGHT="53" WIDTH="13" VPOS="516" HPOS="912"/>
                  <String HEIGHT="53"
                          WIDTH="268"
                          VPOS="516"
                          HPOS="872"
                          CONTENT="praedeterminata."/>
                  <SP HEIGHT="53" WIDTH="13" VPOS="516" HPOS="1140"/>
                  <String HEIGHT="53" WIDTH="80" VPOS="516" HPOS="1100" CONTENT="Et"/>
                  <SP HEIGHT="53" WIDTH="13" VPOS="516" HPOS="1180"/>
                  <String HEIGHT="53" WIDTH="94" VPOS="516" HPOS="1140" CONTENT="est"/>
                  <SP HEIGHT="53" WIDTH="13" VPOS="516" HPOS="1234"/>
                  <String HEIGHT="53" WIDTH="94" VPOS="516" HPOS="1194" CONTENT="ibi"/>
                  <SP HEIGHT="53" WIDTH="13" VPOS="516" HPOS="1288"/>
                  <String HEIGHT="53"
                          WIDTH="148"
                          VPOS="516"
                          HPOS="1247"
                          CONTENT="relatio"/>
                  <SP HEIGHT="53" WIDTH="13" VPOS="516" HPOS="1395"/>
                  <String HEIGHT="53"
                          WIDTH="161"
                          VPOS="516"
                          HPOS="1355"
                          CONTENT="secundum"/>
                  <SP HEIGHT="53" WIDTH="13" VPOS="516" HPOS="1516"/>
                  <String HEIGHT="53" WIDTH="80" VPOS="516" HPOS="1475" CONTENT="id"/>
                  <SP HEIGHT="53" WIDTH="13" VPOS="516" HPOS="1556"/>
                  <String HEIGHT="53"
                          WIDTH="107"
                          VPOS="516"
                          HPOS="1516"
                          CONTENT="quod"/>
                  <SP HEIGHT="53" WIDTH="13" VPOS="516" HPOS="1623"/>
                  <String HEIGHT="53" WIDTH="94" VPOS="516" HPOS="1583" CONTENT="est"/>
                  <SP HEIGHT="53" WIDTH="13" VPOS="516" HPOS="1676"/>
                  <String HEIGHT="53"
                          WIDTH="148"
                          VPOS="516"
                          HPOS="1636"
                          CONTENT="aliquid"/>
                  <SP HEIGHT="53" WIDTH="13" VPOS="516" HPOS="1784"/>
                  <String HEIGHT="53"
                          WIDTH="174"
                          VPOS="516"
                          HPOS="1743"
                          CONTENT="relatorum"/>
                  <SP HEIGHT="53" WIDTH="13" VPOS="516" HPOS="1918"/>
                  <String HEIGHT="53" WIDTH="27" VPOS="516" HPOS="1864" CONTENT=""/>
               </TextLine>
               <TextLine ID="r1l8"
                         BASELINE="612"
                         HEIGHT="49"
                         WIDTH="1504"
                         VPOS="563"
                         HPOS="391">
                  <String HEIGHT="49" WIDTH="84" VPOS="563" HPOS="377" CONTENT="in"/>
                  <SP HEIGHT="49" WIDTH="14" VPOS="563" HPOS="461"/>
                  <String HEIGHT="49"
                          WIDTH="153"
                          VPOS="563"
                          HPOS="419"
                          CONTENT="ambobus"/>
                  <SP HEIGHT="49" WIDTH="14" VPOS="563" HPOS="572"/>
                  <String HEIGHT="49"
                          WIDTH="139"
                          VPOS="563"
                          HPOS="530"
                          CONTENT="eisdem"/>
                  <SP HEIGHT="49" WIDTH="14" VPOS="563" HPOS="670"/>
                  <String HEIGHT="49"
                          WIDTH="167"
                          VPOS="563"
                          HPOS="628"
                          CONTENT="secundum"/>
                  <SP HEIGHT="49" WIDTH="14" VPOS="563" HPOS="795"/>
                  <String HEIGHT="49"
                          WIDTH="209"
                          VPOS="563"
                          HPOS="753"
                          CONTENT="substantiam"/>
                  <SP HEIGHT="49" WIDTH="14" VPOS="563" HPOS="962"/>
                  <String HEIGHT="49"
                          WIDTH="139"
                          VPOS="563"
                          HPOS="920"
                          CONTENT="eandem"/>
                  <SP HEIGHT="49" WIDTH="14" VPOS="563" HPOS="1059"/>
                  <String HEIGHT="49"
                          WIDTH="153"
                          VPOS="563"
                          HPOS="1018"
                          CONTENT="numero:"/>
                  <SP HEIGHT="49" WIDTH="14" VPOS="563" HPOS="1171"/>
                  <String HEIGHT="49"
                          WIDTH="111"
                          VPOS="563"
                          HPOS="1129"
                          CONTENT="quae"/>
                  <SP HEIGHT="49" WIDTH="14" VPOS="563" HPOS="1240"/>
                  <String HEIGHT="49"
                          WIDTH="125"
                          VPOS="563"
                          HPOS="1199"
                          CONTENT="etiam"/>
                  <SP HEIGHT="49" WIDTH="14" VPOS="563" HPOS="1324"/>
                  <String HEIGHT="49" WIDTH="97" VPOS="563" HPOS="1282" CONTENT="est"/>
                  <SP HEIGHT="49" WIDTH="14" VPOS="563" HPOS="1380"/>
                  <String HEIGHT="49"
                          WIDTH="153"
                          VPOS="563"
                          HPOS="1338"
                          CONTENT="aliquid"/>
                  <SP HEIGHT="49" WIDTH="14" VPOS="563" HPOS="1491"/>
                  <String HEIGHT="49"
                          WIDTH="195"
                          VPOS="563"
                          HPOS="1449"
                          CONTENT="vtriusque."/>
                  <SP HEIGHT="49" WIDTH="14" VPOS="563" HPOS="1644"/>
                  <String HEIGHT="49" WIDTH="97" VPOS="563" HPOS="1603" CONTENT="Hic"/>
                  <SP HEIGHT="49" WIDTH="14" VPOS="563" HPOS="1700"/>
                  <String HEIGHT="49"
                          WIDTH="111"
                          VPOS="563"
                          HPOS="1658"
                          CONTENT="vero"/>
                  <SP HEIGHT="49" WIDTH="14" VPOS="563" HPOS="1770"/>
                  <String HEIGHT="49"
                          WIDTH="111"
                          VPOS="563"
                          HPOS="1728"
                          CONTENT="sunt"/>
                  <SP HEIGHT="49" WIDTH="14" VPOS="563" HPOS="1839"/>
                  <String HEIGHT="49"
                          WIDTH="111"
                          VPOS="563"
                          HPOS="1784"
                          CONTENT="relata"/>
               </TextLine>
               <TextLine ID="r1l9"
                         BASELINE="657"
                         HEIGHT="57"
                         WIDTH="1507"
                         VPOS="600"
                         HPOS="386">
                  <String HEIGHT="57"
                          WIDTH="135"
                          VPOS="600"
                          HPOS="373"
                          CONTENT="eadem:"/>
                  <SP HEIGHT="57" WIDTH="13" VPOS="600" HPOS="507"/>
                  <String HEIGHT="57" WIDTH="67" VPOS="600" HPOS="467" CONTENT="&amp;"/>
                  <SP HEIGHT="57" WIDTH="13" VPOS="600" HPOS="534"/>
                  <String HEIGHT="57" WIDTH="94" VPOS="600" HPOS="494" CONTENT="est"/>
                  <SP HEIGHT="57" WIDTH="13" VPOS="600" HPOS="588"/>
                  <String HEIGHT="57"
                          WIDTH="148"
                          VPOS="600"
                          HPOS="547"
                          CONTENT="relatio"/>
                  <SP HEIGHT="57" WIDTH="13" VPOS="600" HPOS="695"/>
                  <String HEIGHT="57"
                          WIDTH="161"
                          VPOS="600"
                          HPOS="655"
                          CONTENT="secundum"/>
                  <SP HEIGHT="57" WIDTH="13" VPOS="600" HPOS="817"/>
                  <String HEIGHT="57" WIDTH="81" VPOS="600" HPOS="776" CONTENT="id"/>
                  <SP HEIGHT="57" WIDTH="13" VPOS="600" HPOS="857"/>
                  <String HEIGHT="57"
                          WIDTH="108"
                          VPOS="600"
                          HPOS="817"
                          CONTENT="quod"/>
                  <SP HEIGHT="57" WIDTH="13" VPOS="600" HPOS="924"/>
                  <String HEIGHT="57" WIDTH="94" VPOS="600" HPOS="884" CONTENT="est"/>
                  <SP HEIGHT="57" WIDTH="13" VPOS="600" HPOS="978"/>
                  <String HEIGHT="57"
                          WIDTH="135"
                          VPOS="600"
                          HPOS="938"
                          CONTENT="habens"/>
                  <SP HEIGHT="57" WIDTH="13" VPOS="600" HPOS="1072"/>
                  <String HEIGHT="57"
                          WIDTH="202"
                          VPOS="600"
                          HPOS="1032"
                          CONTENT="totalitatem"/>
                  <SP HEIGHT="57" WIDTH="13" VPOS="600" HPOS="1234"/>
                  <String HEIGHT="57"
                          WIDTH="188"
                          VPOS="600"
                          HPOS="1193"
                          CONTENT="relatorum."/>
                  <SP HEIGHT="57" WIDTH="13" VPOS="600" HPOS="1382"/>
                  <String HEIGHT="57" WIDTH="81" VPOS="600" HPOS="1341" CONTENT="Et"/>
                  <SP HEIGHT="57" WIDTH="13" VPOS="600" HPOS="1422"/>
                  <String HEIGHT="57" WIDTH="94" VPOS="600" HPOS="1382" CONTENT="sic"/>
                  <SP HEIGHT="57" WIDTH="13" VPOS="600" HPOS="1476"/>
                  <String HEIGHT="57"
                          WIDTH="121"
                          VPOS="600"
                          HPOS="1436"
                          CONTENT="licet"/>
                  <SP HEIGHT="57" WIDTH="13" VPOS="600" HPOS="1557"/>
                  <String HEIGHT="57"
                          WIDTH="108"
                          VPOS="600"
                          HPOS="1516"
                          CONTENT="idem"/>
                  <SP HEIGHT="57" WIDTH="13" VPOS="600" HPOS="1624"/>
                  <String HEIGHT="57" WIDTH="94" VPOS="600" HPOS="1584" CONTENT="sit"/>
                  <SP HEIGHT="57" WIDTH="13" VPOS="600" HPOS="1678"/>
                  <String HEIGHT="57" WIDTH="81" VPOS="600" HPOS="1637" CONTENT="in"/>
                  <SP HEIGHT="57" WIDTH="13" VPOS="600" HPOS="1718"/>
                  <String HEIGHT="57" WIDTH="81" VPOS="600" HPOS="1678" CONTENT="re"/>
                  <SP HEIGHT="57" WIDTH="13" VPOS="600" HPOS="1758"/>
                  <String HEIGHT="57" WIDTH="81" VPOS="600" HPOS="1718" CONTENT="id"/>
                  <SP HEIGHT="57" WIDTH="13" VPOS="600" HPOS="1799"/>
                  <String HEIGHT="57" WIDTH="94" VPOS="600" HPOS="1758" CONTENT="quo"/>
                  <SP HEIGHT="57" WIDTH="13" VPOS="600" HPOS="1853"/>
                  <String HEIGHT="57"
                          WIDTH="94"
                          VPOS="600"
                          HPOS="1799"
                          CONTENT="pater"/>
               </TextLine>
               <TextLine ID="r1l10"
                         BASELINE="704"
                         HEIGHT="50"
                         WIDTH="1508"
                         VPOS="654"
                         HPOS="391">
                  <String HEIGHT="50" WIDTH="93" VPOS="654" HPOS="378" CONTENT="est"/>
                  <SP HEIGHT="50" WIDTH="13" VPOS="654" HPOS="471"/>
                  <String HEIGHT="50"
                          WIDTH="107"
                          VPOS="654"
                          HPOS="431"
                          CONTENT="idem"/>
                  <SP HEIGHT="50" WIDTH="13" VPOS="654" HPOS="538"/>
                  <String HEIGHT="50"
                          WIDTH="133"
                          VPOS="654"
                          HPOS="498"
                          CONTENT="filio:"/>
                  <SP HEIGHT="50" WIDTH="13" VPOS="654" HPOS="631"/>
                  <String HEIGHT="50" WIDTH="67" VPOS="654" HPOS="591" CONTENT="&amp;"/>
                  <SP HEIGHT="50" WIDTH="13" VPOS="654" HPOS="658"/>
                  <String HEIGHT="50" WIDTH="93" VPOS="654" HPOS="618" CONTENT="quo"/>
                  <SP HEIGHT="50" WIDTH="13" VPOS="654" HPOS="711"/>
                  <String HEIGHT="50"
                          WIDTH="133"
                          VPOS="654"
                          HPOS="671"
                          CONTENT="deitas"/>
                  <SP HEIGHT="50" WIDTH="13" VPOS="654" HPOS="805"/>
                  <String HEIGHT="50" WIDTH="93" VPOS="654" HPOS="765" CONTENT="est"/>
                  <SP HEIGHT="50" WIDTH="13" VPOS="654" HPOS="858"/>
                  <String HEIGHT="50"
                          WIDTH="120"
                          VPOS="654"
                          HPOS="818"
                          CONTENT="eadem"/>
                  <SP HEIGHT="50" WIDTH="13" VPOS="654" HPOS="938"/>
                  <String HEIGHT="50"
                          WIDTH="120"
                          VPOS="654"
                          HPOS="898"
                          CONTENT="sibi."/>
                  <SP HEIGHT="50" WIDTH="13" VPOS="654" HPOS="1018"/>
                  <String HEIGHT="50"
                          WIDTH="160"
                          VPOS="654"
                          HPOS="978"
                          CONTENT="scilicet"/>
                  <SP HEIGHT="50" WIDTH="13" VPOS="654" HPOS="1138"/>
                  <String HEIGHT="50" WIDTH="93" VPOS="654" HPOS="1098" CONTENT="vna"/>
                  <SP HEIGHT="50" WIDTH="13" VPOS="654" HPOS="1192"/>
                  <String HEIGHT="50"
                          WIDTH="187"
                          VPOS="654"
                          HPOS="1152"
                          CONTENT="substantia"/>
                  <SP HEIGHT="50" WIDTH="13" VPOS="654" HPOS="1339"/>
                  <String HEIGHT="50"
                          WIDTH="187"
                          VPOS="654"
                          HPOS="1298"
                          CONTENT="numeralis:"/>
                  <SP HEIGHT="50" WIDTH="13" VPOS="654" HPOS="1485"/>
                  <String HEIGHT="50"
                          WIDTH="147"
                          VPOS="654"
                          HPOS="1445"
                          CONTENT="differt"/>
                  <SP HEIGHT="50" WIDTH="13" VPOS="654" HPOS="1592"/>
                  <String HEIGHT="50"
                          WIDTH="120"
                          VPOS="654"
                          HPOS="1552"
                          CONTENT="tamen"/>
                  <SP HEIGHT="50" WIDTH="13" VPOS="654" HPOS="1672"/>
                  <String HEIGHT="50"
                          WIDTH="147"
                          VPOS="654"
                          HPOS="1632"
                          CONTENT="relatio"/>
                  <SP HEIGHT="50" WIDTH="13" VPOS="654" HPOS="1779"/>
                  <String HEIGHT="50"
                          WIDTH="173"
                          VPOS="654"
                          HPOS="1726"
                          CONTENT="identitatis"/>
               </TextLine>
               <TextLine ID="r1l11"
                         BASELINE="755"
                         HEIGHT="55"
                         WIDTH="1502"
                         VPOS="700"
                         HPOS="388">
                  <String HEIGHT="55" WIDTH="83" VPOS="700" HPOS="374" CONTENT="in"/>
                  <SP HEIGHT="55" WIDTH="14" VPOS="700" HPOS="457"/>
                  <String HEIGHT="55"
                          WIDTH="124"
                          VPOS="700"
                          HPOS="416"
                          CONTENT="illis"/>
                  <SP HEIGHT="55" WIDTH="14" VPOS="700" HPOS="540"/>
                  <String HEIGHT="55"
                          WIDTH="165"
                          VPOS="700"
                          HPOS="498"
                          CONTENT="secundum"/>
                  <SP HEIGHT="55" WIDTH="14" VPOS="700" HPOS="664"/>
                  <String HEIGHT="55"
                          WIDTH="193"
                          VPOS="700"
                          HPOS="622"
                          CONTENT="relationes"/>
                  <SP HEIGHT="55" WIDTH="14" VPOS="700" HPOS="815"/>
                  <String HEIGHT="55"
                          WIDTH="165"
                          VPOS="700"
                          HPOS="774"
                          CONTENT="formales"/>
                  <SP HEIGHT="55" WIDTH="14" VPOS="700" HPOS="939"/>
                  <String HEIGHT="55"
                          WIDTH="207"
                          VPOS="700"
                          HPOS="898"
                          CONTENT="totalitatis"/>
                  <SP HEIGHT="55" WIDTH="14" VPOS="700" HPOS="1105"/>
                  <String HEIGHT="55" WIDTH="69" VPOS="700" HPOS="1063" CONTENT="&amp;"/>
                  <SP HEIGHT="55" WIDTH="14" VPOS="700" HPOS="1132"/>
                  <String HEIGHT="55"
                          WIDTH="234"
                          VPOS="700"
                          HPOS="1091"
                          CONTENT="partialitatis"/>
                  <SP HEIGHT="55" WIDTH="14" VPOS="700" HPOS="1325"/>
                  <String HEIGHT="55"
                          WIDTH="207"
                          VPOS="700"
                          HPOS="1284"
                          CONTENT="fundamenti."/>
                  <SP HEIGHT="55" WIDTH="14" VPOS="700" HPOS="1490"/>
                  <String HEIGHT="55" WIDTH="96" VPOS="700" HPOS="1449" CONTENT="lbi"/>
                  <SP HEIGHT="55" WIDTH="14" VPOS="700" HPOS="1546"/>
                  <String HEIGHT="55"
                          WIDTH="110"
                          VPOS="700"
                          HPOS="1504"
                          CONTENT="enim"/>
                  <SP HEIGHT="55" WIDTH="14" VPOS="700" HPOS="1614"/>
                  <String HEIGHT="55"
                          WIDTH="193"
                          VPOS="700"
                          HPOS="1573"
                          CONTENT="substantia"/>
                  <SP HEIGHT="55" WIDTH="14" VPOS="700" HPOS="1766"/>
                  <String HEIGHT="55" WIDTH="96" VPOS="700" HPOS="1725" CONTENT="est"/>
                  <SP HEIGHT="55" WIDTH="14" VPOS="700" HPOS="1821"/>
                  <String HEIGHT="55"
                          WIDTH="124"
                          VPOS="700"
                          HPOS="1766"
                          CONTENT="relatio"/>
               </TextLine>
               <TextLine ID="r1l12"
                         BASELINE="797"
                         HEIGHT="52"
                         WIDTH="1502"
                         VPOS="745"
                         HPOS="398">
                  <String HEIGHT="52" WIDTH="99" VPOS="745" HPOS="384" CONTENT="nis"/>
                  <SP HEIGHT="52" WIDTH="14" VPOS="745" HPOS="483"/>
                  <String HEIGHT="52"
                          WIDTH="213"
                          VPOS="745"
                          HPOS="441"
                          CONTENT="fundamentum"/>
                  <SP HEIGHT="52" WIDTH="14" VPOS="745" HPOS="653"/>
                  <String HEIGHT="52" WIDTH="85" VPOS="745" HPOS="611" CONTENT="vt"/>
                  <SP HEIGHT="52" WIDTH="14" VPOS="745" HPOS="696"/>
                  <String HEIGHT="52" WIDTH="99" VPOS="745" HPOS="653" CONTENT="est"/>
                  <SP HEIGHT="52" WIDTH="14" VPOS="745" HPOS="752"/>
                  <String HEIGHT="52"
                          WIDTH="156"
                          VPOS="745"
                          HPOS="710"
                          CONTENT="aliquod"/>
                  <SP HEIGHT="52" WIDTH="14" VPOS="745" HPOS="866"/>
                  <String HEIGHT="52"
                          WIDTH="142"
                          VPOS="745"
                          HPOS="823"
                          CONTENT="relati"/>
                  <SP HEIGHT="52" WIDTH="14" VPOS="745" HPOS="965"/>
                  <String HEIGHT="52" WIDTH="71" VPOS="745" HPOS="922" CONTENT="&amp;"/>
                  <SP HEIGHT="52" WIDTH="14" VPOS="745" HPOS="993"/>
                  <String HEIGHT="52"
                          WIDTH="156"
                          VPOS="745"
                          HPOS="951"
                          CONTENT="propria"/>
                  <SP HEIGHT="52" WIDTH="14" VPOS="745" HPOS="1106"/>
                  <String HEIGHT="52"
                          WIDTH="128"
                          VPOS="745"
                          HPOS="1064"
                          CONTENT="pars:"/>
                  <SP HEIGHT="52" WIDTH="14" VPOS="745" HPOS="1192"/>
                  <String HEIGHT="52" WIDTH="99" VPOS="745" HPOS="1149" CONTENT="hic"/>
                  <SP HEIGHT="52" WIDTH="14" VPOS="745" HPOS="1248"/>
                  <String HEIGHT="52"
                          WIDTH="113"
                          VPOS="745"
                          HPOS="1206"
                          CONTENT="vero"/>
                  <SP HEIGHT="52" WIDTH="14" VPOS="745" HPOS="1319"/>
                  <String HEIGHT="52" WIDTH="85" VPOS="745" HPOS="1277" CONTENT="vt"/>
                  <SP HEIGHT="52" WIDTH="14" VPOS="745" HPOS="1362"/>
                  <String HEIGHT="52" WIDTH="99" VPOS="745" HPOS="1319" CONTENT="est"/>
                  <SP HEIGHT="52" WIDTH="14" VPOS="745" HPOS="1418"/>
                  <String HEIGHT="52"
                          WIDTH="184"
                          VPOS="745"
                          HPOS="1376"
                          CONTENT="totalitas"/>
                  <SP HEIGHT="52" WIDTH="14" VPOS="745" HPOS="1560"/>
                  <String HEIGHT="52"
                          WIDTH="156"
                          VPOS="745"
                          HPOS="1517"
                          CONTENT="relati:"/>
                  <SP HEIGHT="52" WIDTH="14" VPOS="745" HPOS="1673"/>
                  <String HEIGHT="52"
                          WIDTH="128"
                          VPOS="745"
                          HPOS="1631"
                          CONTENT="licet"/>
                  <SP HEIGHT="52" WIDTH="14" VPOS="745" HPOS="1758"/>
                  <String HEIGHT="52" WIDTH="99" VPOS="745" HPOS="1716" CONTENT="non"/>
                  <SP HEIGHT="52" WIDTH="14" VPOS="745" HPOS="1815"/>
                  <String HEIGHT="52"
                          WIDTH="142"
                          VPOS="745"
                          HPOS="1758"
                          CONTENT="differat"/>
               </TextLine>
               <TextLine ID="r1l13"
                         BASELINE="839"
                         HEIGHT="54"
                         WIDTH="1487"
                         VPOS="785"
                         HPOS="400">
                  <String HEIGHT="54"
                          WIDTH="151"
                          VPOS="785"
                          HPOS="386"
                          CONTENT="dicere,"/>
                  <SP HEIGHT="54" WIDTH="14" VPOS="785" HPOS="538"/>
                  <String HEIGHT="54"
                          WIDTH="138"
                          VPOS="785"
                          HPOS="496"
                          CONTENT="deitas"/>
                  <SP HEIGHT="54" WIDTH="14" VPOS="785" HPOS="634"/>
                  <String HEIGHT="54" WIDTH="96" VPOS="785" HPOS="593" CONTENT="est"/>
                  <SP HEIGHT="54" WIDTH="14" VPOS="785" HPOS="689"/>
                  <String HEIGHT="54"
                          WIDTH="124"
                          VPOS="785"
                          HPOS="648"
                          CONTENT="eadem"/>
                  <SP HEIGHT="54" WIDTH="14" VPOS="785" HPOS="772"/>
                  <String HEIGHT="54"
                          WIDTH="151"
                          VPOS="785"
                          HPOS="730"
                          CONTENT="deitati"/>
                  <SP HEIGHT="54" WIDTH="14" VPOS="785" HPOS="882"/>
                  <String HEIGHT="54" WIDTH="96" VPOS="785" HPOS="841" CONTENT="aut"/>
                  <SP HEIGHT="54" WIDTH="14" VPOS="785" HPOS="937"/>
                  <String HEIGHT="54"
                          WIDTH="179"
                          VPOS="785"
                          HPOS="896"
                          CONTENT="sibiipsi:"/>
                  <SP HEIGHT="54" WIDTH="14" VPOS="785" HPOS="1075"/>
                  <String HEIGHT="54" WIDTH="69" VPOS="785" HPOS="1033" CONTENT="&amp;"/>
                  <SP HEIGHT="54" WIDTH="14" VPOS="785" HPOS="1102"/>
                  <String HEIGHT="54"
                          WIDTH="138"
                          VPOS="785"
                          HPOS="1061"
                          CONTENT="deitas"/>
                  <SP HEIGHT="54" WIDTH="14" VPOS="785" HPOS="1199"/>
                  <String HEIGHT="54"
                          WIDTH="138"
                          VPOS="785"
                          HPOS="1157"
                          CONTENT="patris"/>
                  <SP HEIGHT="54" WIDTH="14" VPOS="785" HPOS="1295"/>
                  <String HEIGHT="54" WIDTH="96" VPOS="785" HPOS="1254" CONTENT="est"/>
                  <SP HEIGHT="54" WIDTH="14" VPOS="785" HPOS="1350"/>
                  <String HEIGHT="54"
                          WIDTH="124"
                          VPOS="785"
                          HPOS="1309"
                          CONTENT="eadem"/>
                  <SP HEIGHT="54" WIDTH="14" VPOS="785" HPOS="1433"/>
                  <String HEIGHT="54"
                          WIDTH="151"
                          VPOS="785"
                          HPOS="1391"
                          CONTENT="deitati"/>
                  <SP HEIGHT="54" WIDTH="14" VPOS="785" HPOS="1543"/>
                  <String HEIGHT="54"
                          WIDTH="138"
                          VPOS="785"
                          HPOS="1501"
                          CONTENT="filii:"/>
                  <SP HEIGHT="54" WIDTH="14" VPOS="785" HPOS="1639"/>
                  <String HEIGHT="54"
                          WIDTH="110"
                          VPOS="785"
                          HPOS="1598"
                          CONTENT="quia"/>
                  <SP HEIGHT="54" WIDTH="14" VPOS="785" HPOS="1708"/>
                  <String HEIGHT="54" WIDTH="96" VPOS="785" HPOS="1667" CONTENT="vna"/>
                  <SP HEIGHT="54" WIDTH="14" VPOS="785" HPOS="1763"/>
                  <String HEIGHT="54" WIDTH="69" VPOS="785" HPOS="1722" CONTENT="&amp;"/>
                  <SP HEIGHT="54" WIDTH="14" VPOS="785" HPOS="1791"/>
                  <String HEIGHT="54"
                          WIDTH="124"
                          VPOS="785"
                          HPOS="1749"
                          CONTENT="eadem"/>
                  <SP HEIGHT="54" WIDTH="14" VPOS="785" HPOS="1873"/>
                  <String HEIGHT="54" WIDTH="69" VPOS="785" HPOS="1818" CONTENT="est"/>
               </TextLine>
               <TextLine ID="r1l14"
                         BASELINE="886"
                         HEIGHT="59"
                         WIDTH="1506"
                         VPOS="827"
                         HPOS="396">
                  <String HEIGHT="59"
                          WIDTH="128"
                          VPOS="827"
                          HPOS="383"
                          CONTENT="deitas"/>
                  <SP HEIGHT="59" WIDTH="13" VPOS="827" HPOS="511"/>
                  <String HEIGHT="59"
                          WIDTH="179"
                          VPOS="827"
                          HPOS="473"
                          CONTENT="vtriusque:"/>
                  <SP HEIGHT="59" WIDTH="13" VPOS="827" HPOS="651"/>
                  <String HEIGHT="59"
                          WIDTH="102"
                          VPOS="827"
                          HPOS="613"
                          CONTENT="nisi"/>
                  <SP HEIGHT="59" WIDTH="13" VPOS="827" HPOS="715"/>
                  <String HEIGHT="59" WIDTH="77" VPOS="827" HPOS="677" CONTENT="in"/>
                  <SP HEIGHT="59" WIDTH="13" VPOS="827" HPOS="753"/>
                  <String HEIGHT="59" WIDTH="77" VPOS="827" HPOS="715" CONTENT="eo"/>
                  <SP HEIGHT="59" WIDTH="13" VPOS="827" HPOS="792"/>
                  <String HEIGHT="59"
                          WIDTH="102"
                          VPOS="827"
                          HPOS="753"
                          CONTENT="quod"/>
                  <SP HEIGHT="59" WIDTH="13" VPOS="827" HPOS="855"/>
                  <String HEIGHT="59" WIDTH="89" VPOS="827" HPOS="817" CONTENT="cum"/>
                  <SP HEIGHT="59" WIDTH="13" VPOS="827" HPOS="907"/>
                  <String HEIGHT="59"
                          WIDTH="140"
                          VPOS="827"
                          HPOS="868"
                          CONTENT="dicitur"/>
                  <SP HEIGHT="59" WIDTH="13" VPOS="827" HPOS="1009"/>
                  <String HEIGHT="59"
                          WIDTH="128"
                          VPOS="827"
                          HPOS="970"
                          CONTENT="deitas"/>
                  <SP HEIGHT="59" WIDTH="13" VPOS="827" HPOS="1098"/>
                  <String HEIGHT="59"
                          WIDTH="102"
                          VPOS="827"
                          HPOS="1060"
                          CONTENT="esse"/>
                  <SP HEIGHT="59" WIDTH="13" VPOS="827" HPOS="1162"/>
                  <String HEIGHT="59"
                          WIDTH="115"
                          VPOS="827"
                          HPOS="1123"
                          CONTENT="eadem"/>
                  <SP HEIGHT="59" WIDTH="13" VPOS="827" HPOS="1238"/>
                  <String HEIGHT="59"
                          WIDTH="115"
                          VPOS="827"
                          HPOS="1200"
                          CONTENT="sibi,"/>
                  <SP HEIGHT="59" WIDTH="13" VPOS="827" HPOS="1315"/>
                  <String HEIGHT="59"
                          WIDTH="191"
                          VPOS="827"
                          HPOS="1277"
                          CONTENT="differentia"/>
                  <SP HEIGHT="59" WIDTH="13" VPOS="827" HPOS="1468"/>
                  <String HEIGHT="59"
                          WIDTH="102"
                          VPOS="827"
                          HPOS="1430"
                          CONTENT="eius"/>
                  <SP HEIGHT="59" WIDTH="13" VPOS="827" HPOS="1532"/>
                  <String HEIGHT="59"
                          WIDTH="153"
                          VPOS="827"
                          HPOS="1494"
                          CONTENT="secundum"/>
                  <SP HEIGHT="59" WIDTH="13" VPOS="827" HPOS="1647"/>
                  <String HEIGHT="59"
                          WIDTH="102"
                          VPOS="827"
                          HPOS="1608"
                          CONTENT="quod"/>
                  <SP HEIGHT="59" WIDTH="13" VPOS="827" HPOS="1711"/>
                  <String HEIGHT="59" WIDTH="89" VPOS="827" HPOS="1672" CONTENT="fit"/>
                  <SP HEIGHT="59" WIDTH="13" VPOS="827" HPOS="1762"/>
                  <String HEIGHT="59"
                          WIDTH="140"
                          VPOS="827"
                          HPOS="1723"
                          CONTENT="relatio"/>
                  <SP HEIGHT="59" WIDTH="13" VPOS="827" HPOS="1864"/>
                  <String HEIGHT="59" WIDTH="77" VPOS="827" HPOS="1825" CONTENT="in"/>
                  <SP HEIGHT="59" WIDTH="13" VPOS="827" HPOS="1902"/>
                  <String HEIGHT="59" WIDTH="51" VPOS="827" HPOS="1851" CONTENT="re"/>
               </TextLine>
               <TextLine ID="r1l15"
                         BASELINE="934"
                         HEIGHT="53"
                         WIDTH="1493"
                         VPOS="881"
                         HPOS="397">
                  <String HEIGHT="53"
                          WIDTH="120"
                          VPOS="881"
                          HPOS="385"
                          CONTENT="latis,"/>
                  <SP HEIGHT="53" WIDTH="12" VPOS="881" HPOS="505"/>
                  <String HEIGHT="53" WIDTH="84" VPOS="881" HPOS="469" CONTENT="est"/>
                  <SP HEIGHT="53" WIDTH="12" VPOS="881" HPOS="554"/>
                  <String HEIGHT="53" WIDTH="60" VPOS="881" HPOS="517" CONTENT="a"/>
                  <SP HEIGHT="53" WIDTH="12" VPOS="881" HPOS="578"/>
                  <String HEIGHT="53"
                          WIDTH="132"
                          VPOS="881"
                          HPOS="541"
                          CONTENT="ratione"/>
                  <SP HEIGHT="53" WIDTH="12" VPOS="881" HPOS="674"/>
                  <String HEIGHT="53"
                          WIDTH="108"
                          VPOS="881"
                          HPOS="638"
                          CONTENT="sola."/>
                  <SP HEIGHT="53" WIDTH="12" VPOS="881" HPOS="746"/>
                  <String HEIGHT="53" WIDTH="84" VPOS="881" HPOS="710" CONTENT="Cum"/>
                  <SP HEIGHT="53" WIDTH="12" VPOS="881" HPOS="794"/>
                  <String HEIGHT="53" WIDTH="96" VPOS="881" HPOS="758" CONTENT="vero"/>
                  <SP HEIGHT="53" WIDTH="12" VPOS="881" HPOS="855"/>
                  <String HEIGHT="53"
                          WIDTH="132"
                          VPOS="881"
                          HPOS="818"
                          CONTENT="dicitur"/>
                  <SP HEIGHT="53" WIDTH="12" VPOS="881" HPOS="951"/>
                  <String HEIGHT="53"
                          WIDTH="120"
                          VPOS="881"
                          HPOS="915"
                          CONTENT="deitas"/>
                  <SP HEIGHT="53" WIDTH="12" VPOS="881" HPOS="1035"/>
                  <String HEIGHT="53"
                          WIDTH="120"
                          VPOS="881"
                          HPOS="999"
                          CONTENT="patris"/>
                  <SP HEIGHT="53" WIDTH="12" VPOS="881" HPOS="1119"/>
                  <String HEIGHT="53"
                          WIDTH="108"
                          VPOS="881"
                          HPOS="1083"
                          CONTENT="eadem"/>
                  <SP HEIGHT="53" WIDTH="12" VPOS="881" HPOS="1192"/>
                  <String HEIGHT="53"
                          WIDTH="132"
                          VPOS="881"
                          HPOS="1156"
                          CONTENT="deitati"/>
                  <SP HEIGHT="53" WIDTH="12" VPOS="881" HPOS="1288"/>
                  <String HEIGHT="53"
                          WIDTH="120"
                          VPOS="881"
                          HPOS="1252"
                          CONTENT="filii,"/>
                  <SP HEIGHT="53" WIDTH="12" VPOS="881" HPOS="1372"/>
                  <String HEIGHT="53"
                          WIDTH="157"
                          VPOS="881"
                          HPOS="1336"
                          CONTENT="similiter"/>
                  <SP HEIGHT="53" WIDTH="12" VPOS="881" HPOS="1493"/>
                  <String HEIGHT="53" WIDTH="84" VPOS="881" HPOS="1457" CONTENT="est"/>
                  <SP HEIGHT="53" WIDTH="12" VPOS="881" HPOS="1541"/>
                  <String HEIGHT="53"
                          WIDTH="181"
                          VPOS="881"
                          HPOS="1505"
                          CONTENT="differentia"/>
                  <SP HEIGHT="53" WIDTH="12" VPOS="881" HPOS="1685"/>
                  <String HEIGHT="53"
                          WIDTH="120"
                          VPOS="881"
                          HPOS="1649"
                          CONTENT="illius"/>
                  <SP HEIGHT="53" WIDTH="12" VPOS="881" HPOS="1770"/>
                  <String HEIGHT="53" WIDTH="60" VPOS="881" HPOS="1733" CONTENT="a"/>
                  <SP HEIGHT="53" WIDTH="12" VPOS="881" HPOS="1794"/>
                  <String HEIGHT="53"
                          WIDTH="96"
                          VPOS="881"
                          HPOS="1758"
                          CONTENT="sola"/>
                  <SP HEIGHT="53" WIDTH="12" VPOS="881" HPOS="1854"/>
                  <String HEIGHT="53"
                          WIDTH="84"
                          VPOS="881"
                          HPOS="1806"
                          CONTENT="ratio"/>
               </TextLine>
               <TextLine ID="r1l16"
                         BASELINE="981"
                         HEIGHT="62"
                         WIDTH="1498"
                         VPOS="919"
                         HPOS="401">
                  <String HEIGHT="62" WIDTH="103" VPOS="919" HPOS="386" CONTENT="ne:"/>
                  <SP HEIGHT="62" WIDTH="15" VPOS="919" HPOS="489"/>
                  <String HEIGHT="62" WIDTH="103" VPOS="919" HPOS="445" CONTENT="sed"/>
                  <SP HEIGHT="62" WIDTH="15" VPOS="919" HPOS="548"/>
                  <String HEIGHT="62" WIDTH="103" VPOS="919" HPOS="504" CONTENT="est"/>
                  <SP HEIGHT="62" WIDTH="15" VPOS="919" HPOS="607"/>
                  <String HEIGHT="62"
                          WIDTH="206"
                          VPOS="919"
                          HPOS="563"
                          CONTENT="adminiculo"/>
                  <SP HEIGHT="62" WIDTH="15" VPOS="919" HPOS="768"/>
                  <String HEIGHT="62"
                          WIDTH="191"
                          VPOS="919"
                          HPOS="724"
                          CONTENT="relatorum"/>
                  <SP HEIGHT="62" WIDTH="15" VPOS="919" HPOS="915"/>
                  <String HEIGHT="62"
                          WIDTH="220"
                          VPOS="919"
                          HPOS="871"
                          CONTENT="differentia"/>
                  <SP HEIGHT="62" WIDTH="15" VPOS="919" HPOS="1091"/>
                  <String HEIGHT="62"
                          WIDTH="117"
                          VPOS="919"
                          HPOS="1047"
                          CONTENT="eius"/>
                  <SP HEIGHT="62" WIDTH="15" VPOS="919" HPOS="1165"/>
                  <String HEIGHT="62"
                          WIDTH="176"
                          VPOS="919"
                          HPOS="1121"
                          CONTENT="validior"/>
                  <SP HEIGHT="62" WIDTH="15" VPOS="919" HPOS="1297"/>
                  <String HEIGHT="62" WIDTH="73" VPOS="919" HPOS="1253" CONTENT="&amp;"/>
                  <SP HEIGHT="62" WIDTH="15" VPOS="919" HPOS="1326"/>
                  <String HEIGHT="62"
                          WIDTH="235"
                          VPOS="919"
                          HPOS="1282"
                          CONTENT="apparentior:"/>
                  <SP HEIGHT="62" WIDTH="15" VPOS="919" HPOS="1517"/>
                  <String HEIGHT="62"
                          WIDTH="132"
                          VPOS="919"
                          HPOS="1473"
                          CONTENT="licet"/>
                  <SP HEIGHT="62" WIDTH="15" VPOS="919" HPOS="1605"/>
                  <String HEIGHT="62"
                          WIDTH="103"
                          VPOS="919"
                          HPOS="1561"
                          CONTENT="non"/>
                  <SP HEIGHT="62" WIDTH="15" VPOS="919" HPOS="1664"/>
                  <String HEIGHT="62"
                          WIDTH="147"
                          VPOS="919"
                          HPOS="1620"
                          CONTENT="minor,"/>
                  <SP HEIGHT="62" WIDTH="15" VPOS="919" HPOS="1767"/>
                  <String HEIGHT="62" WIDTH="88" VPOS="919" HPOS="1723" CONTENT="vt"/>
                  <SP HEIGHT="62" WIDTH="15" VPOS="919" HPOS="1811"/>
                  <String HEIGHT="62"
                          WIDTH="132"
                          VPOS="919"
                          HPOS="1767"
                          CONTENT="patet"/>
                  <SP HEIGHT="62" WIDTH="15" VPOS="919" HPOS="1899"/>
                  <String HEIGHT="62" WIDTH="59" VPOS="919" HPOS="1840" CONTENT="ex"/>
               </TextLine>
               <TextLine ID="r1l17"
                         BASELINE="1026"
                         HEIGHT="52"
                         WIDTH="1498"
                         VPOS="974"
                         HPOS="395">
                  <String HEIGHT="52"
                          WIDTH="220"
                          VPOS="974"
                          HPOS="380"
                          CONTENT="praedictis."/>
                  <SP HEIGHT="52" WIDTH="15" VPOS="974" HPOS="601"/>
                  <String HEIGHT="52" WIDTH="103" VPOS="974" HPOS="557" CONTENT="Non"/>
                  <SP HEIGHT="52" WIDTH="15" VPOS="974" HPOS="659"/>
                  <String HEIGHT="52"
                          WIDTH="132"
                          VPOS="974"
                          HPOS="615"
                          CONTENT="tamen"/>
                  <SP HEIGHT="52" WIDTH="15" VPOS="974" HPOS="747"/>
                  <String HEIGHT="52"
                          WIDTH="132"
                          VPOS="974"
                          HPOS="703"
                          CONTENT="pater"/>
                  <SP HEIGHT="52" WIDTH="15" VPOS="974" HPOS="836"/>
                  <String HEIGHT="52"
                          WIDTH="162"
                          VPOS="974"
                          HPOS="792"
                          CONTENT="dicitur"/>
                  <SP HEIGHT="52" WIDTH="15" VPOS="974" HPOS="953"/>
                  <String HEIGHT="52"
                          WIDTH="117"
                          VPOS="974"
                          HPOS="909"
                          CONTENT="idem"/>
                  <SP HEIGHT="52" WIDTH="15" VPOS="974" HPOS="1027"/>
                  <String HEIGHT="52"
                          WIDTH="132"
                          VPOS="974"
                          HPOS="982"
                          CONTENT="filio"/>
                  <SP HEIGHT="52" WIDTH="15" VPOS="974" HPOS="1115"/>
                  <String HEIGHT="52"
                          WIDTH="117"
                          VPOS="974"
                          HPOS="1071"
                          CONTENT="quia"/>
                  <SP HEIGHT="52" WIDTH="15" VPOS="974" HPOS="1188"/>
                  <String HEIGHT="52"
                          WIDTH="206"
                          VPOS="974"
                          HPOS="1144"
                          CONTENT="substantia"/>
                  <SP HEIGHT="52" WIDTH="15" VPOS="974" HPOS="1350"/>
                  <String HEIGHT="52"
                          WIDTH="191"
                          VPOS="974"
                          HPOS="1306"
                          CONTENT="vtriusque"/>
                  <SP HEIGHT="52" WIDTH="15" VPOS="974" HPOS="1496"/>
                  <String HEIGHT="52"
                          WIDTH="103"
                          VPOS="974"
                          HPOS="1452"
                          CONTENT="est"/>
                  <SP HEIGHT="52" WIDTH="15" VPOS="974" HPOS="1555"/>
                  <String HEIGHT="52"
                          WIDTH="147"
                          VPOS="974"
                          HPOS="1511"
                          CONTENT="eadem:"/>
                  <SP HEIGHT="52" WIDTH="15" VPOS="974" HPOS="1658"/>
                  <String HEIGHT="52"
                          WIDTH="103"
                          VPOS="974"
                          HPOS="1614"
                          CONTENT="sed"/>
                  <SP HEIGHT="52" WIDTH="15" VPOS="974" HPOS="1717"/>
                  <String HEIGHT="52"
                          WIDTH="191"
                          VPOS="974"
                          HPOS="1673"
                          CONTENT="solummodo"/>
                  <SP HEIGHT="52" WIDTH="15" VPOS="974" HPOS="1864"/>
                  <String HEIGHT="52"
                          WIDTH="88"
                          VPOS="974"
                          HPOS="1805"
                          CONTENT="quia"/>
               </TextLine>
               <TextLine ID="r1l18"
                         BASELINE="1069"
                         HEIGHT="49"
                         WIDTH="1489"
                         VPOS="1020"
                         HPOS="400">
                  <String HEIGHT="49"
                          WIDTH="195"
                          VPOS="1020"
                          HPOS="386"
                          CONTENT="substantia"/>
                  <SP HEIGHT="49" WIDTH="14" VPOS="1020" HPOS="581"/>
                  <String HEIGHT="49"
                          WIDTH="181"
                          VPOS="1020"
                          HPOS="539"
                          CONTENT="vtriusque"/>
                  <SP HEIGHT="49" WIDTH="14" VPOS="1020" HPOS="720"/>
                  <String HEIGHT="49" WIDTH="97" VPOS="1020" HPOS="678" CONTENT="est"/>
                  <SP HEIGHT="49" WIDTH="14" VPOS="1020" HPOS="776"/>
                  <String HEIGHT="49"
                          WIDTH="111"
                          VPOS="1020"
                          HPOS="734"
                          CONTENT="vna:"/>
                  <SP HEIGHT="49" WIDTH="14" VPOS="1020" HPOS="845"/>
                  <String HEIGHT="49" WIDTH="70" VPOS="1020" HPOS="804" CONTENT="&amp;"/>
                  <SP HEIGHT="49" WIDTH="14" VPOS="1020" HPOS="873"/>
                  <String HEIGHT="49" WIDTH="97" VPOS="1020" HPOS="831" CONTENT="hoc"/>
                  <SP HEIGHT="49" WIDTH="14" VPOS="1020" HPOS="929"/>
                  <String HEIGHT="49"
                          WIDTH="111"
                          VPOS="1020"
                          HPOS="887"
                          CONTENT="quia"/>
                  <SP HEIGHT="49" WIDTH="14" VPOS="1020" HPOS="998"/>
                  <String HEIGHT="49"
                          WIDTH="139"
                          VPOS="1020"
                          HPOS="957"
                          CONTENT="vnitas"/>
                  <SP HEIGHT="49" WIDTH="14" VPOS="1020" HPOS="1096"/>
                  <String HEIGHT="49"
                          WIDTH="139"
                          VPOS="1020"
                          HPOS="1054"
                          CONTENT="illius"/>
                  <SP HEIGHT="49" WIDTH="14" VPOS="1020" HPOS="1193"/>
                  <String HEIGHT="49"
                          WIDTH="139"
                          VPOS="1020"
                          HPOS="1151"
                          CONTENT="realis"/>
                  <SP HEIGHT="49" WIDTH="14" VPOS="1020" HPOS="1291"/>
                  <String HEIGHT="49"
                          WIDTH="111"
                          VPOS="1020"
                          HPOS="1249"
                          CONTENT="est:"/>
                  <SP HEIGHT="49" WIDTH="14" VPOS="1020" HPOS="1360"/>
                  <String HEIGHT="49" WIDTH="70" VPOS="1020" HPOS="1318" CONTENT="&amp;"/>
                  <SP HEIGHT="49" WIDTH="14" VPOS="1020" HPOS="1388"/>
                  <String HEIGHT="49" WIDTH="83" VPOS="1020" HPOS="1346" CONTENT="ex"/>
                  <SP HEIGHT="49" WIDTH="14" VPOS="1020" HPOS="1430"/>
                  <String HEIGHT="49"
                          WIDTH="139"
                          VPOS="1020"
                          HPOS="1388"
                          CONTENT="natura"/>
                  <SP HEIGHT="49" WIDTH="14" VPOS="1020" HPOS="1527"/>
                  <String HEIGHT="49"
                          WIDTH="111"
                          VPOS="1020"
                          HPOS="1485"
                          CONTENT="rei:"/>
                  <SP HEIGHT="49" WIDTH="14" VPOS="1020" HPOS="1597"/>
                  <String HEIGHT="49"
                          WIDTH="181"
                          VPOS="1020"
                          HPOS="1555"
                          CONTENT="identitas"/>
                  <SP HEIGHT="49" WIDTH="14" VPOS="1020" HPOS="1736"/>
                  <String HEIGHT="49"
                          WIDTH="125"
                          VPOS="1020"
                          HPOS="1694"
                          CONTENT="autem"/>
                  <SP HEIGHT="49" WIDTH="14" VPOS="1020" HPOS="1819"/>
                  <String HEIGHT="49"
                          WIDTH="111"
                          VPOS="1020"
                          HPOS="1778"
                          CONTENT="illa"/>
                  <SP HEIGHT="49" WIDTH="14" VPOS="1020" HPOS="1889"/>
                  <String HEIGHT="49" WIDTH="56" VPOS="1020" HPOS="1833" CONTENT="ra"/>
               </TextLine>
               <TextLine ID="r1l19"
                         BASELINE="1116"
                         HEIGHT="58"
                         WIDTH="1495"
                         VPOS="1058"
                         HPOS="398">
                  <String HEIGHT="58"
                          WIDTH="162"
                          VPOS="1058"
                          HPOS="385"
                          CONTENT="tionalis"/>
                  <SP HEIGHT="58" WIDTH="13" VPOS="1058" HPOS="546"/>
                  <String HEIGHT="58" WIDTH="94" VPOS="1058" HPOS="506" CONTENT="est"/>
                  <SP HEIGHT="58" WIDTH="13" VPOS="1058" HPOS="600"/>
                  <String HEIGHT="58" WIDTH="67" VPOS="1058" HPOS="560" CONTENT="&amp;"/>
                  <SP HEIGHT="58" WIDTH="13" VPOS="1058" HPOS="627"/>
                  <String HEIGHT="58" WIDTH="67" VPOS="1058" HPOS="587" CONTENT="a"/>
                  <SP HEIGHT="58" WIDTH="13" VPOS="1058" HPOS="654"/>
                  <String HEIGHT="58"
                          WIDTH="162"
                          VPOS="1058"
                          HPOS="613"
                          CONTENT="ratione."/>
                  <SP HEIGHT="58" WIDTH="13" VPOS="1058" HPOS="775"/>
                  <String HEIGHT="58" WIDTH="81" VPOS="1058" HPOS="735" CONTENT="Et"/>
                  <SP HEIGHT="58" WIDTH="13" VPOS="1058" HPOS="816"/>
                  <String HEIGHT="58"
                          WIDTH="202"
                          VPOS="1058"
                          HPOS="775"
                          CONTENT="fundamentum"/>
                  <SP HEIGHT="58" WIDTH="13" VPOS="1058" HPOS="977"/>
                  <String HEIGHT="58"
                          WIDTH="189"
                          VPOS="1058"
                          HPOS="937"
                          CONTENT="relationis"/>
                  <SP HEIGHT="58" WIDTH="13" VPOS="1058" HPOS="1125"/>
                  <String HEIGHT="58"
                          WIDTH="94"
                          VPOS="1058"
                          HPOS="1085"
                          CONTENT="est"/>
                  <SP HEIGHT="58" WIDTH="13" VPOS="1058" HPOS="1179"/>
                  <String HEIGHT="58"
                          WIDTH="108"
                          VPOS="1058"
                          HPOS="1139"
                          CONTENT="tale"/>
                  <SP HEIGHT="58" WIDTH="13" VPOS="1058" HPOS="1247"/>
                  <String HEIGHT="58"
                          WIDTH="189"
                          VPOS="1058"
                          HPOS="1206"
                          CONTENT="absolutum,"/>
                  <SP HEIGHT="58" WIDTH="13" VPOS="1058" HPOS="1395"/>
                  <String HEIGHT="58"
                          WIDTH="108"
                          VPOS="1058"
                          HPOS="1354"
                          CONTENT="siue"/>
                  <SP HEIGHT="58" WIDTH="13" VPOS="1058" HPOS="1462"/>
                  <String HEIGHT="58"
                          WIDTH="94"
                          VPOS="1058"
                          HPOS="1422"
                          CONTENT="sit"/>
                  <SP HEIGHT="58" WIDTH="13" VPOS="1058" HPOS="1516"/>
                  <String HEIGHT="58"
                          WIDTH="108"
                          VPOS="1058"
                          HPOS="1475"
                          CONTENT="illa"/>
                  <SP HEIGHT="58" WIDTH="13" VPOS="1058" HPOS="1583"/>
                  <String HEIGHT="58"
                          WIDTH="148"
                          VPOS="1058"
                          HPOS="1543"
                          CONTENT="relatio"/>
                  <SP HEIGHT="58" WIDTH="13" VPOS="1058" HPOS="1691"/>
                  <String HEIGHT="58"
                          WIDTH="162"
                          VPOS="1058"
                          HPOS="1651"
                          CONTENT="secundum"/>
                  <SP HEIGHT="58" WIDTH="13" VPOS="1058" HPOS="1812"/>
                  <String HEIGHT="58"
                          WIDTH="94"
                          VPOS="1058"
                          HPOS="1772"
                          CONTENT="rem"/>
                  <SP HEIGHT="58" WIDTH="13" VPOS="1058" HPOS="1866"/>
                  <String HEIGHT="58"
                          WIDTH="81"
                          VPOS="1058"
                          HPOS="1812"
                          CONTENT="siue"/>
               </TextLine>
               <TextLine ID="r1l20"
                         BASELINE="1164"
                         HEIGHT="60"
                         WIDTH="1494"
                         VPOS="1104"
                         HPOS="393">
                  <String HEIGHT="60"
                          WIDTH="162"
                          VPOS="1104"
                          HPOS="380"
                          CONTENT="secundum"/>
                  <SP HEIGHT="60" WIDTH="13" VPOS="1104" HPOS="541"/>
                  <String HEIGHT="60"
                          WIDTH="175"
                          VPOS="1104"
                          HPOS="501"
                          CONTENT="rationem:"/>
                  <SP HEIGHT="60" WIDTH="13" VPOS="1104" HPOS="676"/>
                  <String HEIGHT="60" WIDTH="94" VPOS="1104" HPOS="635" CONTENT="non"/>
                  <SP HEIGHT="60" WIDTH="13" VPOS="1104" HPOS="729"/>
                  <String HEIGHT="60"
                          WIDTH="121"
                          VPOS="1104"
                          HPOS="689"
                          CONTENT="autem"/>
                  <SP HEIGHT="60" WIDTH="13" VPOS="1104" HPOS="810"/>
                  <String HEIGHT="60"
                          WIDTH="148"
                          VPOS="1104"
                          HPOS="770"
                          CONTENT="relatio"/>
                  <SP HEIGHT="60" WIDTH="13" VPOS="1104" HPOS="918"/>
                  <String HEIGHT="60"
                          WIDTH="108"
                          VPOS="1104"
                          HPOS="878"
                          CONTENT="siue"/>
                  <SP HEIGHT="60" WIDTH="13" VPOS="1104" HPOS="985"/>
                  <String HEIGHT="60"
                          WIDTH="135"
                          VPOS="1104"
                          HPOS="945"
                          CONTENT="realis"/>
                  <SP HEIGHT="60" WIDTH="13" VPOS="1104" HPOS="1079"/>
                  <String HEIGHT="60"
                          WIDTH="108"
                          VPOS="1104"
                          HPOS="1039"
                          CONTENT="siue"/>
                  <SP HEIGHT="60" WIDTH="13" VPOS="1104" HPOS="1147"/>
                  <String HEIGHT="60"
                          WIDTH="202"
                          VPOS="1104"
                          HPOS="1106"
                          CONTENT="rationalis."/>
                  <SP HEIGHT="60" WIDTH="13" VPOS="1104" HPOS="1308"/>
                  <String HEIGHT="60" WIDTH="81" VPOS="1104" HPOS="1268" CONTENT="Et"/>
                  <SP HEIGHT="60" WIDTH="13" VPOS="1104" HPOS="1349"/>
                  <String HEIGHT="60"
                          WIDTH="94"
                          VPOS="1104"
                          HPOS="1308"
                          CONTENT="sic"/>
                  <SP HEIGHT="60" WIDTH="13" VPOS="1104" HPOS="1402"/>
                  <String HEIGHT="60"
                          WIDTH="135"
                          VPOS="1104"
                          HPOS="1362"
                          CONTENT="omnino"/>
                  <SP HEIGHT="60" WIDTH="13" VPOS="1104" HPOS="1497"/>
                  <String HEIGHT="60"
                          WIDTH="162"
                          VPOS="1104"
                          HPOS="1456"
                          CONTENT="secundum"/>
                  <SP HEIGHT="60" WIDTH="13" VPOS="1104" HPOS="1618"/>
                  <String HEIGHT="60"
                          WIDTH="121"
                          VPOS="1104"
                          HPOS="1577"
                          CONTENT="aliam"/>
                  <SP HEIGHT="60" WIDTH="13" VPOS="1104" HPOS="1699"/>
                  <String HEIGHT="60"
                          WIDTH="162"
                          VPOS="1104"
                          HPOS="1658"
                          CONTENT="rationem"/>
                  <SP HEIGHT="60" WIDTH="13" VPOS="1104" HPOS="1820"/>
                  <String HEIGHT="60"
                          WIDTH="121"
                          VPOS="1104"
                          HPOS="1766"
                          CONTENT="substan"/>
               </TextLine>
               <TextLine ID="r1l21"
                         BASELINE="1207"
                         HEIGHT="52"
                         WIDTH="1490"
                         VPOS="1155"
                         HPOS="394">
                  <String HEIGHT="52"
                          WIDTH="109"
                          VPOS="1155"
                          HPOS="380"
                          CONTENT="tiae"/>
                  <SP HEIGHT="52" WIDTH="14" VPOS="1155" HPOS="490"/>
                  <String HEIGHT="52"
                          WIDTH="123"
                          VPOS="1155"
                          HPOS="449"
                          CONTENT="pater"/>
                  <SP HEIGHT="52" WIDTH="14" VPOS="1155" HPOS="572"/>
                  <String HEIGHT="52" WIDTH="96" VPOS="1155" HPOS="531" CONTENT="est"/>
                  <SP HEIGHT="52" WIDTH="14" VPOS="1155" HPOS="626"/>
                  <String HEIGHT="52"
                          WIDTH="109"
                          VPOS="1155"
                          HPOS="585"
                          CONTENT="idem"/>
                  <SP HEIGHT="52" WIDTH="14" VPOS="1155" HPOS="695"/>
                  <String HEIGHT="52"
                          WIDTH="123"
                          VPOS="1155"
                          HPOS="654"
                          CONTENT="filio"/>
                  <SP HEIGHT="52" WIDTH="14" VPOS="1155" HPOS="777"/>
                  <String HEIGHT="52" WIDTH="68" VPOS="1155" HPOS="736" CONTENT="&amp;"/>
                  <SP HEIGHT="52" WIDTH="14" VPOS="1155" HPOS="804"/>
                  <String HEIGHT="52"
                          WIDTH="178"
                          VPOS="1155"
                          HPOS="763"
                          CONTENT="sibiipsi."/>
                  <SP HEIGHT="52" WIDTH="14" VPOS="1155" HPOS="941"/>
                  <String HEIGHT="52" WIDTH="96" VPOS="1155" HPOS="900" CONTENT="Est"/>
                  <SP HEIGHT="52" WIDTH="14" VPOS="1155" HPOS="995"/>
                  <String HEIGHT="52"
                          WIDTH="109"
                          VPOS="1155"
                          HPOS="954"
                          CONTENT="enim"/>
                  <SP HEIGHT="52" WIDTH="14" VPOS="1155" HPOS="1064"/>
                  <String HEIGHT="52"
                          WIDTH="191"
                          VPOS="1155"
                          HPOS="1023"
                          CONTENT="substantia"/>
                  <SP HEIGHT="52" WIDTH="14" VPOS="1155" HPOS="1214"/>
                  <String HEIGHT="52"
                          WIDTH="96"
                          VPOS="1155"
                          HPOS="1173"
                          CONTENT="qua"/>
                  <SP HEIGHT="52" WIDTH="14" VPOS="1155" HPOS="1269"/>
                  <String HEIGHT="52"
                          WIDTH="123"
                          VPOS="1155"
                          HPOS="1228"
                          CONTENT="pater"/>
                  <SP HEIGHT="52" WIDTH="14" VPOS="1155" HPOS="1351"/>
                  <String HEIGHT="52"
                          WIDTH="96"
                          VPOS="1155"
                          HPOS="1310"
                          CONTENT="est"/>
                  <SP HEIGHT="52" WIDTH="14" VPOS="1155" HPOS="1406"/>
                  <String HEIGHT="52"
                          WIDTH="109"
                          VPOS="1155"
                          HPOS="1365"
                          CONTENT="idem"/>
                  <SP HEIGHT="52" WIDTH="14" VPOS="1155" HPOS="1474"/>
                  <String HEIGHT="52"
                          WIDTH="123"
                          VPOS="1155"
                          HPOS="1433"
                          CONTENT="sibi,"/>
                  <SP HEIGHT="52" WIDTH="14" VPOS="1155" HPOS="1556"/>
                  <String HEIGHT="52"
                          WIDTH="123"
                          VPOS="1155"
                          HPOS="1515"
                          CONTENT="quasi"/>
                  <SP HEIGHT="52" WIDTH="14" VPOS="1155" HPOS="1638"/>
                  <String HEIGHT="52"
                          WIDTH="123"
                          VPOS="1155"
                          HPOS="1597"
                          CONTENT="totum"/>
                  <SP HEIGHT="52" WIDTH="14" VPOS="1155" HPOS="1720"/>
                  <String HEIGHT="52" WIDTH="82" VPOS="1155" HPOS="1679" CONTENT="ad"/>
                  <SP HEIGHT="52" WIDTH="14" VPOS="1155" HPOS="1761"/>
                  <String HEIGHT="52"
                          WIDTH="178"
                          VPOS="1155"
                          HPOS="1706"
                          CONTENT="substantiam"/>
               </TextLine>
               <TextLine ID="r1l22"
                         BASELINE="1261"
                         HEIGHT="65"
                         WIDTH="1489"
                         VPOS="1196"
                         HPOS="394">
                  <String HEIGHT="65" WIDTH="91" VPOS="1196" HPOS="381" CONTENT="qua"/>
                  <SP HEIGHT="65" WIDTH="13" VPOS="1196" HPOS="472"/>
                  <String HEIGHT="65" WIDTH="91" VPOS="1196" HPOS="433" CONTENT="est"/>
                  <SP HEIGHT="65" WIDTH="13" VPOS="1196" HPOS="525"/>
                  <String HEIGHT="65"
                          WIDTH="104"
                          VPOS="1196"
                          HPOS="485"
                          CONTENT="idem"/>
                  <SP HEIGHT="65" WIDTH="13" VPOS="1196" HPOS="590"/>
                  <String HEIGHT="65"
                          WIDTH="131"
                          VPOS="1196"
                          HPOS="551"
                          CONTENT="filio."/>
                  <SP HEIGHT="65" WIDTH="13" VPOS="1196" HPOS="681"/>
                  <String HEIGHT="65"
                          WIDTH="104"
                          VPOS="1196"
                          HPOS="642"
                          CONTENT="illa"/>
                  <SP HEIGHT="65" WIDTH="13" VPOS="1196" HPOS="747"/>
                  <String HEIGHT="65"
                          WIDTH="104"
                          VPOS="1196"
                          HPOS="707"
                          CONTENT="enim"/>
                  <SP HEIGHT="65" WIDTH="13" VPOS="1196" HPOS="812"/>
                  <String HEIGHT="65"
                          WIDTH="157"
                          VPOS="1196"
                          HPOS="773"
                          CONTENT="continet"/>
                  <SP HEIGHT="65" WIDTH="13" VPOS="1196" HPOS="930"/>
                  <String HEIGHT="65"
                          WIDTH="170"
                          VPOS="1196"
                          HPOS="890"
                          CONTENT="essentiam"/>
                  <SP HEIGHT="65" WIDTH="13" VPOS="1196" HPOS="1060"/>
                  <String HEIGHT="65" WIDTH="65" VPOS="1196" HPOS="1021" CONTENT="&amp;"/>
                  <SP HEIGHT="65" WIDTH="13" VPOS="1196" HPOS="1086"/>
                  <String HEIGHT="65"
                          WIDTH="196"
                          VPOS="1196"
                          HPOS="1047"
                          CONTENT="relationem:"/>
                  <SP HEIGHT="65" WIDTH="13" VPOS="1196" HPOS="1243"/>
                  <String HEIGHT="65"
                          WIDTH="104"
                          VPOS="1196"
                          HPOS="1204"
                          CONTENT="ista"/>
                  <SP HEIGHT="65" WIDTH="13" VPOS="1196" HPOS="1308"/>
                  <String HEIGHT="65"
                          WIDTH="104"
                          VPOS="1196"
                          HPOS="1269"
                          CONTENT="vero"/>
                  <SP HEIGHT="65" WIDTH="13" VPOS="1196" HPOS="1374"/>
                  <String HEIGHT="65"
                          WIDTH="170"
                          VPOS="1196"
                          HPOS="1334"
                          CONTENT="essentiam"/>
                  <SP HEIGHT="65" WIDTH="13" VPOS="1196" HPOS="1504"/>
                  <String HEIGHT="65"
                          WIDTH="144"
                          VPOS="1196"
                          HPOS="1465"
                          CONTENT="tantum."/>
                  <SP HEIGHT="65" WIDTH="13" VPOS="1196" HPOS="1609"/>
                  <String HEIGHT="65" WIDTH="78" VPOS="1196" HPOS="1570" CONTENT="Et"/>
                  <SP HEIGHT="65" WIDTH="13" VPOS="1196" HPOS="1648"/>
                  <String HEIGHT="65"
                          WIDTH="170"
                          VPOS="1196"
                          HPOS="1609"
                          CONTENT="similiter"/>
                  <SP HEIGHT="65" WIDTH="13" VPOS="1196" HPOS="1779"/>
                  <String HEIGHT="65"
                          WIDTH="157"
                          VPOS="1196"
                          HPOS="1726"
                          CONTENT="substantia"/>
               </TextLine>
               <TextLine ID="r1l23"
                         BASELINE="1312"
                         HEIGHT="67"
                         WIDTH="1496"
                         VPOS="1245"
                         HPOS="397">
                  <String HEIGHT="67" WIDTH="94" VPOS="1245" HPOS="384" CONTENT="qua"/>
                  <SP HEIGHT="67" WIDTH="13" VPOS="1245" HPOS="478"/>
                  <String HEIGHT="67"
                          WIDTH="121"
                          VPOS="1245"
                          HPOS="437"
                          CONTENT="pater"/>
                  <SP HEIGHT="67" WIDTH="13" VPOS="1245" HPOS="559"/>
                  <String HEIGHT="67" WIDTH="94" VPOS="1245" HPOS="518" CONTENT="est"/>
                  <SP HEIGHT="67" WIDTH="13" VPOS="1245" HPOS="613"/>
                  <String HEIGHT="67"
                          WIDTH="108"
                          VPOS="1245"
                          HPOS="572"
                          CONTENT="idem"/>
                  <SP HEIGHT="67" WIDTH="13" VPOS="1245" HPOS="680"/>
                  <String HEIGHT="67"
                          WIDTH="121"
                          VPOS="1245"
                          HPOS="640"
                          CONTENT="sibi,"/>
                  <SP HEIGHT="67" WIDTH="13" VPOS="1245" HPOS="761"/>
                  <String HEIGHT="67"
                          WIDTH="121"
                          VPOS="1245"
                          HPOS="720"
                          CONTENT="quasi"/>
                  <SP HEIGHT="67" WIDTH="13" VPOS="1245" HPOS="842"/>
                  <String HEIGHT="67"
                          WIDTH="121"
                          VPOS="1245"
                          HPOS="801"
                          CONTENT="totum"/>
                  <SP HEIGHT="67" WIDTH="13" VPOS="1245" HPOS="923"/>
                  <String HEIGHT="67" WIDTH="94" VPOS="1245" HPOS="882" CONTENT="est"/>
                  <SP HEIGHT="67" WIDTH="13" VPOS="1245" HPOS="977"/>
                  <String HEIGHT="67" WIDTH="81" VPOS="1245" HPOS="936" CONTENT="ad"/>
                  <SP HEIGHT="67" WIDTH="13" VPOS="1245" HPOS="1017"/>
                  <String HEIGHT="67"
                          WIDTH="202"
                          VPOS="1245"
                          HPOS="977"
                          CONTENT="substantiam"/>
                  <SP HEIGHT="67" WIDTH="13" VPOS="1245" HPOS="1179"/>
                  <String HEIGHT="67"
                          WIDTH="94"
                          VPOS="1245"
                          HPOS="1138"
                          CONTENT="qua"/>
                  <SP HEIGHT="67" WIDTH="13" VPOS="1245" HPOS="1233"/>
                  <String HEIGHT="67"
                          WIDTH="135"
                          VPOS="1245"
                          HPOS="1192"
                          CONTENT="deitas"/>
                  <SP HEIGHT="67" WIDTH="13" VPOS="1245" HPOS="1327"/>
                  <String HEIGHT="67"
                          WIDTH="94"
                          VPOS="1245"
                          HPOS="1287"
                          CONTENT="est"/>
                  <SP HEIGHT="67" WIDTH="13" VPOS="1245" HPOS="1381"/>
                  <String HEIGHT="67"
                          WIDTH="121"
                          VPOS="1245"
                          HPOS="1340"
                          CONTENT="eadem"/>
                  <SP HEIGHT="67" WIDTH="13" VPOS="1245" HPOS="1462"/>
                  <String HEIGHT="67"
                          WIDTH="121"
                          VPOS="1245"
                          HPOS="1421"
                          CONTENT="sibi:"/>
                  <SP HEIGHT="67" WIDTH="13" VPOS="1245" HPOS="1543"/>
                  <String HEIGHT="67"
                          WIDTH="94"
                          VPOS="1245"
                          HPOS="1502"
                          CONTENT="sed"/>
                  <SP HEIGHT="67" WIDTH="13" VPOS="1245" HPOS="1596"/>
                  <String HEIGHT="67"
                          WIDTH="162"
                          VPOS="1245"
                          HPOS="1556"
                          CONTENT="secundum"/>
                  <SP HEIGHT="67" WIDTH="13" VPOS="1245" HPOS="1718"/>
                  <String HEIGHT="67"
                          WIDTH="135"
                          VPOS="1245"
                          HPOS="1677"
                          CONTENT="eandem"/>
                  <SP HEIGHT="67" WIDTH="13" VPOS="1245" HPOS="1812"/>
                  <String HEIGHT="67"
                          WIDTH="135"
                          VPOS="1245"
                          HPOS="1758"
                          CONTENT="rationem"/>
               </TextLine>
               <TextLine ID="r1l24"
                         BASELINE="1350"
                         HEIGHT="61"
                         WIDTH="1496"
                         VPOS="1289"
                         HPOS="398">
                  <String HEIGHT="61"
                          WIDTH="226"
                          VPOS="1289"
                          HPOS="384"
                          CONTENT="substantiae:"/>
                  <SP HEIGHT="61" WIDTH="14" VPOS="1289" HPOS="610"/>
                  <String HEIGHT="61"
                          WIDTH="113"
                          VPOS="1289"
                          HPOS="567"
                          CONTENT="quia"/>
                  <SP HEIGHT="61" WIDTH="14" VPOS="1289" HPOS="680"/>
                  <String HEIGHT="61"
                          WIDTH="155"
                          VPOS="1289"
                          HPOS="638"
                          CONTENT="ratione"/>
                  <SP HEIGHT="61" WIDTH="14" VPOS="1289" HPOS="793"/>
                  <String HEIGHT="61"
                          WIDTH="212"
                          VPOS="1289"
                          HPOS="751"
                          CONTENT="substantiae"/>
                  <SP HEIGHT="61" WIDTH="14" VPOS="1289" HPOS="963"/>
                  <String HEIGHT="61"
                          WIDTH="113"
                          VPOS="1289"
                          HPOS="920"
                          CONTENT="quae"/>
                  <SP HEIGHT="61" WIDTH="14" VPOS="1289" HPOS="1033"/>
                  <String HEIGHT="61" WIDTH="99" VPOS="1289" HPOS="991" CONTENT="est"/>
                  <SP HEIGHT="61" WIDTH="14" VPOS="1289" HPOS="1090"/>
                  <String HEIGHT="61"
                          WIDTH="183"
                          VPOS="1289"
                          HPOS="1047"
                          CONTENT="totalitas"/>
                  <SP HEIGHT="61" WIDTH="14" VPOS="1289" HPOS="1231"/>
                  <String HEIGHT="61"
                          WIDTH="198"
                          VPOS="1289"
                          HPOS="1188"
                          CONTENT="relatorum."/>
                  <SP HEIGHT="61" WIDTH="14" VPOS="1289" HPOS="1386"/>
                  <String HEIGHT="61" WIDTH="85" VPOS="1289" HPOS="1344" CONTENT="Et"/>
                  <SP HEIGHT="61" WIDTH="14" VPOS="1289" HPOS="1428"/>
                  <String HEIGHT="61"
                          WIDTH="169"
                          VPOS="1289"
                          HPOS="1386"
                          CONTENT="secundum"/>
                  <SP HEIGHT="61" WIDTH="14" VPOS="1289" HPOS="1555"/>
                  <String HEIGHT="61"
                          WIDTH="127"
                          VPOS="1289"
                          HPOS="1513"
                          CONTENT="dicta"/>
                  <SP HEIGHT="61" WIDTH="14" VPOS="1289" HPOS="1640"/>
                  <String HEIGHT="61"
                          WIDTH="198"
                          VPOS="1289"
                          HPOS="1598"
                          CONTENT="concedenda"/>
                  <SP HEIGHT="61" WIDTH="14" VPOS="1289" HPOS="1795"/>
                  <String HEIGHT="61"
                          WIDTH="99"
                          VPOS="1289"
                          HPOS="1753"
                          CONTENT="est"/>
                  <SP HEIGHT="61" WIDTH="14" VPOS="1289" HPOS="1852"/>
                  <String HEIGHT="61"
                          WIDTH="99"
                          VPOS="1289"
                          HPOS="1795"
                          CONTENT="vlti"
                          SUBS_TYPE="HypPart1"
                          SUBS_CONTENT="vltima"/>
                  <HYP CONTENT="-"/>
               </TextLine>
               <TextLine ID="r1l25"
                         BASELINE="1399"
                         HEIGHT="64"
                         WIDTH="449"
                         VPOS="1335"
                         HPOS="391">
                  <String HEIGHT="64"
                          WIDTH="104"
                          VPOS="1335"
                          HPOS="374"
                          CONTENT="ma"
                          SUBS_TYPE="HypPart2"
                          SUBS_CONTENT="vltima"/>
                  <SP HEIGHT="64" WIDTH="17" VPOS="1335" HPOS="477"/>
                  <String HEIGHT="64"
                          WIDTH="155"
                          VPOS="1335"
                          HPOS="426"
                          CONTENT="ratio"/>
                  <SP HEIGHT="64" WIDTH="17" VPOS="1335" HPOS="581"/>
                  <String HEIGHT="64"
                          WIDTH="155"
                          VPOS="1335"
                          HPOS="529"
                          CONTENT="eadem"/>
                  <SP HEIGHT="64" WIDTH="17" VPOS="1335" HPOS="685"/>
                  <String HEIGHT="64"
                          WIDTH="225"
                          VPOS="1335"
                          HPOS="616"
                          CONTENT="concludens."/>
               </TextLine>
               <TextLine ID="r1l26"
                         BASELINE="1447"
                         HEIGHT="99"
                         WIDTH="1493"
                         VPOS="1348"
                         HPOS="407">
                  <String HEIGHT="99" WIDTH="91" VPOS="1348" HPOS="389" CONTENT=""/>
                  <SP HEIGHT="99" WIDTH="18" VPOS="1348" HPOS="480"/>
                  <String HEIGHT="99" WIDTH="109" VPOS="1348" HPOS="425" CONTENT="Ad"/>
                  <SP HEIGHT="99" WIDTH="18" VPOS="1348" HPOS="534"/>
                  <String HEIGHT="99"
                          WIDTH="182"
                          VPOS="1348"
                          HPOS="480"
                          CONTENT="primam"/>
                  <SP HEIGHT="99" WIDTH="18" VPOS="1348" HPOS="662"/>
                  <String HEIGHT="99" WIDTH="109" VPOS="1348" HPOS="607" CONTENT="in"/>
                  <SP HEIGHT="99" WIDTH="18" VPOS="1348" HPOS="717"/>
                  <String HEIGHT="99"
                          WIDTH="255"
                          VPOS="1348"
                          HPOS="662"
                          CONTENT="oppositum,"/>
                  <SP HEIGHT="99" WIDTH="18" VPOS="1348" HPOS="917"/>
                  <String HEIGHT="99"
                          WIDTH="146"
                          VPOS="1348"
                          HPOS="862"
                          CONTENT="quod"/>
                  <SP HEIGHT="99" WIDTH="18" VPOS="1348" HPOS="1008"/>
                  <String HEIGHT="99" WIDTH="109" VPOS="1348" HPOS="953" CONTENT="ex"/>
                  <SP HEIGHT="99" WIDTH="18" VPOS="1348" HPOS="1062"/>
                  <String HEIGHT="99"
                          WIDTH="164"
                          VPOS="1348"
                          HPOS="1008"
                          CONTENT="parte"/>
                  <SP HEIGHT="99" WIDTH="18" VPOS="1348" HPOS="1172"/>
                  <String HEIGHT="99"
                          WIDTH="273"
                          VPOS="1348"
                          HPOS="1117"
                          CONTENT="substantiae"/>
                  <SP HEIGHT="99" WIDTH="18" VPOS="1348" HPOS="1390"/>
                  <String HEIGHT="99"
                          WIDTH="109"
                          VPOS="1348"
                          HPOS="1336"
                          CONTENT="in"/>
                  <SP HEIGHT="99" WIDTH="18" VPOS="1348" HPOS="1445"/>
                  <String HEIGHT="99"
                          WIDTH="200"
                          VPOS="1348"
                          HPOS="1390"
                          CONTENT="diuinis"/>
                  <SP HEIGHT="99" WIDTH="18" VPOS="1348" HPOS="1590"/>
                  <String HEIGHT="99"
                          WIDTH="164"
                          VPOS="1348"
                          HPOS="1536"
                          CONTENT="nulla"/>
                  <SP HEIGHT="99" WIDTH="18" VPOS="1348" HPOS="1700"/>
                  <String HEIGHT="99"
                          WIDTH="164"
                          VPOS="1348"
                          HPOS="1645"
                          CONTENT="cadit"/>
                  <SP HEIGHT="99" WIDTH="18" VPOS="1348" HPOS="1809"/>
                  <String HEIGHT="99"
                          WIDTH="182"
                          VPOS="1348"
                          HPOS="1754"
                          CONTENT="omnino"/>
                  <SP HEIGHT="99" WIDTH="18" VPOS="1348" HPOS="1936"/>
                  <String HEIGHT="99" WIDTH="36" VPOS="1348" HPOS="1864" CONTENT=""/>
               </TextLine>
               <TextLine ID="r1l28"
                         BASELINE="1492"
                         HEIGHT="55"
                         WIDTH="1493"
                         VPOS="1437"
                         HPOS="407">
                  <String HEIGHT="55"
                          WIDTH="198"
                          VPOS="1437"
                          HPOS="394"
                          CONTENT="distinctio:"/>
                  <SP HEIGHT="55" WIDTH="13" VPOS="1437" HPOS="592"/>
                  <String HEIGHT="55"
                          WIDTH="106"
                          VPOS="1437"
                          HPOS="552"
                          CONTENT="Dico"/>
                  <SP HEIGHT="55" WIDTH="13" VPOS="1437" HPOS="658"/>
                  <String HEIGHT="55"
                          WIDTH="106"
                          VPOS="1437"
                          HPOS="618"
                          CONTENT="quod"/>
                  <SP HEIGHT="55" WIDTH="13" VPOS="1437" HPOS="724"/>
                  <String HEIGHT="55"
                          WIDTH="119"
                          VPOS="1437"
                          HPOS="684"
                          CONTENT="verum"/>
                  <SP HEIGHT="55" WIDTH="13" VPOS="1437" HPOS="803"/>
                  <String HEIGHT="55"
                          WIDTH="106"
                          VPOS="1437"
                          HPOS="764"
                          CONTENT="est:"/>
                  <SP HEIGHT="55" WIDTH="13" VPOS="1437" HPOS="869"/>
                  <String HEIGHT="55"
                          WIDTH="198"
                          VPOS="1437"
                          HPOS="830"
                          CONTENT="substantiam"/>
                  <SP HEIGHT="55" WIDTH="13" VPOS="1437" HPOS="1028"/>
                  <String HEIGHT="55" WIDTH="79" VPOS="1437" HPOS="988" CONTENT="in"/>
                  <SP HEIGHT="55" WIDTH="13" VPOS="1437" HPOS="1068"/>
                  <String HEIGHT="55"
                          WIDTH="145"
                          VPOS="1437"
                          HPOS="1028"
                          CONTENT="diuinis"/>
                  <SP HEIGHT="55" WIDTH="13" VPOS="1437" HPOS="1173"/>
                  <String HEIGHT="55"
                          WIDTH="145"
                          VPOS="1437"
                          HPOS="1134"
                          CONTENT="stricte"/>
                  <SP HEIGHT="55" WIDTH="13" VPOS="1437" HPOS="1279"/>
                  <String HEIGHT="55"
                          WIDTH="145"
                          VPOS="1437"
                          HPOS="1239"
                          CONTENT="sumendo"/>
                  <SP HEIGHT="55" WIDTH="13" VPOS="1437" HPOS="1385"/>
                  <String HEIGHT="55"
                          WIDTH="159"
                          VPOS="1437"
                          HPOS="1345"
                          CONTENT="scilicet"/>
                  <SP HEIGHT="55" WIDTH="13" VPOS="1437" HPOS="1504"/>
                  <String HEIGHT="55"
                          WIDTH="92"
                          VPOS="1437"
                          HPOS="1464"
                          CONTENT="pro"/>
                  <SP HEIGHT="55" WIDTH="13" VPOS="1437" HPOS="1556"/>
                  <String HEIGHT="55"
                          WIDTH="159"
                          VPOS="1437"
                          HPOS="1517"
                          CONTENT="essentia"/>
                  <SP HEIGHT="55" WIDTH="13" VPOS="1437" HPOS="1675"/>
                  <String HEIGHT="55"
                          WIDTH="132"
                          VPOS="1437"
                          HPOS="1636"
                          CONTENT="absque"/>
                  <SP HEIGHT="55" WIDTH="13" VPOS="1437" HPOS="1768"/>
                  <String HEIGHT="55"
                          WIDTH="106"
                          VPOS="1437"
                          HPOS="1728"
                          CONTENT="omni"/>
                  <SP HEIGHT="55" WIDTH="13" VPOS="1437" HPOS="1834"/>
                  <String HEIGHT="55"
                          WIDTH="119"
                          VPOS="1437"
                          HPOS="1781"
                          CONTENT="ratione"/>
               </TextLine>
               <TextLine ID="r1l30"
                         BASELINE="1542"
                         HEIGHT="62"
                         WIDTH="1481"
                         VPOS="1480"
                         HPOS="410">
                  <String HEIGHT="62"
                          WIDTH="180"
                          VPOS="1480"
                          HPOS="396"
                          CONTENT="respectus"/>
                  <SP HEIGHT="62" WIDTH="14" VPOS="1480" HPOS="576"/>
                  <String HEIGHT="62" WIDTH="69" VPOS="1480" HPOS="535" CONTENT="&amp;"/>
                  <SP HEIGHT="62" WIDTH="14" VPOS="1480" HPOS="604"/>
                  <String HEIGHT="62"
                          WIDTH="208"
                          VPOS="1480"
                          HPOS="562"
                          CONTENT="relationis."/>
                  <SP HEIGHT="62" WIDTH="14" VPOS="1480" HPOS="770"/>
                  <String HEIGHT="62"
                          WIDTH="194"
                          VPOS="1480"
                          HPOS="728"
                          CONTENT="Accipiendo"/>
                  <SP HEIGHT="62" WIDTH="14" VPOS="1480" HPOS="922"/>
                  <String HEIGHT="62"
                          WIDTH="125"
                          VPOS="1480"
                          HPOS="881"
                          CONTENT="tamen"/>
                  <SP HEIGHT="62" WIDTH="14" VPOS="1480" HPOS="1005"/>
                  <String HEIGHT="62"
                          WIDTH="125"
                          VPOS="1480"
                          HPOS="964"
                          CONTENT="large"/>
                  <SP HEIGHT="62" WIDTH="14" VPOS="1480" HPOS="1088"/>
                  <String HEIGHT="62"
                          WIDTH="208"
                          VPOS="1480"
                          HPOS="1047"
                          CONTENT="substantiam"/>
                  <SP HEIGHT="62" WIDTH="14" VPOS="1480" HPOS="1254"/>
                  <String HEIGHT="62"
                          WIDTH="125"
                          VPOS="1480"
                          HPOS="1213"
                          CONTENT="sicut"/>
                  <SP HEIGHT="62" WIDTH="14" VPOS="1480" HPOS="1337"/>
                  <String HEIGHT="62"
                          WIDTH="152"
                          VPOS="1480"
                          HPOS="1296"
                          CONTENT="sumitur"/>
                  <SP HEIGHT="62" WIDTH="14" VPOS="1480" HPOS="1448"/>
                  <String HEIGHT="62"
                          WIDTH="138"
                          VPOS="1480"
                          HPOS="1407"
                          CONTENT="quando"/>
                  <SP HEIGHT="62" WIDTH="14" VPOS="1480" HPOS="1545"/>
                  <String HEIGHT="62"
                          WIDTH="125"
                          VPOS="1480"
                          HPOS="1503"
                          CONTENT="dicit"/>
                  <SP HEIGHT="62" WIDTH="14" VPOS="1480" HPOS="1628"/>
                  <String HEIGHT="62"
                          WIDTH="208"
                          VPOS="1480"
                          HPOS="1586"
                          CONTENT="Philosophus"/>
                  <SP HEIGHT="62" WIDTH="14" VPOS="1480" HPOS="1794"/>
                  <String HEIGHT="62"
                          WIDTH="111"
                          VPOS="1480"
                          HPOS="1753"
                          CONTENT="quod"/>
                  <SP HEIGHT="62" WIDTH="14" VPOS="1480" HPOS="1863"/>
                  <String HEIGHT="62"
                          WIDTH="83"
                          VPOS="1480"
                          HPOS="1808"
                          CONTENT="vnum"/>
               </TextLine>
               <TextLine ID="r1l31"
                         BASELINE="1585"
                         HEIGHT="56"
                         WIDTH="1507"
                         VPOS="1529"
                         HPOS="399">
                  <String HEIGHT="56" WIDTH="88" VPOS="1529" HPOS="384" CONTENT="in"/>
                  <SP HEIGHT="56" WIDTH="15" VPOS="1529" HPOS="472"/>
                  <String HEIGHT="56"
                          WIDTH="205"
                          VPOS="1529"
                          HPOS="428"
                          CONTENT="substantia"/>
                  <SP HEIGHT="56" WIDTH="15" VPOS="1529" HPOS="633"/>
                  <String HEIGHT="56"
                          WIDTH="176"
                          VPOS="1529"
                          HPOS="589"
                          CONTENT="sequitur"/>
                  <SP HEIGHT="56" WIDTH="15" VPOS="1529" HPOS="765"/>
                  <String HEIGHT="56"
                          WIDTH="132"
                          VPOS="1529"
                          HPOS="721"
                          CONTENT="idem,"/>
                  <SP HEIGHT="56" WIDTH="15" VPOS="1529" HPOS="853"/>
                  <String HEIGHT="56"
                          WIDTH="117"
                          VPOS="1529"
                          HPOS="809"
                          CONTENT="bene"/>
                  <SP HEIGHT="56" WIDTH="15" VPOS="1529" HPOS="926"/>
                  <String HEIGHT="56"
                          WIDTH="132"
                          VPOS="1529"
                          HPOS="882"
                          CONTENT="cadit"/>
                  <SP HEIGHT="56" WIDTH="15" VPOS="1529" HPOS="1014"/>
                  <String HEIGHT="56" WIDTH="88" VPOS="1529" HPOS="970" CONTENT="in"/>
                  <SP HEIGHT="56" WIDTH="15" VPOS="1529" HPOS="1057"/>
                  <String HEIGHT="56"
                          WIDTH="205"
                          VPOS="1529"
                          HPOS="1014"
                          CONTENT="substantia"/>
                  <SP HEIGHT="56" WIDTH="15" VPOS="1529" HPOS="1218"/>
                  <String HEIGHT="56"
                          WIDTH="219"
                          VPOS="1529"
                          HPOS="1174"
                          CONTENT="distinctio,"/>
                  <SP HEIGHT="56" WIDTH="15" VPOS="1529" HPOS="1394"/>
                  <String HEIGHT="56" WIDTH="88" VPOS="1529" HPOS="1350" CONTENT="vt"/>
                  <SP HEIGHT="56" WIDTH="15" VPOS="1529" HPOS="1438"/>
                  <String HEIGHT="56"
                          WIDTH="102"
                          VPOS="1529"
                          HPOS="1394"
                          CONTENT="iam"/>
                  <SP HEIGHT="56" WIDTH="15" VPOS="1529" HPOS="1496"/>
                  <String HEIGHT="56"
                          WIDTH="146"
                          VPOS="1529"
                          HPOS="1452"
                          CONTENT="dictum"/>
                  <SP HEIGHT="56" WIDTH="15" VPOS="1529" HPOS="1599"/>
                  <String HEIGHT="56"
                          WIDTH="117"
                          VPOS="1529"
                          HPOS="1555"
                          CONTENT="est:"/>
                  <SP HEIGHT="56" WIDTH="15" VPOS="1529" HPOS="1672"/>
                  <String HEIGHT="56" WIDTH="73" VPOS="1529" HPOS="1628" CONTENT="&amp;"/>
                  <SP HEIGHT="56" WIDTH="15" VPOS="1529" HPOS="1701"/>
                  <String HEIGHT="56"
                          WIDTH="190"
                          VPOS="1529"
                          HPOS="1657"
                          CONTENT="expositum"/>
                  <SP HEIGHT="56" WIDTH="15" VPOS="1529" HPOS="1847"/>
                  <String HEIGHT="56"
                          WIDTH="102"
                          VPOS="1529"
                          HPOS="1804"
                          CONTENT="est"/>
                  <SP HEIGHT="56" WIDTH="15" VPOS="1529" HPOS="1906"/>
                  <String HEIGHT="56" WIDTH="59" VPOS="1529" HPOS="1847" CONTENT="su"/>
               </TextLine>
               <TextLine ID="r1l32"
                         BASELINE="1636"
                         HEIGHT="64"
                         WIDTH="1504"
                         VPOS="1572"
                         HPOS="392">
                  <String HEIGHT="64"
                          WIDTH="161"
                          VPOS="1572"
                          HPOS="377"
                          CONTENT="perius."/>
                  <SP HEIGHT="64" WIDTH="15" VPOS="1572" HPOS="538"/>
                  <String HEIGHT="64" WIDTH="88" VPOS="1572" HPOS="494" CONTENT="Et"/>
                  <SP HEIGHT="64" WIDTH="15" VPOS="1572" HPOS="582"/>
                  <String HEIGHT="64"
                          WIDTH="102"
                          VPOS="1572"
                          HPOS="538"
                          CONTENT="sic"/>
                  <SP HEIGHT="64" WIDTH="15" VPOS="1572" HPOS="640"/>
                  <String HEIGHT="64"
                          WIDTH="131"
                          VPOS="1572"
                          HPOS="596"
                          CONTENT="large"/>
                  <SP HEIGHT="64" WIDTH="15" VPOS="1572" HPOS="728"/>
                  <String HEIGHT="64"
                          WIDTH="161"
                          VPOS="1572"
                          HPOS="684"
                          CONTENT="accepta"/>
                  <SP HEIGHT="64" WIDTH="15" VPOS="1572" HPOS="845"/>
                  <String HEIGHT="64"
                          WIDTH="204"
                          VPOS="1572"
                          HPOS="801"
                          CONTENT="substantia"/>
                  <SP HEIGHT="64" WIDTH="15" VPOS="1572" HPOS="1005"/>
                  <String HEIGHT="64"
                          WIDTH="117"
                          VPOS="1572"
                          HPOS="961"
                          CONTENT="ipsa"/>
                  <SP HEIGHT="64" WIDTH="15" VPOS="1572" HPOS="1078"/>
                  <String HEIGHT="64"
                          WIDTH="117"
                          VPOS="1572"
                          HPOS="1034"
                          CONTENT="bene"/>
                  <SP HEIGHT="64" WIDTH="15" VPOS="1572" HPOS="1151"/>
                  <String HEIGHT="64"
                          WIDTH="234"
                          VPOS="1572"
                          HPOS="1107"
                          CONTENT="distinguitur"/>
                  <SP HEIGHT="64" WIDTH="15" VPOS="1572" HPOS="1341"/>
                  <String HEIGHT="64"
                          WIDTH="175"
                          VPOS="1572"
                          HPOS="1297"
                          CONTENT="secundum"/>
                  <SP HEIGHT="64" WIDTH="15" VPOS="1572" HPOS="1473"/>
                  <String HEIGHT="64"
                          WIDTH="117"
                          VPOS="1572"
                          HPOS="1429"
                          CONTENT="duas"/>
                  <SP HEIGHT="64" WIDTH="15" VPOS="1572" HPOS="1546"/>
                  <String HEIGHT="64"
                          WIDTH="175"
                          VPOS="1572"
                          HPOS="1502"
                          CONTENT="formales"/>
                  <SP HEIGHT="64" WIDTH="15" VPOS="1572" HPOS="1677"/>
                  <String HEIGHT="64"
                          WIDTH="175"
                          VPOS="1572"
                          HPOS="1633"
                          CONTENT="rationes"/>
                  <SP HEIGHT="64" WIDTH="15" VPOS="1572" HPOS="1808"/>
                  <String HEIGHT="64" WIDTH="73" VPOS="1572" HPOS="1765" CONTENT="&amp;"/>
                  <SP HEIGHT="64" WIDTH="15" VPOS="1572" HPOS="1838"/>
                  <String HEIGHT="64" WIDTH="88" VPOS="1572" HPOS="1794" CONTENT="in"/>
                  <SP HEIGHT="64" WIDTH="15" VPOS="1572" HPOS="1881"/>
                  <String HEIGHT="64"
                          WIDTH="73"
                          VPOS="1572"
                          HPOS="1823"
                          CONTENT="di"
                          SUBS_TYPE="HypPart1"
                          SUBS_CONTENT="diuinis"/>
                  <HYP CONTENT="-"/>
               </TextLine>
               <TextLine ID="r1l33"
                         BASELINE="1672"
                         HEIGHT="56"
                         WIDTH="1492"
                         VPOS="1616"
                         HPOS="398">
                  <String HEIGHT="56"
                          WIDTH="134"
                          VPOS="1616"
                          HPOS="383"
                          CONTENT="uinis"
                          SUBS_TYPE="HypPart2"
                          SUBS_CONTENT="diuinis"/>
                  <SP HEIGHT="56" WIDTH="15" VPOS="1616" HPOS="517"/>
                  <String HEIGHT="56" WIDTH="75" VPOS="1616" HPOS="473" CONTENT="&amp;"/>
                  <SP HEIGHT="56" WIDTH="15" VPOS="1616" HPOS="547"/>
                  <String HEIGHT="56" WIDTH="90" VPOS="1616" HPOS="502" CONTENT="in"/>
                  <SP HEIGHT="56" WIDTH="15" VPOS="1616" HPOS="592"/>
                  <String HEIGHT="56"
                          WIDTH="209"
                          VPOS="1616"
                          HPOS="547"
                          CONTENT="creaturis:"/>
                  <SP HEIGHT="56" WIDTH="15" VPOS="1616" HPOS="756"/>
                  <String HEIGHT="56"
                          WIDTH="179"
                          VPOS="1616"
                          HPOS="711"
                          CONTENT="secundum"/>
                  <SP HEIGHT="56" WIDTH="15" VPOS="1616" HPOS="890"/>
                  <String HEIGHT="56"
                          WIDTH="119"
                          VPOS="1616"
                          HPOS="846"
                          CONTENT="quas"/>
                  <SP HEIGHT="56" WIDTH="15" VPOS="1616" HPOS="965"/>
                  <String HEIGHT="56"
                          WIDTH="119"
                          VPOS="1616"
                          HPOS="920"
                          CONTENT="sunt"/>
                  <SP HEIGHT="56" WIDTH="15" VPOS="1616" HPOS="1040"/>
                  <String HEIGHT="56"
                          WIDTH="104"
                          VPOS="1616"
                          HPOS="995"
                          CONTENT="duo"/>
                  <SP HEIGHT="56" WIDTH="15" VPOS="1616" HPOS="1099"/>
                  <String HEIGHT="56"
                          WIDTH="119"
                          VPOS="1616"
                          HPOS="1054"
                          CONTENT="modi"/>
                  <SP HEIGHT="56" WIDTH="15" VPOS="1616" HPOS="1174"/>
                  <String HEIGHT="56"
                          WIDTH="224"
                          VPOS="1616"
                          HPOS="1129"
                          CONTENT="identitatis"/>
                  <SP HEIGHT="56" WIDTH="15" VPOS="1616" HPOS="1353"/>
                  <String HEIGHT="56" WIDTH="75" VPOS="1616" HPOS="1308" CONTENT="&amp;"/>
                  <SP HEIGHT="56" WIDTH="15" VPOS="1616" HPOS="1383"/>
                  <String HEIGHT="56" WIDTH="90" VPOS="1616" HPOS="1338" CONTENT="in"/>
                  <SP HEIGHT="56" WIDTH="15" VPOS="1616" HPOS="1427"/>
                  <String HEIGHT="56"
                          WIDTH="164"
                          VPOS="1616"
                          HPOS="1383"
                          CONTENT="diuinis"/>
                  <SP HEIGHT="56" WIDTH="15" VPOS="1616" HPOS="1547"/>
                  <String HEIGHT="56" WIDTH="75" VPOS="1616" HPOS="1502" CONTENT="&amp;"/>
                  <SP HEIGHT="56" WIDTH="15" VPOS="1616" HPOS="1577"/>
                  <String HEIGHT="56" WIDTH="90" VPOS="1616" HPOS="1532" CONTENT="in"/>
                  <SP HEIGHT="56" WIDTH="15" VPOS="1616" HPOS="1621"/>
                  <String HEIGHT="56"
                          WIDTH="209"
                          VPOS="1616"
                          HPOS="1577"
                          CONTENT="creaturis,"/>
                  <SP HEIGHT="56" WIDTH="15" VPOS="1616" HPOS="1786"/>
                  <String HEIGHT="56" WIDTH="90" VPOS="1616" HPOS="1741" CONTENT="vt"/>
                  <SP HEIGHT="56" WIDTH="15" VPOS="1616" HPOS="1830"/>
                  <String HEIGHT="56"
                          WIDTH="119"
                          VPOS="1616"
                          HPOS="1771"
                          CONTENT="dictum"/>
               </TextLine>
               <TextLine ID="r1l34"
                         BASELINE="1721"
                         HEIGHT="53"
                         WIDTH="1488"
                         VPOS="1668"
                         HPOS="405">
                  <String HEIGHT="53"
                          WIDTH="100"
                          VPOS="1668"
                          HPOS="392"
                          CONTENT="est."/>
                  <SP HEIGHT="53" WIDTH="13" VPOS="1668" HPOS="493"/>
                  <String HEIGHT="53" WIDTH="63" VPOS="1668" HPOS="455" CONTENT=""/>
                  <SP HEIGHT="53" WIDTH="13" VPOS="1668" HPOS="518"/>
                  <String HEIGHT="53" WIDTH="75" VPOS="1668" HPOS="480" CONTENT="Ad"/>
                  <SP HEIGHT="53" WIDTH="13" VPOS="1668" HPOS="555"/>
                  <String HEIGHT="53"
                          WIDTH="150"
                          VPOS="1668"
                          HPOS="518"
                          CONTENT="secundum"/>
                  <SP HEIGHT="53" WIDTH="13" VPOS="1668" HPOS="668"/>
                  <String HEIGHT="53"
                          WIDTH="100"
                          VPOS="1668"
                          HPOS="630"
                          CONTENT="quod"/>
                  <SP HEIGHT="53" WIDTH="13" VPOS="1668" HPOS="730"/>
                  <String HEIGHT="53" WIDTH="75" VPOS="1668" HPOS="693" CONTENT="in"/>
                  <SP HEIGHT="53" WIDTH="13" VPOS="1668" HPOS="768"/>
                  <String HEIGHT="53"
                          WIDTH="138"
                          VPOS="1668"
                          HPOS="730"
                          CONTENT="diuinis"/>
                  <SP HEIGHT="53" WIDTH="13" VPOS="1668" HPOS="868"/>
                  <String HEIGHT="53"
                          WIDTH="163"
                          VPOS="1668"
                          HPOS="830"
                          CONTENT="identitas"/>
                  <SP HEIGHT="53" WIDTH="13" VPOS="1668" HPOS="993"/>
                  <String HEIGHT="53"
                          WIDTH="188"
                          VPOS="1668"
                          HPOS="955"
                          CONTENT="distiguitur"/>
                  <SP HEIGHT="53" WIDTH="13" VPOS="1668" HPOS="1143"/>
                  <String HEIGHT="53"
                          WIDTH="150"
                          VPOS="1668"
                          HPOS="1105"
                          CONTENT="secundum"/>
                  <SP HEIGHT="53" WIDTH="13" VPOS="1668" HPOS="1255"/>
                  <String HEIGHT="53"
                          WIDTH="150"
                          VPOS="1668"
                          HPOS="1218"
                          CONTENT="materiam"/>
                  <SP HEIGHT="53" WIDTH="13" VPOS="1668" HPOS="1368"/>
                  <String HEIGHT="53"
                          WIDTH="100"
                          VPOS="1668"
                          HPOS="1330"
                          CONTENT="tamt"/>
                  <SP HEIGHT="53" WIDTH="13" VPOS="1668" HPOS="1430"/>
                  <String HEIGHT="53"
                          WIDTH="150"
                          VPOS="1668"
                          HPOS="1393"
                          CONTENT="scilicet"/>
                  <SP HEIGHT="53" WIDTH="13" VPOS="1668" HPOS="1543"/>
                  <String HEIGHT="53"
                          WIDTH="150"
                          VPOS="1668"
                          HPOS="1505"
                          CONTENT="secundum"/>
                  <SP HEIGHT="53" WIDTH="13" VPOS="1668" HPOS="1655"/>
                  <String HEIGHT="53"
                          WIDTH="138"
                          VPOS="1668"
                          HPOS="1618"
                          CONTENT="relata,"/>
                  <SP HEIGHT="53" WIDTH="13" VPOS="1668" HPOS="1755"/>
                  <String HEIGHT="53"
                          WIDTH="100"
                          VPOS="1668"
                          HPOS="1718"
                          CONTENT="ergo"/>
                  <SP HEIGHT="53" WIDTH="13" VPOS="1668" HPOS="1818"/>
                  <String HEIGHT="53"
                          WIDTH="88"
                          VPOS="1668"
                          HPOS="1780"
                          CONTENT="&amp;c."/>
                  <SP HEIGHT="53" WIDTH="13" VPOS="1668" HPOS="1868"/>
                  <String HEIGHT="53"
                          WIDTH="75"
                          VPOS="1668"
                          HPOS="1818"
                          CONTENT="Dico"/>
               </TextLine>
               <TextLine ID="line_1589678787729_386"
                         BASELINE="1773"
                         HEIGHT="65"
                         WIDTH="1534"
                         VPOS="1708"
                         HPOS="371">
                  <String HEIGHT="65" WIDTH="79" VPOS="1708" HPOS="358" CONTENT="nm"/>
                  <SP HEIGHT="65" WIDTH="13" VPOS="1708" HPOS="437"/>
                  <String HEIGHT="65"
                          WIDTH="105"
                          VPOS="1708"
                          HPOS="397"
                          CONTENT="quod"/>
                  <SP HEIGHT="65" WIDTH="13" VPOS="1708" HPOS="502"/>
                  <String HEIGHT="65"
                          WIDTH="131"
                          VPOS="1708"
                          HPOS="463"
                          CONTENT="falsum"/>
                  <SP HEIGHT="65" WIDTH="13" VPOS="1708" HPOS="594"/>
                  <String HEIGHT="65"
                          WIDTH="105"
                          VPOS="1708"
                          HPOS="555"
                          CONTENT="est."/>
                  <SP HEIGHT="65" WIDTH="13" VPOS="1708" HPOS="659"/>
                  <String HEIGHT="65"
                          WIDTH="105"
                          VPOS="1708"
                          HPOS="620"
                          CONTENT="immo"/>
                  <SP HEIGHT="65" WIDTH="13" VPOS="1708" HPOS="725"/>
                  <String HEIGHT="65" WIDTH="92" VPOS="1708" HPOS="686" CONTENT="cum"/>
                  <SP HEIGHT="65" WIDTH="13" VPOS="1708" HPOS="777"/>
                  <String HEIGHT="65" WIDTH="92" VPOS="1708" HPOS="738" CONTENT="hoc"/>
                  <SP HEIGHT="65" WIDTH="13" VPOS="1708" HPOS="830"/>
                  <String HEIGHT="65"
                          WIDTH="105"
                          VPOS="1708"
                          HPOS="791"
                          CONTENT="quod"/>
                  <SP HEIGHT="65" WIDTH="13" VPOS="1708" HPOS="895"/>
                  <String HEIGHT="65"
                          WIDTH="197"
                          VPOS="1708"
                          HPOS="856"
                          CONTENT="differentia"/>
                  <SP HEIGHT="65" WIDTH="13" VPOS="1708" HPOS="1053"/>
                  <String HEIGHT="65"
                          WIDTH="92"
                          VPOS="1708"
                          HPOS="1013"
                          CONTENT="est"/>
                  <SP HEIGHT="65" WIDTH="13" VPOS="1708" HPOS="1105"/>
                  <String HEIGHT="65"
                          WIDTH="157"
                          VPOS="1708"
                          HPOS="1066"
                          CONTENT="secundum"/>
                  <SP HEIGHT="65" WIDTH="13" VPOS="1708" HPOS="1223"/>
                  <String HEIGHT="65"
                          WIDTH="131"
                          VPOS="1708"
                          HPOS="1184"
                          CONTENT="relata"/>
                  <SP HEIGHT="65" WIDTH="13" VPOS="1708" HPOS="1315"/>
                  <String HEIGHT="65"
                          WIDTH="131"
                          VPOS="1708"
                          HPOS="1276"
                          CONTENT="quando"/>
                  <SP HEIGHT="65" WIDTH="13" VPOS="1708" HPOS="1407"/>
                  <String HEIGHT="65"
                          WIDTH="144"
                          VPOS="1708"
                          HPOS="1367"
                          CONTENT="aliquid"/>
                  <SP HEIGHT="65" WIDTH="13" VPOS="1708" HPOS="1512"/>
                  <String HEIGHT="65"
                          WIDTH="157"
                          VPOS="1708"
                          HPOS="1472"
                          CONTENT="refertur"/>
                  <SP HEIGHT="65" WIDTH="13" VPOS="1708" HPOS="1630"/>
                  <String HEIGHT="65" WIDTH="79" VPOS="1708" HPOS="1590" CONTENT="ad"/>
                  <SP HEIGHT="65" WIDTH="13" VPOS="1708" HPOS="1669"/>
                  <String HEIGHT="65" WIDTH="79" VPOS="1708" HPOS="1630" CONTENT="se"/>
                  <SP HEIGHT="65" WIDTH="13" VPOS="1708" HPOS="1708"/>
                  <String HEIGHT="65" WIDTH="66" VPOS="1708" HPOS="1669" CONTENT="&amp;"/>
                  <SP HEIGHT="65" WIDTH="13" VPOS="1708" HPOS="1735"/>
                  <String HEIGHT="65" WIDTH="79" VPOS="1708" HPOS="1695" CONTENT="ad"/>
                  <SP HEIGHT="65" WIDTH="13" VPOS="1708" HPOS="1774"/>
                  <String HEIGHT="65"
                          WIDTH="157"
                          VPOS="1708"
                          HPOS="1735"
                          CONTENT="alterum:"/>
                  <SP HEIGHT="65" WIDTH="13" VPOS="1708" HPOS="1892"/>
                  <String HEIGHT="65"
                          WIDTH="66"
                          VPOS="1708"
                          HPOS="1839"
                          CONTENT="est"/>
               </TextLine>
               <TextLine ID="r1l36"
                         BASELINE="1814"
                         HEIGHT="53"
                         WIDTH="1498"
                         VPOS="1761"
                         HPOS="409">
                  <String HEIGHT="53"
                          WIDTH="126"
                          VPOS="1761"
                          HPOS="395"
                          CONTENT="etiam"/>
                  <SP HEIGHT="53" WIDTH="14" VPOS="1761" HPOS="521"/>
                  <String HEIGHT="53"
                          WIDTH="210"
                          VPOS="1761"
                          HPOS="479"
                          CONTENT="differentia"/>
                  <SP HEIGHT="53" WIDTH="14" VPOS="1761" HPOS="689"/>
                  <String HEIGHT="53"
                          WIDTH="168"
                          VPOS="1761"
                          HPOS="647"
                          CONTENT="secundum"/>
                  <SP HEIGHT="53" WIDTH="14" VPOS="1761" HPOS="815"/>
                  <String HEIGHT="53"
                          WIDTH="168"
                          VPOS="1761"
                          HPOS="773"
                          CONTENT="rationes"/>
                  <SP HEIGHT="53" WIDTH="14" VPOS="1761" HPOS="941"/>
                  <String HEIGHT="53"
                          WIDTH="168"
                          VPOS="1761"
                          HPOS="899"
                          CONTENT="formales"/>
                  <SP HEIGHT="53" WIDTH="14" VPOS="1761" HPOS="1067"/>
                  <String HEIGHT="53"
                          WIDTH="210"
                          VPOS="1761"
                          HPOS="1025"
                          CONTENT="substantiae"/>
                  <SP HEIGHT="53" WIDTH="14" VPOS="1761" HPOS="1235"/>
                  <String HEIGHT="53" WIDTH="84" VPOS="1761" HPOS="1193" CONTENT="in"/>
                  <SP HEIGHT="53" WIDTH="14" VPOS="1761" HPOS="1277"/>
                  <String HEIGHT="53"
                          WIDTH="98"
                          VPOS="1761"
                          HPOS="1235"
                          CONTENT="his"/>
                  <SP HEIGHT="53" WIDTH="14" VPOS="1761" HPOS="1333"/>
                  <String HEIGHT="53"
                          WIDTH="154"
                          VPOS="1761"
                          HPOS="1291"
                          CONTENT="relatis"/>
                  <SP HEIGHT="53" WIDTH="14" VPOS="1761" HPOS="1445"/>
                  <String HEIGHT="53" WIDTH="70" VPOS="1761" HPOS="1403" CONTENT="&amp;"/>
                  <SP HEIGHT="53" WIDTH="14" VPOS="1761" HPOS="1473"/>
                  <String HEIGHT="53" WIDTH="84" VPOS="1761" HPOS="1431" CONTENT="in"/>
                  <SP HEIGHT="53" WIDTH="14" VPOS="1761" HPOS="1515"/>
                  <String HEIGHT="53"
                          WIDTH="140"
                          VPOS="1761"
                          HPOS="1473"
                          CONTENT="illis,"/>
                  <SP HEIGHT="53" WIDTH="14" VPOS="1761" HPOS="1613"/>
                  <String HEIGHT="53" WIDTH="84" VPOS="1761" HPOS="1571" CONTENT="vt"/>
                  <SP HEIGHT="53" WIDTH="14" VPOS="1761" HPOS="1655"/>
                  <String HEIGHT="53"
                          WIDTH="126"
                          VPOS="1761"
                          HPOS="1613"
                          CONTENT="patet"/>
                  <SP HEIGHT="53" WIDTH="14" VPOS="1761" HPOS="1739"/>
                  <String HEIGHT="53" WIDTH="84" VPOS="1761" HPOS="1697" CONTENT="ex"/>
                  <SP HEIGHT="53" WIDTH="14" VPOS="1761" HPOS="1781"/>
                  <String HEIGHT="53"
                          WIDTH="98"
                          VPOS="1761"
                          HPOS="1739"
                          CONTENT="iam"/>
                  <SP HEIGHT="53" WIDTH="14" VPOS="1761" HPOS="1837"/>
                  <String HEIGHT="53"
                          WIDTH="126"
                          VPOS="1761"
                          HPOS="1781"
                          CONTENT="dictis."/>
               </TextLine>
               <TextLine ID="r1l37"
                         BASELINE="1876"
                         HEIGHT="78"
                         WIDTH="1229"
                         VPOS="1798"
                         HPOS="677">
                  <String HEIGHT="78"
                          WIDTH="116"
                          VPOS="1798"
                          HPOS="663"
                          CONTENT="lrca"/>
                  <SP HEIGHT="78" WIDTH="14" VPOS="1798" HPOS="778"/>
                  <String HEIGHT="78"
                          WIDTH="159"
                          VPOS="1798"
                          HPOS="735"
                          CONTENT="tertium"/>
                  <SP HEIGHT="78" WIDTH="14" VPOS="1798" HPOS="894"/>
                  <String HEIGHT="78"
                          WIDTH="174"
                          VPOS="1798"
                          HPOS="851"
                          CONTENT="arguitur"/>
                  <SP HEIGHT="78" WIDTH="14" VPOS="1798" HPOS="1024"/>
                  <String HEIGHT="78"
                          WIDTH="116"
                          VPOS="1798"
                          HPOS="981"
                          CONTENT="quod"/>
                  <SP HEIGHT="78" WIDTH="14" VPOS="1798" HPOS="1096"/>
                  <String HEIGHT="78"
                          WIDTH="130"
                          VPOS="1798"
                          HPOS="1053"
                          CONTENT="trium"/>
                  <SP HEIGHT="78" WIDTH="14" VPOS="1798" HPOS="1183"/>
                  <String HEIGHT="78"
                          WIDTH="202"
                          VPOS="1798"
                          HPOS="1140"
                          CONTENT="personarum"/>
                  <SP HEIGHT="78" WIDTH="14" VPOS="1798" HPOS="1342"/>
                  <String HEIGHT="78"
                          WIDTH="130"
                          VPOS="1798"
                          HPOS="1299"
                          CONTENT="inter"/>
                  <SP HEIGHT="78" WIDTH="14" VPOS="1798" HPOS="1429"/>
                  <String HEIGHT="78" WIDTH="87" VPOS="1798" HPOS="1385" CONTENT="se"/>
                  <SP HEIGHT="78" WIDTH="14" VPOS="1798" HPOS="1472"/>
                  <String HEIGHT="78" WIDTH="87" VPOS="1798" HPOS="1429" CONTENT="in"/>
                  <SP HEIGHT="78" WIDTH="14" VPOS="1798" HPOS="1516"/>
                  <String HEIGHT="78"
                          WIDTH="159"
                          VPOS="1798"
                          HPOS="1472"
                          CONTENT="diuinis"/>
                  <SP HEIGHT="78" WIDTH="14" VPOS="1798" HPOS="1631"/>
                  <String HEIGHT="78"
                          WIDTH="101"
                          VPOS="1798"
                          HPOS="1588"
                          CONTENT="non"/>
                  <SP HEIGHT="78" WIDTH="14" VPOS="1798" HPOS="1689"/>
                  <String HEIGHT="78"
                          WIDTH="101"
                          VPOS="1798"
                          HPOS="1646"
                          CONTENT="sit"/>
                  <SP HEIGHT="78" WIDTH="14" VPOS="1798" HPOS="1747"/>
                  <String HEIGHT="78"
                          WIDTH="130"
                          VPOS="1798"
                          HPOS="1704"
                          CONTENT="plena"/>
                  <SP HEIGHT="78" WIDTH="14" VPOS="1798" HPOS="1834"/>
                  <String HEIGHT="78" WIDTH="72" VPOS="1798" HPOS="1790" CONTENT="&amp;"/>
                  <SP HEIGHT="78" WIDTH="14" VPOS="1798" HPOS="1863"/>
                  <String HEIGHT="78"
                          WIDTH="101"
                          VPOS="1798"
                          HPOS="1805"
                          CONTENT="perfe"/>
               </TextLine>
               <TextLine ID="r1l39"
                         BASELINE="1907"
                         HEIGHT="48"
                         WIDTH="1233"
                         VPOS="1859"
                         HPOS="665">
                  <String HEIGHT="48" WIDTH="98" VPOS="1859" HPOS="651" CONTENT="cta"/>
                  <SP HEIGHT="48" WIDTH="14" VPOS="1859" HPOS="749"/>
                  <String HEIGHT="48"
                          WIDTH="196"
                          VPOS="1859"
                          HPOS="707"
                          CONTENT="identitas,"/>
                  <SP HEIGHT="48" WIDTH="14" VPOS="1859" HPOS="903"/>
                  <String HEIGHT="48"
                          WIDTH="126"
                          VPOS="1859"
                          HPOS="861"
                          CONTENT="Primo"/>
                  <SP HEIGHT="48" WIDTH="14" VPOS="1859" HPOS="987"/>
                  <String HEIGHT="48"
                          WIDTH="112"
                          VPOS="1859"
                          HPOS="945"
                          CONTENT="sic."/>
                  <SP HEIGHT="48" WIDTH="14" VPOS="1859" HPOS="1057"/>
                  <String HEIGHT="48"
                          WIDTH="112"
                          VPOS="1859"
                          HPOS="1015"
                          CONTENT="illa"/>
                  <SP HEIGHT="48" WIDTH="14" VPOS="1859" HPOS="1127"/>
                  <String HEIGHT="48"
                          WIDTH="112"
                          VPOS="1859"
                          HPOS="1085"
                          CONTENT="sola"/>
                  <SP HEIGHT="48" WIDTH="14" VPOS="1859" HPOS="1197"/>
                  <String HEIGHT="48"
                          WIDTH="98"
                          VPOS="1859"
                          HPOS="1155"
                          CONTENT="est"/>
                  <SP HEIGHT="48" WIDTH="14" VPOS="1859" HPOS="1253"/>
                  <String HEIGHT="48"
                          WIDTH="126"
                          VPOS="1859"
                          HPOS="1211"
                          CONTENT="plena"/>
                  <SP HEIGHT="48" WIDTH="14" VPOS="1859" HPOS="1338"/>
                  <String HEIGHT="48" WIDTH="70" VPOS="1859" HPOS="1296" CONTENT="&amp;"/>
                  <SP HEIGHT="48" WIDTH="14" VPOS="1859" HPOS="1366"/>
                  <String HEIGHT="48"
                          WIDTH="168"
                          VPOS="1859"
                          HPOS="1324"
                          CONTENT="perfecta"/>
                  <SP HEIGHT="48" WIDTH="14" VPOS="1859" HPOS="1492"/>
                  <String HEIGHT="48"
                          WIDTH="182"
                          VPOS="1859"
                          HPOS="1450"
                          CONTENT="identitas"/>
                  <SP HEIGHT="48" WIDTH="14" VPOS="1859" HPOS="1632"/>
                  <String HEIGHT="48"
                          WIDTH="98"
                          VPOS="1859"
                          HPOS="1590"
                          CONTENT="qua"/>
                  <SP HEIGHT="48" WIDTH="14" VPOS="1859" HPOS="1688"/>
                  <String HEIGHT="48"
                          WIDTH="126"
                          VPOS="1859"
                          HPOS="1646"
                          CONTENT="nulla"/>
                  <SP HEIGHT="48" WIDTH="14" VPOS="1859" HPOS="1772"/>
                  <String HEIGHT="48"
                          WIDTH="112"
                          VPOS="1859"
                          HPOS="1730"
                          CONTENT="alia"/>
                  <SP HEIGHT="48" WIDTH="14" VPOS="1859" HPOS="1842"/>
                  <String HEIGHT="48"
                          WIDTH="98"
                          VPOS="1859"
                          HPOS="1800"
                          CONTENT="est"/>
                  <SP HEIGHT="48" WIDTH="14" VPOS="1859" HPOS="1898"/>
                  <String HEIGHT="48" WIDTH="56" VPOS="1859" HPOS="1842" CONTENT="ma"/>
               </TextLine>
               <TextLine ID="r1l42"
                         BASELINE="1952"
                         HEIGHT="47"
                         WIDTH="1217"
                         VPOS="1905"
                         HPOS="671">
                  <String HEIGHT="47"
                          WIDTH="116"
                          VPOS="1905"
                          HPOS="657"
                          CONTENT="ior."/>
                  <SP HEIGHT="47" WIDTH="14" VPOS="1905" HPOS="772"/>
                  <String HEIGHT="47"
                          WIDTH="101"
                          VPOS="1905"
                          HPOS="729"
                          CONTENT="sed"/>
                  <SP HEIGHT="47" WIDTH="14" VPOS="1905" HPOS="830"/>
                  <String HEIGHT="47"
                          WIDTH="130"
                          VPOS="1905"
                          HPOS="787"
                          CONTENT="maior"/>
                  <SP HEIGHT="47" WIDTH="14" VPOS="1905" HPOS="917"/>
                  <String HEIGHT="47"
                          WIDTH="101"
                          VPOS="1905"
                          HPOS="874"
                          CONTENT="est"/>
                  <SP HEIGHT="47" WIDTH="14" VPOS="1905" HPOS="975"/>
                  <String HEIGHT="47"
                          WIDTH="188"
                          VPOS="1905"
                          HPOS="932"
                          CONTENT="identitas"/>
                  <SP HEIGHT="47" WIDTH="14" VPOS="1905" HPOS="1120"/>
                  <String HEIGHT="47"
                          WIDTH="145"
                          VPOS="1905"
                          HPOS="1077"
                          CONTENT="patris"/>
                  <SP HEIGHT="47" WIDTH="14" VPOS="1905" HPOS="1222"/>
                  <String HEIGHT="47" WIDTH="87" VPOS="1905" HPOS="1178" CONTENT="ad"/>
                  <SP HEIGHT="47" WIDTH="14" VPOS="1905" HPOS="1265"/>
                  <String HEIGHT="47"
                          WIDTH="159"
                          VPOS="1905"
                          HPOS="1222"
                          CONTENT="seipsum"/>
                  <SP HEIGHT="47" WIDTH="14" VPOS="1905" HPOS="1381"/>
                  <String HEIGHT="47"
                          WIDTH="101"
                          VPOS="1905"
                          HPOS="1337"
                          CONTENT="vel"/>
                  <SP HEIGHT="47" WIDTH="14" VPOS="1905" HPOS="1439"/>
                  <String HEIGHT="47"
                          WIDTH="188"
                          VPOS="1905"
                          HPOS="1395"
                          CONTENT="essentiae"/>
                  <SP HEIGHT="47" WIDTH="14" VPOS="1905" HPOS="1584"/>
                  <String HEIGHT="47" WIDTH="87" VPOS="1905" HPOS="1540" CONTENT="ad"/>
                  <SP HEIGHT="47" WIDTH="14" VPOS="1905" HPOS="1627"/>
                  <String HEIGHT="47"
                          WIDTH="188"
                          VPOS="1905"
                          HPOS="1584"
                          CONTENT="essentiam"/>
                  <SP HEIGHT="47" WIDTH="14" VPOS="1905" HPOS="1772"/>
                  <String HEIGHT="47"
                          WIDTH="101"
                          VPOS="1905"
                          HPOS="1729"
                          CONTENT="vel"/>
                  <SP HEIGHT="47" WIDTH="14" VPOS="1905" HPOS="1830"/>
                  <String HEIGHT="47"
                          WIDTH="116"
                          VPOS="1905"
                          HPOS="1772"
                          CONTENT="vtrius"/>
               </TextLine>
               <TextLine ID="r1l44"
                         BASELINE="2012"
                         HEIGHT="62"
                         WIDTH="1220"
                         VPOS="1950"
                         HPOS="673">
                  <String HEIGHT="62"
                          WIDTH="107"
                          VPOS="1950"
                          HPOS="660"
                          CONTENT="quod"/>
                  <SP HEIGHT="62" WIDTH="13" VPOS="1950" HPOS="767"/>
                  <String HEIGHT="62"
                          WIDTH="121"
                          VPOS="1950"
                          HPOS="727"
                          CONTENT="inter"/>
                  <SP HEIGHT="62" WIDTH="13" VPOS="1950" HPOS="847"/>
                  <String HEIGHT="62" WIDTH="94" VPOS="1950" HPOS="807" CONTENT="se:"/>
                  <SP HEIGHT="62" WIDTH="13" VPOS="1950" HPOS="901"/>
                  <String HEIGHT="62"
                          WIDTH="107"
                          VPOS="1950"
                          HPOS="861"
                          CONTENT="quam"/>
                  <SP HEIGHT="62" WIDTH="13" VPOS="1950" HPOS="968"/>
                  <String HEIGHT="62" WIDTH="94" VPOS="1950" HPOS="928" CONTENT="sit"/>
                  <SP HEIGHT="62" WIDTH="13" VPOS="1950" HPOS="1022"/>
                  <String HEIGHT="62"
                          WIDTH="134"
                          VPOS="1950"
                          HPOS="981"
                          CONTENT="patris"/>
                  <SP HEIGHT="62" WIDTH="13" VPOS="1950" HPOS="1115"/>
                  <String HEIGHT="62" WIDTH="80" VPOS="1950" HPOS="1075" CONTENT="ad"/>
                  <SP HEIGHT="62" WIDTH="13" VPOS="1950" HPOS="1156"/>
                  <String HEIGHT="62"
                          WIDTH="147"
                          VPOS="1950"
                          HPOS="1115"
                          CONTENT="filium:"/>
                  <SP HEIGHT="62" WIDTH="13" VPOS="1950" HPOS="1263"/>
                  <String HEIGHT="62"
                          WIDTH="94"
                          VPOS="1950"
                          HPOS="1223"
                          CONTENT="tum"/>
                  <SP HEIGHT="62" WIDTH="13" VPOS="1950" HPOS="1317"/>
                  <String HEIGHT="62"
                          WIDTH="107"
                          VPOS="1950"
                          HPOS="1276"
                          CONTENT="quia"/>
                  <SP HEIGHT="62" WIDTH="13" VPOS="1950" HPOS="1384"/>
                  <String HEIGHT="62" WIDTH="80" VPOS="1950" HPOS="1343" CONTENT="ad"/>
                  <SP HEIGHT="62" WIDTH="13" VPOS="1950" HPOS="1424"/>
                  <String HEIGHT="62"
                          WIDTH="147"
                          VPOS="1950"
                          HPOS="1384"
                          CONTENT="seipsum"/>
                  <SP HEIGHT="62" WIDTH="13" VPOS="1950" HPOS="1531"/>
                  <String HEIGHT="62"
                          WIDTH="94"
                          VPOS="1950"
                          HPOS="1491"
                          CONTENT="est"/>
                  <SP HEIGHT="62" WIDTH="13" VPOS="1950" HPOS="1585"/>
                  <String HEIGHT="62"
                          WIDTH="174"
                          VPOS="1950"
                          HPOS="1544"
                          CONTENT="identitas"/>
                  <SP HEIGHT="62" WIDTH="13" VPOS="1950" HPOS="1719"/>
                  <String HEIGHT="62"
                          WIDTH="134"
                          VPOS="1950"
                          HPOS="1678"
                          CONTENT="absque"/>
                  <SP HEIGHT="62" WIDTH="13" VPOS="1950" HPOS="1813"/>
                  <String HEIGHT="62"
                          WIDTH="107"
                          VPOS="1950"
                          HPOS="1772"
                          CONTENT="omni"/>
                  <SP HEIGHT="62" WIDTH="13" VPOS="1950" HPOS="1880"/>
                  <String HEIGHT="62"
                          WIDTH="67"
                          VPOS="1950"
                          HPOS="1826"
                          CONTENT="dif"/>
               </TextLine>
               <TextLine ID="r1l46"
                         BASELINE="2043"
                         HEIGHT="47"
                         WIDTH="1231"
                         VPOS="1996"
                         HPOS="665">
                  <String HEIGHT="47"
                          WIDTH="189"
                          VPOS="1996"
                          HPOS="649"
                          CONTENT="ferentia"/>
                  <SP HEIGHT="47" WIDTH="16" VPOS="1996" HPOS="839"/>
                  <String HEIGHT="47"
                          WIDTH="142"
                          VPOS="1996"
                          HPOS="791"
                          CONTENT="reali"/>
                  <SP HEIGHT="47" WIDTH="16" VPOS="1996" HPOS="933"/>
                  <String HEIGHT="47"
                          WIDTH="221"
                          VPOS="1996"
                          HPOS="886"
                          CONTENT="relatorum:"/>
                  <SP HEIGHT="47" WIDTH="16" VPOS="1996" HPOS="1107"/>
                  <String HEIGHT="47" WIDTH="95" VPOS="1996" HPOS="1060" CONTENT="ad"/>
                  <SP HEIGHT="47" WIDTH="16" VPOS="1996" HPOS="1154"/>
                  <String HEIGHT="47"
                          WIDTH="158"
                          VPOS="1996"
                          HPOS="1107"
                          CONTENT="filium"/>
                  <SP HEIGHT="47" WIDTH="16" VPOS="1996" HPOS="1265"/>
                  <String HEIGHT="47"
                          WIDTH="142"
                          VPOS="1996"
                          HPOS="1217"
                          CONTENT="autem"/>
                  <SP HEIGHT="47" WIDTH="16" VPOS="1996" HPOS="1359"/>
                  <String HEIGHT="47"
                          WIDTH="110"
                          VPOS="1996"
                          HPOS="1312"
                          CONTENT="cum"/>
                  <SP HEIGHT="47" WIDTH="16" VPOS="1996" HPOS="1423"/>
                  <String HEIGHT="47"
                          WIDTH="110"
                          VPOS="1996"
                          HPOS="1375"
                          CONTENT="hoc"/>
                  <SP HEIGHT="47" WIDTH="16" VPOS="1996" HPOS="1486"/>
                  <String HEIGHT="47"
                          WIDTH="126"
                          VPOS="1996"
                          HPOS="1438"
                          CONTENT="quod"/>
                  <SP HEIGHT="47" WIDTH="16" VPOS="1996" HPOS="1565"/>
                  <String HEIGHT="47"
                          WIDTH="110"
                          VPOS="1996"
                          HPOS="1517"
                          CONTENT="est"/>
                  <SP HEIGHT="47" WIDTH="16" VPOS="1996" HPOS="1628"/>
                  <String HEIGHT="47"
                          WIDTH="205"
                          VPOS="1996"
                          HPOS="1580"
                          CONTENT="identitas"/>
                  <SP HEIGHT="47" WIDTH="16" VPOS="1996" HPOS="1786"/>
                  <String HEIGHT="47"
                          WIDTH="174"
                          VPOS="1996"
                          HPOS="1722"
                          CONTENT="relatorum"/>
               </TextLine>
               <TextLine ID="line_1589678814047_418"
                         BASELINE="2088"
                         HEIGHT="51"
                         WIDTH="1231"
                         VPOS="2037"
                         HPOS="656">
                  <String HEIGHT="51" WIDTH="83" VPOS="2037" HPOS="642" CONTENT="in"/>
                  <SP HEIGHT="51" WIDTH="14" VPOS="2037" HPOS="725"/>
                  <String HEIGHT="51"
                          WIDTH="207"
                          VPOS="2037"
                          HPOS="684"
                          CONTENT="substantia,"/>
                  <SP HEIGHT="51" WIDTH="14" VPOS="2037" HPOS="891"/>
                  <String HEIGHT="51" WIDTH="97" VPOS="2037" HPOS="850" CONTENT="est"/>
                  <SP HEIGHT="51" WIDTH="14" VPOS="2037" HPOS="946"/>
                  <String HEIGHT="51" WIDTH="69" VPOS="2037" HPOS="905" CONTENT="&amp;"/>
                  <SP HEIGHT="51" WIDTH="14" VPOS="2037" HPOS="974"/>
                  <String HEIGHT="51"
                          WIDTH="138"
                          VPOS="2037"
                          HPOS="933"
                          CONTENT="aliqua"/>
                  <SP HEIGHT="51" WIDTH="14" VPOS="2037" HPOS="1071"/>
                  <String HEIGHT="51"
                          WIDTH="207"
                          VPOS="2037"
                          HPOS="1029"
                          CONTENT="differentia"/>
                  <SP HEIGHT="51" WIDTH="14" VPOS="2037" HPOS="1237"/>
                  <String HEIGHT="51"
                          WIDTH="152"
                          VPOS="2037"
                          HPOS="1195"
                          CONTENT="illorum"/>
                  <SP HEIGHT="51" WIDTH="14" VPOS="2037" HPOS="1348"/>
                  <String HEIGHT="51" WIDTH="83" VPOS="2037" HPOS="1306" CONTENT="in"/>
                  <SP HEIGHT="51" WIDTH="14" VPOS="2037" HPOS="1389"/>
                  <String HEIGHT="51"
                          WIDTH="249"
                          VPOS="2037"
                          HPOS="1348"
                          CONTENT="proprietatibus"/>
                  <SP HEIGHT="51" WIDTH="14" VPOS="2037" HPOS="1597"/>
                  <String HEIGHT="51"
                          WIDTH="180"
                          VPOS="2037"
                          HPOS="1555"
                          CONTENT="relatiuis"/>
                  <SP HEIGHT="51" WIDTH="14" VPOS="2037" HPOS="1735"/>
                  <String HEIGHT="51"
                          WIDTH="180"
                          VPOS="2037"
                          HPOS="1693"
                          CONTENT="realibus:"/>
                  <SP HEIGHT="51" WIDTH="14" VPOS="2037" HPOS="1873"/>
                  <String HEIGHT="51"
                          WIDTH="69"
                          VPOS="2037"
                          HPOS="1818"
                          CONTENT="tum"/>
               </TextLine>
               <TextLine ID="line_1589678819025_424"
                         BASELINE="2149"
                         HEIGHT="59"
                         WIDTH="1231"
                         VPOS="2090"
                         HPOS="661">
                  <String HEIGHT="59"
                          WIDTH="115"
                          VPOS="2090"
                          HPOS="647"
                          CONTENT="quia"/>
                  <SP HEIGHT="59" WIDTH="14" VPOS="2090" HPOS="761"/>
                  <String HEIGHT="59" WIDTH="86" VPOS="2090" HPOS="718" CONTENT="ad"/>
                  <SP HEIGHT="59" WIDTH="14" VPOS="2090" HPOS="804"/>
                  <String HEIGHT="59"
                          WIDTH="157"
                          VPOS="2090"
                          HPOS="761"
                          CONTENT="seipsum"/>
                  <SP HEIGHT="59" WIDTH="14" VPOS="2090" HPOS="919"/>
                  <String HEIGHT="59"
                          WIDTH="100"
                          VPOS="2090"
                          HPOS="876"
                          CONTENT="est"/>
                  <SP HEIGHT="59" WIDTH="14" VPOS="2090" HPOS="976"/>
                  <String HEIGHT="59"
                          WIDTH="186"
                          VPOS="2090"
                          HPOS="933"
                          CONTENT="identitas"/>
                  <SP HEIGHT="59" WIDTH="14" VPOS="2090" HPOS="1119"/>
                  <String HEIGHT="59"
                          WIDTH="172"
                          VPOS="2090"
                          HPOS="1076"
                          CONTENT="secundum"/>
                  <SP HEIGHT="59" WIDTH="14" VPOS="2090" HPOS="1248"/>
                  <String HEIGHT="59"
                          WIDTH="129"
                          VPOS="2090"
                          HPOS="1205"
                          CONTENT="totum"/>
                  <SP HEIGHT="59" WIDTH="14" VPOS="2090" HPOS="1334"/>
                  <String HEIGHT="59"
                          WIDTH="115"
                          VPOS="2090"
                          HPOS="1291"
                          CONTENT="quod"/>
                  <SP HEIGHT="59" WIDTH="14" VPOS="2090" HPOS="1405"/>
                  <String HEIGHT="59"
                          WIDTH="100"
                          VPOS="2090"
                          HPOS="1362"
                          CONTENT="est"/>
                  <SP HEIGHT="59" WIDTH="14" VPOS="2090" HPOS="1463"/>
                  <String HEIGHT="59"
                          WIDTH="172"
                          VPOS="2090"
                          HPOS="1420"
                          CONTENT="vtrunque"/>
                  <SP HEIGHT="59" WIDTH="14" VPOS="2090" HPOS="1591"/>
                  <String HEIGHT="59"
                          WIDTH="200"
                          VPOS="2090"
                          HPOS="1548"
                          CONTENT="relatorum:"/>
                  <SP HEIGHT="59" WIDTH="14" VPOS="2090" HPOS="1749"/>
                  <String HEIGHT="59"
                          WIDTH="157"
                          VPOS="2090"
                          HPOS="1706"
                          CONTENT="relatio"/>
                  <SP HEIGHT="59" WIDTH="14" VPOS="2090" HPOS="1863"/>
                  <String HEIGHT="59"
                          WIDTH="100"
                          VPOS="2090"
                          HPOS="1820"
                          CONTENT="au-"/>
                  <SP HEIGHT="59" WIDTH="14" VPOS="2090" HPOS="1921"/>
                  <String HEIGHT="59" WIDTH="29" VPOS="2090" HPOS="1863" CONTENT=""/>
               </TextLine>
               <TextLine ID="r1l50"
                         BASELINE="2194"
                         HEIGHT="63"
                         WIDTH="1487"
                         VPOS="2131"
                         HPOS="398">
                  <String HEIGHT="63"
                          WIDTH="102"
                          VPOS="2131"
                          HPOS="383"
                          CONTENT="tem"/>
                  <SP HEIGHT="63" WIDTH="15" VPOS="2131" HPOS="485"/>
                  <String HEIGHT="63"
                          WIDTH="146"
                          VPOS="2131"
                          HPOS="442"
                          CONTENT="patris"/>
                  <SP HEIGHT="63" WIDTH="15" VPOS="2131" HPOS="588"/>
                  <String HEIGHT="63" WIDTH="87" VPOS="2131" HPOS="544" CONTENT="ad"/>
                  <SP HEIGHT="63" WIDTH="15" VPOS="2131" HPOS="631"/>
                  <String HEIGHT="63"
                          WIDTH="146"
                          VPOS="2131"
                          HPOS="588"
                          CONTENT="filium"/>
                  <SP HEIGHT="63" WIDTH="15" VPOS="2131" HPOS="733"/>
                  <String HEIGHT="63"
                          WIDTH="102"
                          VPOS="2131"
                          HPOS="690"
                          CONTENT="est"/>
                  <SP HEIGHT="63" WIDTH="15" VPOS="2131" HPOS="792"/>
                  <String HEIGHT="63"
                          WIDTH="190"
                          VPOS="2131"
                          HPOS="748"
                          CONTENT="identitas"/>
                  <SP HEIGHT="63" WIDTH="15" VPOS="2131" HPOS="937"/>
                  <String HEIGHT="63"
                          WIDTH="175"
                          VPOS="2131"
                          HPOS="894"
                          CONTENT="secundum"/>
                  <SP HEIGHT="63" WIDTH="15" VPOS="2131" HPOS="1069"/>
                  <String HEIGHT="63"
                          WIDTH="160"
                          VPOS="2131"
                          HPOS="1025"
                          CONTENT="aliquid"/>
                  <SP HEIGHT="63" WIDTH="15" VPOS="2131" HPOS="1185"/>
                  <String HEIGHT="63"
                          WIDTH="131"
                          VPOS="2131"
                          HPOS="1142"
                          CONTENT="eius."/>
                  <SP HEIGHT="63" WIDTH="15" VPOS="2131" HPOS="1273"/>
                  <String HEIGHT="63"
                          WIDTH="131"
                          VPOS="2131"
                          HPOS="1229"
                          CONTENT="Maior"/>
                  <SP HEIGHT="63" WIDTH="15" VPOS="2131" HPOS="1360"/>
                  <String HEIGHT="63"
                          WIDTH="131"
                          VPOS="2131"
                          HPOS="1316"
                          CONTENT="autem"/>
                  <SP HEIGHT="63" WIDTH="15" VPOS="2131" HPOS="1448"/>
                  <String HEIGHT="63"
                          WIDTH="102"
                          VPOS="2131"
                          HPOS="1404"
                          CONTENT="est"/>
                  <SP HEIGHT="63" WIDTH="15" VPOS="2131" HPOS="1506"/>
                  <String HEIGHT="63"
                          WIDTH="190"
                          VPOS="2131"
                          HPOS="1462"
                          CONTENT="identitas"/>
                  <SP HEIGHT="63" WIDTH="15" VPOS="2131" HPOS="1652"/>
                  <String HEIGHT="63"
                          WIDTH="117"
                          VPOS="2131"
                          HPOS="1608"
                          CONTENT="quae"/>
                  <SP HEIGHT="63" WIDTH="15" VPOS="2131" HPOS="1725"/>
                  <String HEIGHT="63"
                          WIDTH="102"
                          VPOS="2131"
                          HPOS="1681"
                          CONTENT="est"/>
                  <SP HEIGHT="63" WIDTH="15" VPOS="2131" HPOS="1783"/>
                  <String HEIGHT="63"
                          WIDTH="175"
                          VPOS="2131"
                          HPOS="1739"
                          CONTENT="secundum"/>
                  <SP HEIGHT="63" WIDTH="15" VPOS="2131" HPOS="1914"/>
                  <String HEIGHT="63" WIDTH="29" VPOS="2131" HPOS="1856" CONTENT=""/>
               </TextLine>
               <TextLine ID="r1l51"
                         BASELINE="2229"
                         HEIGHT="50"
                         WIDTH="1498"
                         VPOS="2179"
                         HPOS="398">
                  <String HEIGHT="50"
                          WIDTH="141"
                          VPOS="2179"
                          HPOS="384"
                          CONTENT="totum:"/>
                  <SP HEIGHT="50" WIDTH="14" VPOS="2179" HPOS="525"/>
                  <String HEIGHT="50"
                          WIDTH="113"
                          VPOS="2179"
                          HPOS="483"
                          CONTENT="quam"/>
                  <SP HEIGHT="50" WIDTH="14" VPOS="2179" HPOS="596"/>
                  <String HEIGHT="50"
                          WIDTH="113"
                          VPOS="2179"
                          HPOS="553"
                          CONTENT="quae"/>
                  <SP HEIGHT="50" WIDTH="14" VPOS="2179" HPOS="667"/>
                  <String HEIGHT="50" WIDTH="99" VPOS="2179" HPOS="624" CONTENT="est"/>
                  <SP HEIGHT="50" WIDTH="14" VPOS="2179" HPOS="723"/>
                  <String HEIGHT="50"
                          WIDTH="170"
                          VPOS="2179"
                          HPOS="681"
                          CONTENT="secundum"/>
                  <SP HEIGHT="50" WIDTH="14" VPOS="2179" HPOS="850"/>
                  <String HEIGHT="50"
                          WIDTH="155"
                          VPOS="2179"
                          HPOS="808"
                          CONTENT="aliquid"/>
                  <SP HEIGHT="50" WIDTH="14" VPOS="2179" HPOS="963"/>
                  <String HEIGHT="50"
                          WIDTH="113"
                          VPOS="2179"
                          HPOS="921"
                          CONTENT="sui."/>
                  <SP HEIGHT="50" WIDTH="14" VPOS="2179" HPOS="1034"/>
                  <String HEIGHT="50"
                          WIDTH="113"
                          VPOS="2179"
                          HPOS="992"
                          CONTENT="ergo"/>
                  <SP HEIGHT="50" WIDTH="14" VPOS="2179" HPOS="1105"/>
                  <String HEIGHT="50"
                          WIDTH="99"
                          VPOS="2179"
                          HPOS="1062"
                          CONTENT="&amp;c."/>
                  <SP HEIGHT="50" WIDTH="14" VPOS="2179" HPOS="1161"/>
                  <String HEIGHT="50" WIDTH="71" VPOS="2179" HPOS="1119" CONTENT=""/>
                  <SP HEIGHT="50" WIDTH="14" VPOS="2179" HPOS="1189"/>
                  <String HEIGHT="50"
                          WIDTH="155"
                          VPOS="2179"
                          HPOS="1147"
                          CONTENT="Secundo"/>
                  <SP HEIGHT="50" WIDTH="14" VPOS="2179" HPOS="1302"/>
                  <String HEIGHT="50"
                          WIDTH="113"
                          VPOS="2179"
                          HPOS="1260"
                          CONTENT="sic."/>
                  <SP HEIGHT="50" WIDTH="14" VPOS="2179" HPOS="1373"/>
                  <String HEIGHT="50"
                          WIDTH="141"
                          VPOS="2179"
                          HPOS="1331"
                          CONTENT="quorum"/>
                  <SP HEIGHT="50" WIDTH="14" VPOS="2179" HPOS="1472"/>
                  <String HEIGHT="50"
                          WIDTH="99"
                          VPOS="2179"
                          HPOS="1430"
                          CONTENT="est"/>
                  <SP HEIGHT="50" WIDTH="14" VPOS="2179" HPOS="1529"/>
                  <String HEIGHT="50"
                          WIDTH="127"
                          VPOS="2179"
                          HPOS="1486"
                          CONTENT="plena"/>
                  <SP HEIGHT="50" WIDTH="14" VPOS="2179" HPOS="1613"/>
                  <String HEIGHT="50" WIDTH="71" VPOS="2179" HPOS="1571" CONTENT="&amp;"/>
                  <SP HEIGHT="50" WIDTH="14" VPOS="2179" HPOS="1642"/>
                  <String HEIGHT="50"
                          WIDTH="170"
                          VPOS="2179"
                          HPOS="1599"
                          CONTENT="perfecta"/>
                  <SP HEIGHT="50" WIDTH="14" VPOS="2179" HPOS="1769"/>
                  <String HEIGHT="50"
                          WIDTH="198"
                          VPOS="2179"
                          HPOS="1726"
                          CONTENT="identitas:"/>
                  <SP HEIGHT="50" WIDTH="14" VPOS="2179" HPOS="1924"/>
                  <String HEIGHT="50" WIDTH="28" VPOS="2179" HPOS="1868" CONTENT=""/>
               </TextLine>
               <TextLine ID="r1l52"
                         BASELINE="2280"
                         HEIGHT="55"
                         WIDTH="1489"
                         VPOS="2225"
                         HPOS="404">
                  <String HEIGHT="55"
                          WIDTH="113"
                          VPOS="2225"
                          HPOS="390"
                          CONTENT="vnum"/>
                  <SP HEIGHT="55" WIDTH="14" VPOS="2225" HPOS="503"/>
                  <String HEIGHT="55"
                          WIDTH="128"
                          VPOS="2225"
                          HPOS="461"
                          CONTENT="eorum"/>
                  <SP HEIGHT="55" WIDTH="14" VPOS="2225" HPOS="588"/>
                  <String HEIGHT="55" WIDTH="85" VPOS="2225" HPOS="546" CONTENT="de"/>
                  <SP HEIGHT="55" WIDTH="14" VPOS="2225" HPOS="631"/>
                  <String HEIGHT="55"
                          WIDTH="142"
                          VPOS="2225"
                          HPOS="588"
                          CONTENT="altero"/>
                  <SP HEIGHT="55" WIDTH="14" VPOS="2225" HPOS="730"/>
                  <String HEIGHT="55"
                          WIDTH="113"
                          VPOS="2225"
                          HPOS="688"
                          CONTENT="vere"/>
                  <SP HEIGHT="55" WIDTH="14" VPOS="2225" HPOS="801"/>
                  <String HEIGHT="55"
                          WIDTH="227"
                          VPOS="2225"
                          HPOS="759"
                          CONTENT="praedicatur:"/>
                  <SP HEIGHT="55" WIDTH="14" VPOS="2225" HPOS="985"/>
                  <String HEIGHT="55"
                          WIDTH="113"
                          VPOS="2225"
                          HPOS="943"
                          CONTENT="quia"/>
                  <SP HEIGHT="55" WIDTH="14" VPOS="2225" HPOS="1056"/>
                  <String HEIGHT="55"
                          WIDTH="170"
                          VPOS="2225"
                          HPOS="1014"
                          CONTENT="secundum"/>
                  <SP HEIGHT="55" WIDTH="14" VPOS="2225" HPOS="1184"/>
                  <String HEIGHT="55"
                          WIDTH="142"
                          VPOS="2225"
                          HPOS="1141"
                          CONTENT="Boeth."/>
                  <SP HEIGHT="55" WIDTH="14" VPOS="2225" HPOS="1283"/>
                  <String HEIGHT="55"
                          WIDTH="128"
                          VPOS="2225"
                          HPOS="1241"
                          CONTENT="nulla"/>
                  <SP HEIGHT="55" WIDTH="14" VPOS="2225" HPOS="1368"/>
                  <String HEIGHT="55"
                          WIDTH="199"
                          VPOS="2225"
                          HPOS="1326"
                          CONTENT="propositio"/>
                  <SP HEIGHT="55" WIDTH="14" VPOS="2225" HPOS="1524"/>
                  <String HEIGHT="55"
                          WIDTH="142"
                          VPOS="2225"
                          HPOS="1482"
                          CONTENT="verior"/>
                  <SP HEIGHT="55" WIDTH="14" VPOS="2225" HPOS="1624"/>
                  <String HEIGHT="55"
                          WIDTH="99"
                          VPOS="2225"
                          HPOS="1581"
                          CONTENT="est"/>
                  <SP HEIGHT="55" WIDTH="14" VPOS="2225" HPOS="1680"/>
                  <String HEIGHT="55"
                          WIDTH="113"
                          VPOS="2225"
                          HPOS="1638"
                          CONTENT="illa"/>
                  <SP HEIGHT="55" WIDTH="14" VPOS="2225" HPOS="1751"/>
                  <String HEIGHT="55" WIDTH="85" VPOS="2225" HPOS="1709" CONTENT="in"/>
                  <SP HEIGHT="55" WIDTH="14" VPOS="2225" HPOS="1794"/>
                  <String HEIGHT="55"
                          WIDTH="113"
                          VPOS="2225"
                          HPOS="1751"
                          CONTENT="quae"/>
                  <SP HEIGHT="55" WIDTH="14" VPOS="2225" HPOS="1865"/>
                  <String HEIGHT="55"
                          WIDTH="85"
                          VPOS="2225"
                          HPOS="1808"
                          CONTENT="idem"/>
               </TextLine>
               <TextLine ID="r1l53"
                         BASELINE="2335"
                         HEIGHT="62"
                         WIDTH="1473"
                         VPOS="2273"
                         HPOS="409">
                  <String HEIGHT="62"
                          WIDTH="187"
                          VPOS="2273"
                          HPOS="397"
                          CONTENT="praedicatur"/>
                  <SP HEIGHT="62" WIDTH="12" VPOS="2273" HPOS="584"/>
                  <String HEIGHT="62" WIDTH="75" VPOS="2273" HPOS="546" CONTENT="de"/>
                  <SP HEIGHT="62" WIDTH="12" VPOS="2273" HPOS="621"/>
                  <String HEIGHT="62" WIDTH="87" VPOS="2273" HPOS="584" CONTENT="se."/>
                  <SP HEIGHT="62" WIDTH="12" VPOS="2273" HPOS="671"/>
                  <String HEIGHT="62" WIDTH="87" VPOS="2273" HPOS="634" CONTENT="sed"/>
                  <SP HEIGHT="62" WIDTH="12" VPOS="2273" HPOS="721"/>
                  <String HEIGHT="62"
                          WIDTH="112"
                          VPOS="2273"
                          HPOS="684"
                          CONTENT="pater"/>
                  <SP HEIGHT="62" WIDTH="12" VPOS="2273" HPOS="796"/>
                  <String HEIGHT="62" WIDTH="87" VPOS="2273" HPOS="759" CONTENT="non"/>
                  <SP HEIGHT="62" WIDTH="12" VPOS="2273" HPOS="846"/>
                  <String HEIGHT="62"
                          WIDTH="100"
                          VPOS="2273"
                          HPOS="808"
                          CONTENT="vere"/>
                  <SP HEIGHT="62" WIDTH="12" VPOS="2273" HPOS="908"/>
                  <String HEIGHT="62"
                          WIDTH="187"
                          VPOS="2273"
                          HPOS="871"
                          CONTENT="praedicatur"/>
                  <SP HEIGHT="62" WIDTH="12" VPOS="2273" HPOS="1058"/>
                  <String HEIGHT="62" WIDTH="75" VPOS="2273" HPOS="1021" CONTENT="de"/>
                  <SP HEIGHT="62" WIDTH="12" VPOS="2273" HPOS="1096"/>
                  <String HEIGHT="62"
                          WIDTH="125"
                          VPOS="2273"
                          HPOS="1058"
                          CONTENT="filio:"/>
                  <SP HEIGHT="62" WIDTH="12" VPOS="2273" HPOS="1183"/>
                  <String HEIGHT="62"
                          WIDTH="87"
                          VPOS="2273"
                          HPOS="1146"
                          CONTENT="nec"/>
                  <SP HEIGHT="62" WIDTH="12" VPOS="2273" HPOS="1233"/>
                  <String HEIGHT="62"
                          WIDTH="175"
                          VPOS="2273"
                          HPOS="1195"
                          CONTENT="econverso."/>
                  <SP HEIGHT="62" WIDTH="12" VPOS="2273" HPOS="1370"/>
                  <String HEIGHT="62"
                          WIDTH="87"
                          VPOS="2273"
                          HPOS="1333"
                          CONTENT="Non"/>
                  <SP HEIGHT="62" WIDTH="12" VPOS="2273" HPOS="1420"/>
                  <String HEIGHT="62"
                          WIDTH="100"
                          VPOS="2273"
                          HPOS="1383"
                          CONTENT="enim"/>
                  <SP HEIGHT="62" WIDTH="12" VPOS="2273" HPOS="1483"/>
                  <String HEIGHT="62"
                          WIDTH="100"
                          VPOS="2273"
                          HPOS="1445"
                          CONTENT="vere"/>
                  <SP HEIGHT="62" WIDTH="12" VPOS="2273" HPOS="1545"/>
                  <String HEIGHT="62"
                          WIDTH="137"
                          VPOS="2273"
                          HPOS="1508"
                          CONTENT="dicitur"/>
                  <SP HEIGHT="62" WIDTH="12" VPOS="2273" HPOS="1645"/>
                  <String HEIGHT="62"
                          WIDTH="100"
                          VPOS="2273"
                          HPOS="1607"
                          CONTENT="quod"/>
                  <SP HEIGHT="62" WIDTH="12" VPOS="2273" HPOS="1707"/>
                  <String HEIGHT="62"
                          WIDTH="112"
                          VPOS="2273"
                          HPOS="1670"
                          CONTENT="pater"/>
                  <SP HEIGHT="62" WIDTH="12" VPOS="2273" HPOS="1782"/>
                  <String HEIGHT="62"
                          WIDTH="87"
                          VPOS="2273"
                          HPOS="1745"
                          CONTENT="est"/>
                  <SP HEIGHT="62" WIDTH="12" VPOS="2273" HPOS="1832"/>
                  <String HEIGHT="62"
                          WIDTH="100"
                          VPOS="2273"
                          HPOS="1782"
                          CONTENT="filius"/>
               </TextLine>
               <TextLine ID="r1l54"
                         BASELINE="2374"
                         HEIGHT="61"
                         WIDTH="1486"
                         VPOS="2313"
                         HPOS="401">
                  <String HEIGHT="61"
                          WIDTH="100"
                          VPOS="2313"
                          HPOS="387"
                          CONTENT="aut"/>
                  <SP HEIGHT="61" WIDTH="14" VPOS="2313" HPOS="487"/>
                  <String HEIGHT="61"
                          WIDTH="200"
                          VPOS="2313"
                          HPOS="444"
                          CONTENT="econuerso."/>
                  <SP HEIGHT="61" WIDTH="14" VPOS="2313" HPOS="644"/>
                  <String HEIGHT="61"
                          WIDTH="114"
                          VPOS="2313"
                          HPOS="601"
                          CONTENT="ergo"/>
                  <SP HEIGHT="61" WIDTH="14" VPOS="2313" HPOS="715"/>
                  <String HEIGHT="61"
                          WIDTH="100"
                          VPOS="2313"
                          HPOS="672"
                          CONTENT="&amp;c."/>
                  <SP HEIGHT="61" WIDTH="14" VPOS="2313" HPOS="772"/>
                  <String HEIGHT="61" WIDTH="71" VPOS="2313" HPOS="730" CONTENT=""/>
                  <SP HEIGHT="61" WIDTH="14" VPOS="2313" HPOS="801"/>
                  <String HEIGHT="61"
                          WIDTH="157"
                          VPOS="2313"
                          HPOS="758"
                          CONTENT="Contra."/>
                  <SP HEIGHT="61" WIDTH="14" VPOS="2313" HPOS="915"/>
                  <String HEIGHT="61"
                          WIDTH="129"
                          VPOS="2313"
                          HPOS="873"
                          CONTENT="tanta"/>
                  <SP HEIGHT="61" WIDTH="14" VPOS="2313" HPOS="1001"/>
                  <String HEIGHT="61"
                          WIDTH="100"
                          VPOS="2313"
                          HPOS="958"
                          CONTENT="est"/>
                  <SP HEIGHT="61" WIDTH="14" VPOS="2313" HPOS="1058"/>
                  <String HEIGHT="61"
                          WIDTH="186"
                          VPOS="2313"
                          HPOS="1015"
                          CONTENT="identitas"/>
                  <SP HEIGHT="61" WIDTH="14" VPOS="2313" HPOS="1201"/>
                  <String HEIGHT="61"
                          WIDTH="143"
                          VPOS="2313"
                          HPOS="1158"
                          CONTENT="patris"/>
                  <SP HEIGHT="61" WIDTH="14" VPOS="2313" HPOS="1301"/>
                  <String HEIGHT="61" WIDTH="71" VPOS="2313" HPOS="1258" CONTENT="&amp;"/>
                  <SP HEIGHT="61" WIDTH="14" VPOS="2313" HPOS="1330"/>
                  <String HEIGHT="61"
                          WIDTH="143"
                          VPOS="2313"
                          HPOS="1287"
                          CONTENT="filii:"/>
                  <SP HEIGHT="61" WIDTH="14" VPOS="2313" HPOS="1430"/>
                  <String HEIGHT="61"
                          WIDTH="143"
                          VPOS="2313"
                          HPOS="1387"
                          CONTENT="quanta"/>
                  <SP HEIGHT="61" WIDTH="14" VPOS="2313" HPOS="1530"/>
                  <String HEIGHT="61"
                          WIDTH="100"
                          VPOS="2313"
                          HPOS="1487"
                          CONTENT="est"/>
                  <SP HEIGHT="61" WIDTH="14" VPOS="2313" HPOS="1587"/>
                  <String HEIGHT="61"
                          WIDTH="143"
                          VPOS="2313"
                          HPOS="1544"
                          CONTENT="vnitas"/>
                  <SP HEIGHT="61" WIDTH="14" VPOS="2313" HPOS="1687"/>
                  <String HEIGHT="61"
                          WIDTH="214"
                          VPOS="2313"
                          HPOS="1644"
                          CONTENT="substantiae"/>
                  <SP HEIGHT="61" WIDTH="14" VPOS="2313" HPOS="1858"/>
                  <String HEIGHT="61"
                          WIDTH="86"
                          VPOS="2313"
                          HPOS="1801"
                          CONTENT="eius"/>
               </TextLine>
               <TextLine ID="r1l56"
                         BASELINE="2433"
                         HEIGHT="70"
                         WIDTH="1471"
                         VPOS="2363"
                         HPOS="413">
                  <String HEIGHT="70"
                          WIDTH="100"
                          VPOS="2363"
                          HPOS="399"
                          CONTENT="cum"/>
                  <SP HEIGHT="70" WIDTH="14" VPOS="2363" HPOS="499"/>
                  <String HEIGHT="70"
                          WIDTH="129"
                          VPOS="2363"
                          HPOS="456"
                          CONTENT="filio"/>
                  <SP HEIGHT="70" WIDTH="14" VPOS="2363" HPOS="584"/>
                  <String HEIGHT="70"
                          WIDTH="186"
                          VPOS="2363"
                          HPOS="542"
                          CONTENT="communis,"/>
                  <SP HEIGHT="70" WIDTH="14" VPOS="2363" HPOS="727"/>
                  <String HEIGHT="70"
                          WIDTH="171"
                          VPOS="2363"
                          HPOS="684"
                          CONTENT="secundum"/>
                  <SP HEIGHT="70" WIDTH="14" VPOS="2363" HPOS="856"/>
                  <String HEIGHT="70"
                          WIDTH="114"
                          VPOS="2363"
                          HPOS="813"
                          CONTENT="quam"/>
                  <SP HEIGHT="70" WIDTH="14" VPOS="2363" HPOS="927"/>
                  <String HEIGHT="70"
                          WIDTH="114"
                          VPOS="2363"
                          HPOS="884"
                          CONTENT="sunt"/>
                  <SP HEIGHT="70" WIDTH="14" VPOS="2363" HPOS="999"/>
                  <String HEIGHT="70"
                          WIDTH="129"
                          VPOS="2363"
                          HPOS="956"
                          CONTENT="idem."/>
                  <SP HEIGHT="70" WIDTH="14" VPOS="2363" HPOS="1084"/>
                  <String HEIGHT="70"
                          WIDTH="100"
                          VPOS="2363"
                          HPOS="1041"
                          CONTENT="sed"/>
                  <SP HEIGHT="70" WIDTH="14" VPOS="2363" HPOS="1141"/>
                  <String HEIGHT="70"
                          WIDTH="129"
                          VPOS="2363"
                          HPOS="1099"
                          CONTENT="plena"/>
                  <SP HEIGHT="70" WIDTH="14" VPOS="2363" HPOS="1227"/>
                  <String HEIGHT="70" WIDTH="71" VPOS="2363" HPOS="1184" CONTENT="&amp;"/>
                  <SP HEIGHT="70" WIDTH="14" VPOS="2363" HPOS="1256"/>
                  <String HEIGHT="70"
                          WIDTH="129"
                          VPOS="2363"
                          HPOS="1213"
                          CONTENT="summa"/>
                  <SP HEIGHT="70" WIDTH="14" VPOS="2363" HPOS="1341"/>
                  <String HEIGHT="70"
                          WIDTH="100"
                          VPOS="2363"
                          HPOS="1298"
                          CONTENT="est"/>
                  <SP HEIGHT="70" WIDTH="14" VPOS="2363" HPOS="1398"/>
                  <String HEIGHT="70"
                          WIDTH="143"
                          VPOS="2363"
                          HPOS="1356"
                          CONTENT="vnitas"/>
                  <SP HEIGHT="70" WIDTH="14" VPOS="2363" HPOS="1498"/>
                  <String HEIGHT="70"
                          WIDTH="214"
                          VPOS="2363"
                          HPOS="1456"
                          CONTENT="substantiae"/>
                  <SP HEIGHT="70" WIDTH="14" VPOS="2363" HPOS="1670"/>
                  <String HEIGHT="70"
                          WIDTH="171"
                          VPOS="2363"
                          HPOS="1627"
                          CONTENT="secundum"/>
                  <SP HEIGHT="70" WIDTH="14" VPOS="2363" HPOS="1798"/>
                  <String HEIGHT="70"
                          WIDTH="114"
                          VPOS="2363"
                          HPOS="1755"
                          CONTENT="quam"/>
                  <SP HEIGHT="70" WIDTH="14" VPOS="2363" HPOS="1870"/>
                  <String HEIGHT="70"
                          WIDTH="71"
                          VPOS="2363"
                          HPOS="1813"
                          CONTENT="pa"
                          SUBS_TYPE="HypPart1"
                          SUBS_CONTENT="pater"/>
                  <HYP CONTENT="-"/>
               </TextLine>
               <TextLine ID="r1l57"
                         BASELINE="2475"
                         HEIGHT="60"
                         WIDTH="597"
                         VPOS="2415"
                         HPOS="401">
                  <String HEIGHT="60"
                          WIDTH="104"
                          VPOS="2415"
                          HPOS="386"
                          CONTENT="ter"
                          SUBS_TYPE="HypPart2"
                          SUBS_CONTENT="pater"/>
                  <SP HEIGHT="60" WIDTH="15" VPOS="2415" HPOS="491"/>
                  <String HEIGHT="60"
                          WIDTH="104"
                          VPOS="2415"
                          HPOS="446"
                          CONTENT="est"/>
                  <SP HEIGHT="60" WIDTH="15" VPOS="2415" HPOS="550"/>
                  <String HEIGHT="60"
                          WIDTH="119"
                          VPOS="2415"
                          HPOS="505"
                          CONTENT="idem"/>
                  <SP HEIGHT="60" WIDTH="15" VPOS="2415" HPOS="625"/>
                  <String HEIGHT="60"
                          WIDTH="134"
                          VPOS="2415"
                          HPOS="580"
                          CONTENT="filio"/>
                  <SP HEIGHT="60" WIDTH="15" VPOS="2415" HPOS="714"/>
                  <String HEIGHT="60" WIDTH="75" VPOS="2415" HPOS="670" CONTENT="&amp;"/>
                  <SP HEIGHT="60" WIDTH="15" VPOS="2415" HPOS="744"/>
                  <String HEIGHT="60"
                          WIDTH="209"
                          VPOS="2415"
                          HPOS="700"
                          CONTENT="econuerso."/>
                  <SP HEIGHT="60" WIDTH="15" VPOS="2415" HPOS="908"/>
                  <String HEIGHT="60"
                          WIDTH="119"
                          VPOS="2415"
                          HPOS="864"
                          CONTENT="ergo"/>
                  <SP HEIGHT="60" WIDTH="15" VPOS="2415" HPOS="983"/>
                  <String HEIGHT="60" WIDTH="75" VPOS="2415" HPOS="923" CONTENT="&amp;c."/>
               </TextLine>
               <TextLine ID="r1l58"
                         BASELINE="2526"
                         HEIGHT="86"
                         WIDTH="1496"
                         VPOS="2440"
                         HPOS="403">
                  <String HEIGHT="86" WIDTH="91" VPOS="2440" HPOS="385" CONTENT=""/>
                  <SP HEIGHT="86" WIDTH="18" VPOS="2440" HPOS="476"/>
                  <String HEIGHT="86"
                          WIDTH="146"
                          VPOS="2440"
                          HPOS="421"
                          CONTENT="Dico"/>
                  <SP HEIGHT="86" WIDTH="18" VPOS="2440" HPOS="567"/>
                  <String HEIGHT="86"
                          WIDTH="146"
                          VPOS="2440"
                          HPOS="512"
                          CONTENT="quod"/>
                  <SP HEIGHT="86" WIDTH="18" VPOS="2440" HPOS="658"/>
                  <String HEIGHT="86"
                          WIDTH="201"
                          VPOS="2440"
                          HPOS="604"
                          CONTENT="illorum"/>
                  <SP HEIGHT="86" WIDTH="18" VPOS="2440" HPOS="804"/>
                  <String HEIGHT="86"
                          WIDTH="128"
                          VPOS="2440"
                          HPOS="750"
                          CONTENT="est"/>
                  <SP HEIGHT="86" WIDTH="18" VPOS="2440" HPOS="877"/>
                  <String HEIGHT="86"
                          WIDTH="164"
                          VPOS="2440"
                          HPOS="823"
                          CONTENT="plena"/>
                  <SP HEIGHT="86" WIDTH="18" VPOS="2440" HPOS="987"/>
                  <String HEIGHT="86" WIDTH="91" VPOS="2440" HPOS="932" CONTENT="&amp;"/>
                  <SP HEIGHT="86" WIDTH="18" VPOS="2440" HPOS="1023"/>
                  <String HEIGHT="86"
                          WIDTH="219"
                          VPOS="2440"
                          HPOS="969"
                          CONTENT="perfecta"/>
                  <SP HEIGHT="86" WIDTH="18" VPOS="2440" HPOS="1187"/>
                  <String HEIGHT="86"
                          WIDTH="237"
                          VPOS="2440"
                          HPOS="1133"
                          CONTENT="identitas"/>
                  <SP HEIGHT="86" WIDTH="18" VPOS="2440" HPOS="1370"/>
                  <String HEIGHT="86"
                          WIDTH="182"
                          VPOS="2440"
                          HPOS="1315"
                          CONTENT="quorum"/>
                  <SP HEIGHT="86" WIDTH="18" VPOS="2440" HPOS="1498"/>
                  <String HEIGHT="86"
                          WIDTH="164"
                          VPOS="2440"
                          HPOS="1443"
                          CONTENT="nulla"/>
                  <SP HEIGHT="86" WIDTH="18" VPOS="2440" HPOS="1607"/>
                  <String HEIGHT="86"
                          WIDTH="182"
                          VPOS="2440"
                          HPOS="1552"
                          CONTENT="potest"/>
                  <SP HEIGHT="86" WIDTH="18" VPOS="2440" HPOS="1735"/>
                  <String HEIGHT="86"
                          WIDTH="146"
                          VPOS="2440"
                          HPOS="1680"
                          CONTENT="esse"/>
                  <SP HEIGHT="86" WIDTH="18" VPOS="2440" HPOS="1826"/>
                  <String HEIGHT="86"
                          WIDTH="146"
                          VPOS="2440"
                          HPOS="1753"
                          CONTENT="omnino"/>
               </TextLine>
               <TextLine ID="line_1589678787736_394"
                         BASELINE="2572"
                         HEIGHT="60"
                         WIDTH="1527"
                         VPOS="2512"
                         HPOS="372">
                  <String HEIGHT="60" WIDTH="88" VPOS="2512" HPOS="359" CONTENT="imo"/>
                  <SP HEIGHT="60" WIDTH="13" VPOS="2512" HPOS="447"/>
                  <String HEIGHT="60"
                          WIDTH="175"
                          VPOS="2512"
                          HPOS="410"
                          CONTENT="diuersitas"/>
                  <SP HEIGHT="60" WIDTH="13" VPOS="2512" HPOS="585"/>
                  <String HEIGHT="60"
                          WIDTH="163"
                          VPOS="2512"
                          HPOS="547"
                          CONTENT="contraria"/>
                  <SP HEIGHT="60" WIDTH="13" VPOS="2512" HPOS="710"/>
                  <String HEIGHT="60"
                          WIDTH="188"
                          VPOS="2512"
                          HPOS="672"
                          CONTENT="identitati:"/>
                  <SP HEIGHT="60" WIDTH="13" VPOS="2512" HPOS="860"/>
                  <String HEIGHT="60" WIDTH="88" VPOS="2512" HPOS="823" CONTENT="nec"/>
                  <SP HEIGHT="60" WIDTH="13" VPOS="2512" HPOS="910"/>
                  <String HEIGHT="60"
                          WIDTH="150"
                          VPOS="2512"
                          HPOS="873"
                          CONTENT="vlterius"/>
                  <SP HEIGHT="60" WIDTH="13" VPOS="2512" HPOS="1023"/>
                  <String HEIGHT="60" WIDTH="75" VPOS="2512" HPOS="985" CONTENT="ex"/>
                  <SP HEIGHT="60" WIDTH="13" VPOS="2512" HPOS="1060"/>
                  <String HEIGHT="60"
                          WIDTH="188"
                          VPOS="2512"
                          HPOS="1023"
                          CONTENT="diuersitate"/>
                  <SP HEIGHT="60" WIDTH="13" VPOS="2512" HPOS="1211"/>
                  <String HEIGHT="60"
                          WIDTH="213"
                          VPOS="2512"
                          HPOS="1173"
                          CONTENT="pilosoalitas."/>
                  <SP HEIGHT="60" WIDTH="13" VPOS="2512" HPOS="1386"/>
                  <String HEIGHT="60"
                          WIDTH="100"
                          VPOS="2512"
                          HPOS="1348"
                          CONTENT="Quia"/>
                  <SP HEIGHT="60" WIDTH="13" VPOS="2512" HPOS="1448"/>
                  <String HEIGHT="60"
                          WIDTH="113"
                          VPOS="2512"
                          HPOS="1411"
                          CONTENT="siqua"/>
                  <SP HEIGHT="60" WIDTH="13" VPOS="2512" HPOS="1524"/>
                  <String HEIGHT="60"
                          WIDTH="88"
                          VPOS="2512"
                          HPOS="1486"
                          CONTENT="est"/>
                  <SP HEIGHT="60" WIDTH="13" VPOS="2512" HPOS="1574"/>
                  <String HEIGHT="60"
                          WIDTH="113"
                          VPOS="2512"
                          HPOS="1536"
                          CONTENT="talis"/>
                  <SP HEIGHT="60" WIDTH="13" VPOS="2512" HPOS="1649"/>
                  <String HEIGHT="60"
                          WIDTH="188"
                          VPOS="2512"
                          HPOS="1611"
                          CONTENT="pluralitas,"/>
                  <SP HEIGHT="60" WIDTH="13" VPOS="2512" HPOS="1799"/>
                  <String HEIGHT="60" WIDTH="63" VPOS="2512" HPOS="1761" CONTENT="d"/>
                  <SP HEIGHT="60" WIDTH="13" VPOS="2512" HPOS="1824"/>
                  <String HEIGHT="60"
                          WIDTH="125"
                          VPOS="2512"
                          HPOS="1774"
                          CONTENT="scilicet"/>
               </TextLine>
               <TextLine ID="r1l61"
                         BASELINE="2610"
                         HEIGHT="53"
                         WIDTH="1486"
                         VPOS="2557"
                         HPOS="401">
                  <String HEIGHT="53" WIDTH="96" VPOS="2557" HPOS="387" CONTENT="non"/>
                  <SP HEIGHT="53" WIDTH="14" VPOS="2557" HPOS="484"/>
                  <String HEIGHT="53" WIDTH="96" VPOS="2557" HPOS="442" CONTENT="est"/>
                  <SP HEIGHT="53" WIDTH="14" VPOS="2557" HPOS="539"/>
                  <String HEIGHT="53" WIDTH="83" VPOS="2557" HPOS="497" CONTENT="ex"/>
                  <SP HEIGHT="53" WIDTH="14" VPOS="2557" HPOS="580"/>
                  <String HEIGHT="53"
                          WIDTH="220"
                          VPOS="2557"
                          HPOS="539"
                          CONTENT="diuersitate,"/>
                  <SP HEIGHT="53" WIDTH="14" VPOS="2557" HPOS="759"/>
                  <String HEIGHT="53"
                          WIDTH="110"
                          VPOS="2557"
                          HPOS="717"
                          CONTENT="illa"/>
                  <SP HEIGHT="53" WIDTH="14" VPOS="2557" HPOS="828"/>
                  <String HEIGHT="53" WIDTH="96" VPOS="2557" HPOS="786" CONTENT="est"/>
                  <SP HEIGHT="53" WIDTH="14" VPOS="2557" HPOS="883"/>
                  <String HEIGHT="53"
                          WIDTH="138"
                          VPOS="2557"
                          HPOS="841"
                          CONTENT="absque"/>
                  <SP HEIGHT="53" WIDTH="14" VPOS="2557" HPOS="979"/>
                  <String HEIGHT="53"
                          WIDTH="110"
                          VPOS="2557"
                          HPOS="938"
                          CONTENT="omni"/>
                  <SP HEIGHT="53" WIDTH="14" VPOS="2557" HPOS="1048"/>
                  <String HEIGHT="53"
                          WIDTH="193"
                          VPOS="2557"
                          HPOS="1006"
                          CONTENT="admixtione"/>
                  <SP HEIGHT="53" WIDTH="14" VPOS="2557" HPOS="1199"/>
                  <String HEIGHT="53"
                          WIDTH="193"
                          VPOS="2557"
                          HPOS="1158"
                          CONTENT="contrarii:"/>
                  <SP HEIGHT="53" WIDTH="14" VPOS="2557" HPOS="1350"/>
                  <String HEIGHT="53" WIDTH="69" VPOS="2557" HPOS="1309" CONTENT="&amp;"/>
                  <SP HEIGHT="53" WIDTH="14" VPOS="2557" HPOS="1378"/>
                  <String HEIGHT="53"
                          WIDTH="179"
                          VPOS="2557"
                          HPOS="1337"
                          CONTENT="propterea"/>
                  <SP HEIGHT="53" WIDTH="14" VPOS="2557" HPOS="1516"/>
                  <String HEIGHT="53"
                          WIDTH="193"
                          VPOS="2557"
                          HPOS="1474"
                          CONTENT="necessario"/>
                  <SP HEIGHT="53" WIDTH="14" VPOS="2557" HPOS="1667"/>
                  <String HEIGHT="53"
                          WIDTH="110"
                          VPOS="2557"
                          HPOS="1626"
                          CONTENT="illa"/>
                  <SP HEIGHT="53" WIDTH="14" VPOS="2557" HPOS="1736"/>
                  <String HEIGHT="53"
                          WIDTH="179"
                          VPOS="2557"
                          HPOS="1694"
                          CONTENT="identitas"/>
                  <SP HEIGHT="53" WIDTH="14" VPOS="2557" HPOS="1873"/>
                  <String HEIGHT="53"
                          WIDTH="69"
                          VPOS="2557"
                          HPOS="1818"
                          CONTENT="est"/>
               </TextLine>
               <TextLine ID="r1l62"
                         BASELINE="2660"
                         HEIGHT="56"
                         WIDTH="1500"
                         VPOS="2604"
                         HPOS="401">
                  <String HEIGHT="56" WIDTH="84" VPOS="2604" HPOS="387" CONTENT="in"/>
                  <SP HEIGHT="56" WIDTH="14" VPOS="2604" HPOS="471"/>
                  <String HEIGHT="56"
                          WIDTH="154"
                          VPOS="2604"
                          HPOS="429"
                          CONTENT="termino"/>
                  <SP HEIGHT="56" WIDTH="14" VPOS="2604" HPOS="583"/>
                  <String HEIGHT="56" WIDTH="84" VPOS="2604" HPOS="541" CONTENT="in"/>
                  <SP HEIGHT="56" WIDTH="14" VPOS="2604" HPOS="625"/>
                  <String HEIGHT="56" WIDTH="98" VPOS="2604" HPOS="583" CONTENT="quo"/>
                  <SP HEIGHT="56" WIDTH="14" VPOS="2604" HPOS="681"/>
                  <String HEIGHT="56" WIDTH="98" VPOS="2604" HPOS="639" CONTENT="non"/>
                  <SP HEIGHT="56" WIDTH="14" VPOS="2604" HPOS="737"/>
                  <String HEIGHT="56"
                          WIDTH="140"
                          VPOS="2604"
                          HPOS="695"
                          CONTENT="potest"/>
                  <SP HEIGHT="56" WIDTH="14" VPOS="2604" HPOS="836"/>
                  <String HEIGHT="56"
                          WIDTH="112"
                          VPOS="2604"
                          HPOS="794"
                          CONTENT="esse"/>
                  <SP HEIGHT="56" WIDTH="14" VPOS="2604" HPOS="906"/>
                  <String HEIGHT="56" WIDTH="84" VPOS="2604" HPOS="864" CONTENT="in"/>
                  <SP HEIGHT="56" WIDTH="14" VPOS="2604" HPOS="948"/>
                  <String HEIGHT="56"
                          WIDTH="140"
                          VPOS="2604"
                          HPOS="906"
                          CONTENT="aliquo"/>
                  <SP HEIGHT="56" WIDTH="14" VPOS="2604" HPOS="1046"/>
                  <String HEIGHT="56"
                          WIDTH="168"
                          VPOS="2604"
                          HPOS="1004"
                          CONTENT="defectus"/>
                  <SP HEIGHT="56" WIDTH="14" VPOS="2604" HPOS="1172"/>
                  <String HEIGHT="56"
                          WIDTH="98"
                          VPOS="2604"
                          HPOS="1130"
                          CONTENT="per"/>
                  <SP HEIGHT="56" WIDTH="14" VPOS="2604" HPOS="1228"/>
                  <String HEIGHT="56"
                          WIDTH="98"
                          VPOS="2604"
                          HPOS="1186"
                          CONTENT="sui"/>
                  <SP HEIGHT="56" WIDTH="14" VPOS="2604" HPOS="1284"/>
                  <String HEIGHT="56"
                          WIDTH="182"
                          VPOS="2604"
                          HPOS="1242"
                          CONTENT="contrarii"/>
                  <SP HEIGHT="56" WIDTH="14" VPOS="2604" HPOS="1424"/>
                  <String HEIGHT="56"
                          WIDTH="224"
                          VPOS="2604"
                          HPOS="1382"
                          CONTENT="admixtionem:"/>
                  <SP HEIGHT="56" WIDTH="14" VPOS="2604" HPOS="1607"/>
                  <String HEIGHT="56" WIDTH="70" VPOS="2604" HPOS="1565" CONTENT="&amp;"/>
                  <SP HEIGHT="56" WIDTH="14" VPOS="2604" HPOS="1635"/>
                  <String HEIGHT="56" WIDTH="84" VPOS="2604" HPOS="1593" CONTENT="in"/>
                  <SP HEIGHT="56" WIDTH="14" VPOS="2604" HPOS="1677"/>
                  <String HEIGHT="56"
                          WIDTH="98"
                          VPOS="2604"
                          HPOS="1635"
                          CONTENT="non"/>
                  <SP HEIGHT="56" WIDTH="14" VPOS="2604" HPOS="1733"/>
                  <String HEIGHT="56"
                          WIDTH="196"
                          VPOS="2604"
                          HPOS="1691"
                          CONTENT="habentibus"/>
                  <SP HEIGHT="56" WIDTH="14" VPOS="2604" HPOS="1887"/>
                  <String HEIGHT="56"
                          WIDTH="70"
                          VPOS="2604"
                          HPOS="1831"
                          CONTENT="con"/>
               </TextLine>
               <TextLine ID="r1l63"
                         BASELINE="2709"
                         HEIGHT="59"
                         WIDTH="1496"
                         VPOS="2650"
                         HPOS="397">
                  <String HEIGHT="59"
                          WIDTH="158"
                          VPOS="2650"
                          HPOS="383"
                          CONTENT="trarium"/>
                  <SP HEIGHT="59" WIDTH="14" VPOS="2650" HPOS="541"/>
                  <String HEIGHT="59"
                          WIDTH="129"
                          VPOS="2650"
                          HPOS="498"
                          CONTENT="nihil"/>
                  <SP HEIGHT="59" WIDTH="14" VPOS="2650" HPOS="627"/>
                  <String HEIGHT="59"
                          WIDTH="101"
                          VPOS="2650"
                          HPOS="584"
                          CONTENT="est"/>
                  <SP HEIGHT="59" WIDTH="14" VPOS="2650" HPOS="685"/>
                  <String HEIGHT="59"
                          WIDTH="115"
                          VPOS="2650"
                          HPOS="642"
                          CONTENT="nisi"/>
                  <SP HEIGHT="59" WIDTH="14" VPOS="2650" HPOS="757"/>
                  <String HEIGHT="59" WIDTH="86" VPOS="2650" HPOS="713" CONTENT="in"/>
                  <SP HEIGHT="59" WIDTH="14" VPOS="2650" HPOS="800"/>
                  <String HEIGHT="59"
                          WIDTH="173"
                          VPOS="2650"
                          HPOS="757"
                          CONTENT="termino:"/>
                  <SP HEIGHT="59" WIDTH="14" VPOS="2650" HPOS="929"/>
                  <String HEIGHT="59" WIDTH="72" VPOS="2650" HPOS="886" CONTENT="&amp;"/>
                  <SP HEIGHT="59" WIDTH="14" VPOS="2650" HPOS="958"/>
                  <String HEIGHT="59"
                          WIDTH="144"
                          VPOS="2650"
                          HPOS="915"
                          CONTENT="absque"/>
                  <SP HEIGHT="59" WIDTH="14" VPOS="2650" HPOS="1059"/>
                  <String HEIGHT="59"
                          WIDTH="201"
                          VPOS="2650"
                          HPOS="1016"
                          CONTENT="receptione"/>
                  <SP HEIGHT="59" WIDTH="14" VPOS="2650" HPOS="1217"/>
                  <String HEIGHT="59"
                          WIDTH="115"
                          VPOS="2650"
                          HPOS="1174"
                          CONTENT="eius"/>
                  <SP HEIGHT="59" WIDTH="14" VPOS="2650" HPOS="1289"/>
                  <String HEIGHT="59"
                          WIDTH="115"
                          VPOS="2650"
                          HPOS="1246"
                          CONTENT="quod"/>
                  <SP HEIGHT="59" WIDTH="14" VPOS="2650" HPOS="1361"/>
                  <String HEIGHT="59"
                          WIDTH="101"
                          VPOS="2650"
                          HPOS="1318"
                          CONTENT="est"/>
                  <SP HEIGHT="59" WIDTH="14" VPOS="2650" HPOS="1418"/>
                  <String HEIGHT="59"
                          WIDTH="129"
                          VPOS="2650"
                          HPOS="1375"
                          CONTENT="magis"/>
                  <SP HEIGHT="59" WIDTH="14" VPOS="2650" HPOS="1505"/>
                  <String HEIGHT="59"
                          WIDTH="101"
                          VPOS="2650"
                          HPOS="1461"
                          CONTENT="aut"/>
                  <SP HEIGHT="59" WIDTH="14" VPOS="2650" HPOS="1562"/>
                  <String HEIGHT="59"
                          WIDTH="144"
                          VPOS="2650"
                          HPOS="1519"
                          CONTENT="minus."/>
                  <SP HEIGHT="59" WIDTH="14" VPOS="2650" HPOS="1663"/>
                  <String HEIGHT="59" WIDTH="86" VPOS="2650" HPOS="1620" CONTENT="In"/>
                  <SP HEIGHT="59" WIDTH="14" VPOS="2650" HPOS="1706"/>
                  <String HEIGHT="59"
                          WIDTH="129"
                          VPOS="2650"
                          HPOS="1663"
                          CONTENT="patre"/>
                  <SP HEIGHT="59" WIDTH="14" VPOS="2650" HPOS="1792"/>
                  <String HEIGHT="59"
                          WIDTH="129"
                          VPOS="2650"
                          HPOS="1749"
                          CONTENT="autem"/>
                  <SP HEIGHT="59" WIDTH="14" VPOS="2650" HPOS="1879"/>
                  <String HEIGHT="59" WIDTH="86" VPOS="2650" HPOS="1835" CONTENT="ad"/>
                  <SP HEIGHT="59" WIDTH="14" VPOS="2650" HPOS="1922"/>
                  <String HEIGHT="59" WIDTH="29" VPOS="2650" HPOS="1864" CONTENT=""/>
               </TextLine>
               <TextLine ID="r1l64"
                         BASELINE="2745"
                         HEIGHT="53"
                         WIDTH="1500"
                         VPOS="2692"
                         HPOS="396">
                  <String HEIGHT="53"
                          WIDTH="140"
                          VPOS="2692"
                          HPOS="382"
                          CONTENT="filium"/>
                  <SP HEIGHT="53" WIDTH="14" VPOS="2692" HPOS="522"/>
                  <String HEIGHT="53"
                          WIDTH="126"
                          VPOS="2692"
                          HPOS="480"
                          CONTENT="nulla"/>
                  <SP HEIGHT="53" WIDTH="14" VPOS="2692" HPOS="606"/>
                  <String HEIGHT="53"
                          WIDTH="140"
                          VPOS="2692"
                          HPOS="564"
                          CONTENT="potest"/>
                  <SP HEIGHT="53" WIDTH="14" VPOS="2692" HPOS="704"/>
                  <String HEIGHT="53"
                          WIDTH="112"
                          VPOS="2692"
                          HPOS="662"
                          CONTENT="esse"/>
                  <SP HEIGHT="53" WIDTH="14" VPOS="2692" HPOS="775"/>
                  <String HEIGHT="53"
                          WIDTH="196"
                          VPOS="2692"
                          HPOS="732"
                          CONTENT="diuersitas"/>
                  <SP HEIGHT="53" WIDTH="14" VPOS="2692" HPOS="929"/>
                  <String HEIGHT="53"
                          WIDTH="182"
                          VPOS="2692"
                          HPOS="887"
                          CONTENT="contraria"/>
                  <SP HEIGHT="53" WIDTH="14" VPOS="2692" HPOS="1069"/>
                  <String HEIGHT="53"
                          WIDTH="210"
                          VPOS="2692"
                          HPOS="1027"
                          CONTENT="identitati:"/>
                  <SP HEIGHT="53" WIDTH="14" VPOS="2692" HPOS="1237"/>
                  <String HEIGHT="53"
                          WIDTH="112"
                          VPOS="2692"
                          HPOS="1195"
                          CONTENT="quia"/>
                  <SP HEIGHT="53" WIDTH="14" VPOS="2692" HPOS="1307"/>
                  <String HEIGHT="53"
                          WIDTH="126"
                          VPOS="2692"
                          HPOS="1265"
                          CONTENT="pater"/>
                  <SP HEIGHT="53" WIDTH="14" VPOS="2692" HPOS="1391"/>
                  <String HEIGHT="53"
                          WIDTH="224"
                          VPOS="2692"
                          HPOS="1349"
                          CONTENT="consideratus"/>
                  <SP HEIGHT="53" WIDTH="14" VPOS="2692" HPOS="1574"/>
                  <String HEIGHT="53" WIDTH="84" VPOS="2692" HPOS="1532" CONTENT="in"/>
                  <SP HEIGHT="53" WIDTH="14" VPOS="2692" HPOS="1616"/>
                  <String HEIGHT="53"
                          WIDTH="140"
                          VPOS="2692"
                          HPOS="1574"
                          CONTENT="ordine"/>
                  <SP HEIGHT="53" WIDTH="14" VPOS="2692" HPOS="1714"/>
                  <String HEIGHT="53" WIDTH="84" VPOS="2692" HPOS="1672" CONTENT="ad"/>
                  <SP HEIGHT="53" WIDTH="14" VPOS="2692" HPOS="1756"/>
                  <String HEIGHT="53"
                          WIDTH="154"
                          VPOS="2692"
                          HPOS="1714"
                          CONTENT="filium:"/>
                  <SP HEIGHT="53" WIDTH="14" VPOS="2692" HPOS="1868"/>
                  <String HEIGHT="53"
                          WIDTH="98"
                          VPOS="2692"
                          HPOS="1826"
                          CONTENT="non"/>
                  <SP HEIGHT="53" WIDTH="14" VPOS="2692" HPOS="1924"/>
                  <String HEIGHT="53" WIDTH="28" VPOS="2692" HPOS="1868" CONTENT=""/>
               </TextLine>
               <TextLine ID="r1l65"
                         BASELINE="2809"
                         HEIGHT="68"
                         WIDTH="1498"
                         VPOS="2741"
                         HPOS="400">
                  <String HEIGHT="68"
                          WIDTH="135"
                          VPOS="2741"
                          HPOS="385"
                          CONTENT="habet"/>
                  <SP HEIGHT="68" WIDTH="15" VPOS="2741" HPOS="520"/>
                  <String HEIGHT="68" WIDTH="90" VPOS="2741" HPOS="475" CONTENT="in"/>
                  <SP HEIGHT="68" WIDTH="15" VPOS="2741" HPOS="565"/>
                  <String HEIGHT="68" WIDTH="90" VPOS="2741" HPOS="520" CONTENT="se"/>
                  <SP HEIGHT="68" WIDTH="15" VPOS="2741" HPOS="610"/>
                  <String HEIGHT="68"
                          WIDTH="120"
                          VPOS="2741"
                          HPOS="565"
                          CONTENT="nisi"/>
                  <SP HEIGHT="68" WIDTH="15" VPOS="2741" HPOS="685"/>
                  <String HEIGHT="68"
                          WIDTH="195"
                          VPOS="2741"
                          HPOS="640"
                          CONTENT="essentiam"/>
                  <SP HEIGHT="68" WIDTH="15" VPOS="2741" HPOS="834"/>
                  <String HEIGHT="68"
                          WIDTH="180"
                          VPOS="2741"
                          HPOS="789"
                          CONTENT="communem"/>
                  <SP HEIGHT="68" WIDTH="15" VPOS="2741" HPOS="969"/>
                  <String HEIGHT="68"
                          WIDTH="105"
                          VPOS="2741"
                          HPOS="924"
                          CONTENT="cum"/>
                  <SP HEIGHT="68" WIDTH="15" VPOS="2741" HPOS="1029"/>
                  <String HEIGHT="68"
                          WIDTH="150"
                          VPOS="2741"
                          HPOS="984"
                          CONTENT="filio:"/>
                  <SP HEIGHT="68" WIDTH="15" VPOS="2741" HPOS="1134"/>
                  <String HEIGHT="68" WIDTH="75" VPOS="2741" HPOS="1089" CONTENT="&amp;"/>
                  <SP HEIGHT="68" WIDTH="15" VPOS="2741" HPOS="1164"/>
                  <String HEIGHT="68"
                          WIDTH="240"
                          VPOS="2741"
                          HPOS="1119"
                          CONTENT="proprietatem"/>
                  <SP HEIGHT="68" WIDTH="15" VPOS="2741" HPOS="1359"/>
                  <String HEIGHT="68"
                          WIDTH="105"
                          VPOS="2741"
                          HPOS="1314"
                          CONTENT="qua"/>
                  <SP HEIGHT="68" WIDTH="15" VPOS="2741" HPOS="1419"/>
                  <String HEIGHT="68"
                          WIDTH="240"
                          VPOS="2741"
                          HPOS="1374"
                          CONTENT="distinguitur"/>
                  <SP HEIGHT="68" WIDTH="15" VPOS="2741" HPOS="1613"/>
                  <String HEIGHT="68" WIDTH="75" VPOS="2741" HPOS="1568" CONTENT="a"/>
                  <SP HEIGHT="68" WIDTH="15" VPOS="2741" HPOS="1643"/>
                  <String HEIGHT="68"
                          WIDTH="150"
                          VPOS="2741"
                          HPOS="1598"
                          CONTENT="filio."/>
                  <SP HEIGHT="68" WIDTH="15" VPOS="2741" HPOS="1748"/>
                  <String HEIGHT="68" WIDTH="90" VPOS="2741" HPOS="1703" CONTENT="Ex"/>
                  <SP HEIGHT="68" WIDTH="15" VPOS="2741" HPOS="1793"/>
                  <String HEIGHT="68"
                          WIDTH="135"
                          VPOS="2741"
                          HPOS="1748"
                          CONTENT="parte"/>
                  <SP HEIGHT="68" WIDTH="15" VPOS="2741" HPOS="1883"/>
                  <String HEIGHT="68" WIDTH="90" VPOS="2741" HPOS="1838" CONTENT="au"/>
                  <SP HEIGHT="68" WIDTH="15" VPOS="2741" HPOS="1928"/>
                  <String HEIGHT="68" WIDTH="30" VPOS="2741" HPOS="1868" CONTENT=""/>
               </TextLine>
            </TextBlock>
         </PrintSpace>
      </Page>
   </Layout>
</alto>
