2017 3166
134 238 124 65 nulla
217 238 82 65 in
258 238 96 65 qua
313 238 110 65 idem
382 238 206 65 praedicatur
547 238 82 65 de
588 238 137 65 eodem,
684 238 96 65 sed
739 238 82 65 in
780 238 96 65 qua
835 238 206 65 praedicatur
1000 238 110 65 idem
1069 238 82 65 de
1110 238 96 65 se.
1165 238 82 65 De
1206 238 110 65 illa
1275 238 110 65 enim
1344 238 82 65 in
1385 238 96 65 qua
1426 238 179 65 praecicatur

131 294 114 53 idem
202 294 85 53 de
245 294 128 53 eodem
330 294 156 53 secundo
444 294 114 53 modo
515 294 228 53 identitatis,
700 294 213 53 simpliciter
870 294 128 53 falsa
956 294 114 53 est.
1027 294 128 53 Licet
1112 294 114 53 enim
1183 294 128 53 nihil
1269 294 85 53 ad
1311 294 199 53 relationem
1468 294 85 53 de
1496 294 114 53 identi

131 337 110 56 tate
200 337 96 56 aut
255 337 207 56 diuersitate
420 337 138 56 patris
517 337 83 56 ad
558 337 152 56 filium:
668 337 110 56 quia
737 337 83 56 vt
779 337 124 56 pater
861 337 193 56 comparatur
1013 337 83 56 ad
1054 337 152 56 filium,
1164 337 152 56 relatio
1274 337 124 56 habet
1357 337 165 56 rationem
1467 337 138 56 relatio-

122 381 90 60 nis
173 381 64 60 &
199 381 90 60 non
250 381 205 60 substantiae.
417 381 154 60 secundum
532 381 102 60 quam
596 381 154 60 rationem
711 381 192 60 substantiae
865 381 167 60 identitas
993 381 90 60 aut
1044 381 179 60 diuersitas
1185 381 154 60 sequitur
1301 381 90 60 rem
1352 381 179 60 quancumque
1493 381 102 60 quam
1544 381 64 60 se-

127 426 145 59 quitur,
232 426 79 59 vt
272 426 132 59 dictum
364 426 106 59 est:
430 426 132 59 multum
522 426 119 59 tamen
602 426 79 59 ad
641 426 185 59 relationem
786 426 79 59 de
826 426 158 59 veritate
945 426 66 59 &
971 426 171 59 falsitate
1103 426 237 59 praedicationis
1301 426 132 59 patris
1393 426 79 59 de
1433 426 132 59 filio,
1512 426 92 59 autem

130 468 186 57 econuerso:
276 468 106 57 quia
342 468 93 57 non
395 468 80 57 ab
435 468 80 57 eo
474 468 106 57 quod
541 468 93 57 est
594 468 93 57 res
647 468 93 57 vel
700 468 93 57 non
753 468 106 57 est,
819 468 199 57 simpliciter
978 468 146 57 dicitur
1084 468 133 57 oratio
1177 468 106 57 vera
1243 468 93 57 vel
1296 468 133 57 falsa:
1389 468 106 57 vera
1455 468 80 57 ab
1495 468 80 57 eo
1521 468 80 57 quod

126 518 105 53 est:
192 518 119 53 falsa
271 518 79 53 ab
310 518 79 53 eo
350 518 105 53 quod
416 518 92 53 non
468 518 105 53 est:
534 518 92 53 sed
587 518 171 53 solummodo
719 518 145 53 dicitur
824 518 132 53 oratio
916 518 105 53 vera
982 518 92 53 vel
1035 518 119 53 falsa
1114 518 79 53 ab
1153 518 79 53 eo
1193 518 105 53 quod
1259 518 92 53 res
1311 518 92 53 est
1364 518 92 53 vel
1417 518 92 53 non
1469 518 92 53 est
1509 518 92 53 prout

131 559 189 58 exprimitur
280 559 95 58 per
334 559 176 58 sermonem.
469 559 108 58 Vnde
537 559 108 58 etsi
604 559 135 58 cursus
699 559 122 58 insit
780 559 135 58 homini
875 559 216 58 simpliciter:
1050 559 95 58 non
1104 559 122 58 tamen
1185 559 108 58 haec
1253 559 95 58 est
1307 559 122 58 vera,
1388 559 108 58 homo
1455 559 135 58 currit
1536 559 68 58 be-

122 602 95 60 ne,
177 602 109 60 nisi
245 602 122 60 insit
326 602 109 60 illi
394 602 95 60 sub
448 602 109 60 tali
516 602 122 60 modo.
598 602 217 60 Consimiliter
774 602 109 60 etsi
842 602 122 60 pater
923 602 204 60 simpliciter
1086 602 95 60 est
1140 602 81 60 in
1181 602 122 60 filio
1263 602 68 60 &
1290 602 190 60 econuerso,
1439 602 68 60 &
1466 602 109 60 sunt
1521 602 81 60 vnum

126 651 68 55 &
154 651 123 55 idem,
235 651 163 55 secundum
358 651 109 55 quod
426 651 123 55 dicit
508 651 163 55 Christus
630 651 95 55 dei
685 651 136 55 filius
780 651 95 55 Io.
835 651 82 55 x.
876 651 95 55 Ego
930 651 68 55 &
957 651 123 55 pater
1039 651 109 55 vnum
1107 651 136 55 sumus,
1202 651 95 55 per
1257 651 109 55 quid
1325 651 123 55 etiam
1407 651 109 55 sunt
1475 651 123 55 idem:
1543 651 68 55 non

122 697 113 58 tamen
198 697 100 58 haec
260 697 88 58 est
310 697 113 58 vera,
385 697 113 58 pater
460 697 88 58 est
510 697 138 58 filius,
610 697 88 58 aut
660 697 175 58 econuerso,
798 697 100 58 nisi
860 697 113 58 pater
936 697 113 58 insit
1011 697 113 58 filio
1086 697 88 58 aut
1136 697 175 58 econuerso,
1273 697 88 58 sub
1323 697 100 58 tali
1386 697 113 58 modo,
1461 697 75 58 vt
1486 697 125 58 scilicet

122 739 123 62 patri
205 739 192 62 formaliter
356 739 192 62 conueniret
506 739 165 62 filiatio
630 739 123 62 sicut
712 739 69 62 &
740 739 206 62 paternitas,
904 739 69 62 &
932 739 123 62 filio
1014 739 192 62 paternitas
1165 739 123 62 sicut
1247 739 178 62 filiatio,
1384 739 110 62 quod
1453 739 137 62 falsum
1535 739 69 62 est

126 796 77 44 &
156 796 246 44 impossibile,
356 796 123 44 nisi
433 796 169 44 ponatur
556 796 215 44 personarum
726 796 185 44 confusio
864 796 185 44 secundum
987 796 185 44 Sabellium.

532 826 200 76 Equitur
677 826 145 76 Art.
768 826 164 76 LXXde
877 826 291 76 aequalitate.
1113 826 164 76 circa
1222 826 145 76 quam
1313 826 254 76 quaeruntur
1513 826 145 76 duo.

560 882 128 60 uorum
645 882 142 60 primum
745 882 100 60 est
802 882 128 60 vtrum
887 882 100 60 sit
944 882 142 60 ponere
1044 882 228 60 aequalitatem
1229 882 85 60 in
1258 882 142 60 diuinis.

555 923 183 66 Secundum
692 923 122 66 vero
768 923 107 66 est
829 923 137 66 vtrum
920 923 167 66 plenam,
1042 923 213 66 perfectam,
1209 923 76 66 &
1240 923 198 66 omnimodam
1377 923 228 66 aequalitatem.

792 972 107 54 Irca
859 972 134 54 primum
952 972 161 54 arguitur
1073 972 107 54 quod
1140 972 80 54 in
1180 972 147 54 diuinis
1288 972 94 54 non
1341 972 94 54 sit
1395 972 201 54 aequalitas,
1542 972 54 54 Pr

803 1018 82 61 mo
844 1018 110 61 sic.
913 1018 192 61 aequalitas
1064 1018 165 61 sequitur
1187 1018 206 61 quantitatem
1352 1018 165 61 secundum
1462 1018 137 61 superius

822 1065 224 52 leterminata.
1004 1065 98 52 sed
1060 1065 84 52 in
1102 1065 154 52 diuinis
1214 1065 98 52 non
1271 1065 98 52 est
1327 1065 196 52 quantitas,
1481 1065 112 52 quia
1537 1065 70 52 nec

827 1107 157 69 umerus
937 1107 110 69 nec
1000 1107 220 69 magnitudo,
1173 1107 94 69 in
1221 1107 126 69 quae
1299 1107 205 69 diuiditur
1441 1107 173 69 quantitas

837 1157 85 52 ad
879 1157 114 52 quas
950 1157 128 52 omnes
1036 1157 128 52 aliae
1121 1157 213 52 quantitates
1291 1157 142 52 habent
1391 1157 156 52 reduci,
1505 1157 85 52 vt
1533 1157 71 52 ora

838 1197 77 57 o
868 1197 92 57 ad
914 1197 184 57 numerum,
1052 1197 153 57 tempus
1159 1197 77 57 &
1190 1197 138 57 locus
1282 1197 92 57 ad
1328 1197 260 57 magnitudinem,
1542 1197 107 57 non

814 1241 106 60 est
874 1241 136 60 autem
965 1241 91 60 in
1011 1241 167 60 diuinis
1132 1241 182 60 numerus,
1268 1241 121 60 quia
1344 1241 182 60 secundum
1465 1241 152 60 Boethium

747 1277 128 65 iiii.
832 1277 85 65 in
875 1277 100 65 deo
932 1277 142 65 nullus
1031 1277 100 65 est
1088 1277 171 65 numerus.
1216 1277 71 65 &
1245 1277 85 65 si
1288 1277 100 65 non
1345 1277 171 65 numerus,
1473 1277 100 65 nec
1515 1277 100 65 magni

693 1331 181 55 ditionem
829 1331 91 55 ad
874 1331 181 55 numerum,
1010 1331 136 55 sicut
1100 1331 166 55 punctus
1221 1331 91 55 ad
1266 1331 196 55 vnitatem,
1417 1331 181 55 secundum
1538 1331 75 55 Phi

163 1377 142 52 sophum.
266 1377 103 52 iii.
331 1377 167 52 physicae.
459 1377 103 52 ergo
524 1377 90 52 &c.
601 1377 116 52 Dicet
678 1377 155 52 aliquis,
794 1377 103 52 quod
858 1377 116 52 licet
936 1377 167 52 quantitas
1064 1377 155 52 secundum
1180 1377 116 52 genus
1258 1377 90 52 non
1309 1377 129 52 habeat
1399 1377 103 52 esse
1464 1377 77 52 in
1502 1377 103 52 deo,
1554 1377 64 52 nec

183 1420 155 53 nfferri
296 1420 70 53 a
324 1420 183 53 creaturis
465 1420 85 53 ad
507 1420 155 53 diuina:
620 1420 155 53 aliquae
732 1420 127 53 tamen
817 1420 155 53 species
930 1420 211 53 quantitatis
1099 1420 169 53 secundum
1226 1420 169 53 proprias
1352 1420 169 53 rationes
1465 1420 155 53 specierum

131 1466 74 52 a
161 1466 193 52 creaturis
309 1466 149 52 habent
413 1466 208 52 transferri
577 1466 89 52 ad
621 1466 163 52 diuina,
740 1466 74 52 &
770 1466 104 52 sic
829 1466 119 52 esse
904 1466 89 52 in
948 1466 119 52 deo,
1023 1466 134 52 licet
1112 1466 104 52 non
1171 1466 178 52 secundum
1305 1466 134 52 illum
1394 1466 134 52 modum
1483 1466 104 52 quo
1528 1466 89 52 sunt

133 1511 92 61 in
179 1511 214 61 creaturis.
346 1511 92 61 de
392 1511 153 61 quibus
499 1511 137 61 etiam
591 1511 183 61 secundum
728 1511 137 61 illum
819 1511 137 61 modum
911 1511 122 61 bene
987 1511 183 61 procedit
1125 1511 229 61 argumentum,
1308 1511 92 61 vt
1354 1511 107 61 non
1399 1511 214 61 intelligatur

141 1556 145 48 dicere.
247 1556 185 48 Augustinus
392 1556 106 48 quod
458 1556 106 48 deus
524 1556 93 48 est
577 1556 106 48 sine
643 1556 185 48 quantitate
788 1556 145 48 magnus.
894 1556 79 48 Et
934 1556 93 48 sic
987 1556 119 48 licet
1066 1556 79 48 in
1106 1556 93 48 deo
1159 1556 93 48 non
1211 1556 93 48 sit
1264 1556 185 48 aequalitas
1410 1556 106 48 quae
1463 1556 145 48 consequa-

140 1599 90 55 tur
192 1599 194 55 quantitatem
347 1599 207 55 simpliciter,
515 1599 90 55 est
566 1599 116 55 tamen
644 1599 78 55 in
683 1599 78 55 eo
721 1599 181 55 aequalitas
864 1599 103 55 quae
928 1599 194 55 consequitur
1083 1599 142 55 aliquam
1187 1599 90 55 vel
1238 1599 142 55 aliquas
1342 1599 142 55 species
1445 1599 116 55 eius.
1548 1599 90 55 Sed

142 1644 136 53 contra
238 1644 95 53 hoc
292 1644 95 53 est
346 1644 163 53 secundum
469 1644 109 53 quod
537 1644 122 53 dicit
618 1644 204 53 Philosophus
782 1644 82 53 in
822 1644 258 53 praedicamentis,
1040 1644 109 53 quod
1108 1644 163 53 proprium
1230 1644 95 53 est
1285 1644 190 53 quantitati
1434 1644 163 53 secundum
1543 1644 68 53 eam

132 1687 158 58 aequale
246 1687 100 58 vel
304 1687 186 58 inaequale
447 1687 129 58 dici.
533 1687 86 58 vt
576 1687 115 58 ideo
648 1687 100 58 non
705 1687 172 58 videatur
834 1687 100 58 hoc
891 1687 186 58 competere
1035 1687 143 58 alicui
1135 1687 158 58 speciei
1250 1687 215 58 quantitatis
1422 1687 115 58 nisi
1479 1687 129 58 ratione

141 1748 132 46 ipsius
233 1748 158 46 generis.
352 1748 105 46 Nunc
417 1748 119 46 autem
496 1748 92 46 ita
549 1748 92 46 est
602 1748 105 46 quod
668 1748 132 46 quando
760 1748 145 46 aliquid
865 1748 158 46 competit
984 1748 132 46 generi
1076 1748 92 46 per
1129 1748 79 46 se
1168 1748 66 46 &
1195 1748 145 46 speciei
1300 1748 145 46 ratione
1405 1748 158 46 generis,
1524 1748 79 46 si
1563 1748 79 46 in

144 1781 136 46 aliquo
240 1781 150 46 ponatur
349 1781 150 46 species
458 1781 109 46 esse
526 1781 68 46 &
554 1781 96 46 non
608 1781 136 46 genus,
704 1781 82 46 in
745 1781 109 46 illo
813 1781 96 46 non
868 1781 164 46 conpetit
990 1781 82 46 ei
1031 1781 123 46 illud
1113 1781 109 46 quod
1181 1781 164 46 conpetit
1304 1781 82 46 ei
1345 1781 150 46 ratione
1454 1781 164 46 generis.
1563 1781 55 46 pu

147 1819 88 52 ta
191 1819 102 52 cum
250 1819 176 52 secundum
382 1819 220 52 Philosophum
557 1819 146 52 aliqua
660 1819 176 52 dicuntur
791 1819 176 52 relatiue
923 1819 176 52 secundum
1055 1819 146 52 genera
1157 1819 132 52 eorum
1245 1819 117 52 quae
1318 1819 102 52 per
1377 1819 88 52 se
1421 1819 102 52 non
1465 1819 146 52 dicuntur

139 1865 177 55 relatiue:
275 1865 82 55 vt
316 1865 177 55 medicina,
452 1865 109 55 quia
520 1865 95 55 est
575 1865 177 55 scientia,
711 1865 68 55 &
738 1865 163 55 scientia
860 1865 95 55 per
914 1865 82 55 se
955 1865 163 55 relatiue
1078 1865 163 55 dicitur:
1200 1865 82 55 si
1241 1865 163 55 medicina
1363 1865 82 55 in
1404 1865 136 55 aliquo
1486 1865 122 55 ponatur

142 1916 109 47 esse
211 1916 137 47 absque
307 1916 137 47 genere
402 1916 96 47 suo
457 1916 109 47 quid
525 1916 96 47 est
580 1916 178 47 scientia,
717 1916 82 47 in
758 1916 109 47 illo
826 1916 96 47 non
881 1916 164 47 conuenit
1004 1916 82 47 ei
1045 1916 151 47 referri
1155 1916 82 47 ad
1196 1916 137 47 aliud.
1292 1916 123 47 Quare
1374 1916 96 47 cum
1428 1916 96 47 non
1469 1916 151 47 conueniat

139 1958 151 48 speciei
249 1958 206 48 quantitatis
414 1958 165 48 secundum
538 1958 96 48 eam
593 1958 110 48 dici
662 1958 110 48 esse
731 1958 110 48 nisi
799 1958 151 48 ratione
910 1958 151 48 generis
1020 1958 124 48 cuius
1102 1958 96 48 est
1157 1958 179 48 proprium:
1295 1958 96 48 cum
1350 1958 83 48 in
1391 1958 96 48 deo
1446 1958 96 48 sit
1487 1958 124 48 species

147 2010 208 54 quantitatis
314 2010 111 54 sine
383 2010 153 54 genere:
494 2010 139 54 quando
591 2010 111 54 deus
661 2010 97 54 est
716 2010 111 54 sine
786 2010 194 54 quantitate
939 2010 153 54 magnus:
1050 2010 167 54 secundum
1175 2010 125 54 illam
1258 2010 111 54 ergo
1327 2010 181 54 nequaquam
1466 2010 125 54 habet
1536 2010 83 54 esse

152 2046 170 52 equalitas
282 2046 78 52 in
322 2046 104 52 deo.
413 2046 78 52 Si
452 2046 117 52 forte
531 2046 78 52 ad
570 2046 91 52 hoc
622 2046 144 52 dicatur
726 2046 157 52 secundum
844 2046 104 52 quod
909 2046 131 52 tactum
1000 2046 91 52 est
1053 2046 170 52 superius,
1183 2046 104 52 quod
1248 2046 91 52 non
1301 2046 144 52 dicitur
1405 2046 157 52 proprium
1523 2046 117 52 quan-

144 2101 138 51 titati
241 2101 166 51 secundum
365 2101 97 51 eam
421 2101 152 51 aequale
531 2101 97 51 vel
586 2101 180 51 inaequale
725 2101 124 51 dici,
807 2101 124 51 quasi
890 2101 97 51 hoc
946 2101 180 51 conveniat
1084 2101 180 51 speciebus
1222 2101 207 51 quantitatis
1388 2101 97 51 non
1443 2101 111 51 nisi
1512 2101 97 51 per
1554 2101 55 51 ge

137 2136 102 50 nus
196 2136 145 50 earum,
297 2136 131 50 sicut
385 2136 102 50 non
443 2136 174 50 conuenit
574 2136 189 50 medicinae
719 2136 160 50 relatio
835 2136 116 50 nisi
908 2136 102 50 per
966 2136 189 50 scientiam
1111 2136 116 50 quae
1184 2136 102 50 est
1242 2136 131 50 genus
1329 2136 116 50 suum
1402 2136 87 50 vt
1446 2136 174 50 procedit
1562 2136 58 50 ob

151 2179 144 53 iectio:
255 2179 91 53 sed
308 2179 117 53 illud
386 2179 157 53 dicitur,
503 2179 104 53 quia
569 2179 170 53 speciebus
699 2179 131 53 solius
791 2179 196 53 quantitatis
947 2179 157 53 convenit
1065 2179 104 53 quod
1130 2179 157 53 secundum
1247 2179 91 53 eas
1300 2179 144 53 dicatur
1404 2179 144 53 aequale
1509 2179 91 53 vel
1561 2179 78 53 in

153 2223 154 53 equale,
265 2223 98 53 non
321 2223 126 53 autem
405 2223 168 53 secundum
530 2223 154 53 species
642 2223 168 53 alicuius
768 2223 251 53 praedicamenti:
977 2223 140 53 Contra
1075 2223 98 53 hoc
1131 2223 98 53 est
1187 2223 98 53 ars
1243 2223 112 53 illa
1313 2223 196 53 Philosophi
1466 2223 84 53 in
1508 2223 112 53 lib.
1564 2223 56 53 po

153 2271 166 46 steriorum
281 2271 153 46 scilicet
396 2271 102 46 quod
459 2271 128 46 quando
549 2271 140 46 aliquid
651 2271 153 46 convenit
765 2271 166 46 pluribus,
893 2271 115 46 illud
970 2271 179 46 necessario
1110 2271 153 46 convenit
1225 2271 89 46 eis
1276 2271 89 46 per
1327 2271 140 46 aliquod
1429 2271 140 46 commune
1531 2271 77 46 in
1556 2271 64 46 eis

137 2318 107 53 cui
198 2318 184 53 convenit
336 2318 138 53 primo
428 2318 77 53 &
458 2318 107 53 per
520 2318 107 53 se.
581 2318 92 53 Et
627 2318 107 53 dat
688 2318 184 53 exemplum
826 2318 92 53 de
872 2318 199 53 commutata
1025 2318 230 53 proportione
1209 2318 123 53 quae
1285 2318 184 53 convenit
1423 2318 168 53 numeris
1545 2318 77 53 &
1561 2318 61 53 ma

147 2362 240 54 gnitudinibus,
344 2362 71 54 &
373 2362 113 54 ideo
443 2362 155 54 oportet
556 2362 113 54 quod
627 2362 99 54 eis
683 2362 183 54 conveniat
824 2362 99 54 per
880 2362 155 54 aliquod
993 2362 155 54 commune
1106 2362 169 54 existens
1233 2362 85 54 in
1275 2362 113 54 eis,
1346 2362 99 54 cui
1402 2362 169 54 conuenit
1515 2362 99 54 primo

149 2390 73 75 &
179 2390 102 75 per
237 2390 102 75 se,
295 2390 73 75 &
324 2390 102 75 est
382 2390 174 75 proprium
513 2390 189 75 subiectum
658 2390 116 75 eius
731 2390 87 75 de
774 2390 102 75 quo
832 2390 247 75 demonstratur.
1036 2390 131 75 Quare
1123 2390 102 75 cum
1181 2390 189 75 speciebus
1326 2390 160 75 omnibus
1428 2390 189 75 quantitatis

149 2453 183 43 conueniat
290 2453 169 43 secundum
417 2453 99 43 eas
473 2453 155 43 aequale
586 2453 99 43 vel
643 2453 183 43 inaequale
784 2453 127 43 dici,
868 2453 99 43 hoc
925 2453 197 43 necessario
1080 2453 169 43 convenit
1207 2453 99 43 per
1263 2453 155 43 aliquid
1376 2453 155 43 commune
1475 2453 141 43 existens

139 2494 84 51 in
181 2494 126 51 illis
265 2494 98 51 cui
321 2494 126 51 illud
405 2494 168 51 conuenit
531 2494 126 51 primo
615 2494 70 51 &
643 2494 98 51 per
699 2494 98 51 se.
755 2494 126 51 illud
839 2494 126 51 autem
924 2494 98 51 non
980 2494 98 51 est
1036 2494 112 51 nisi
1106 2494 196 51 quantitas,
1260 2494 112 51 ergo
1330 2494 98 51 &c.
1386 2494 126 51 Quare
1470 2494 98 51 (vt
1512 2494 112 51 supra)

147 2538 85 56 si
189 2538 85 56 in
232 2538 100 56 deo
289 2538 100 56 est
346 2538 185 56 magnitudo
488 2538 171 56 secundum
616 2538 156 56 aliquam
730 2538 156 56 speciem
844 2538 213 56 quantitatis
1015 2538 114 56 sine
1086 2538 213 56 quantitate,
1256 2538 171 56 secundum
1384 2538 128 56 illam
1456 2538 156 56 nequaquam

150 2584 139 55 potest
247 2584 111 55 dici
317 2584 195 55 aequalitas
470 2584 111 55 esse
539 2584 83 55 in
581 2584 111 55 deo:
651 2584 70 55 &
678 2584 125 55 eadem
762 2584 153 55 ratione
873 2584 125 55 neque
957 2584 167 55 secundum
1082 2584 125 55 illam
1165 2584 167 55 speciem,
1290 2584 111 55 quia
1360 2584 125 55 sicut
1443 2584 153 55 species
1541 2584 83 55 quam

145 2631 159 48 titatis
260 2631 116 48 quae
332 2631 101 48 est
390 2631 188 48 magnitudo
535 2631 101 48 est
592 2631 87 48 in
636 2631 101 48 deo
693 2631 116 48 sine
766 2631 217 48 quantitate,
939 2631 130 48 eadem
1026 2631 159 48 ratione
1141 2631 72 48 &
1170 2631 188 48 quaelibet
1315 2631 116 48 alia
1387 2631 159 48 species
1488 2631 130 48 quanti-

155 2670 109 80 tatis
228 2670 97 80 quam
288 2670 157 80 contingit
409 2670 97 80 esse
470 2670 73 80 in
506 2670 97 80 deo.
591 2670 133 80 Secundo
688 2670 97 80 sic.
748 2670 145 80 secundum
857 2670 170 80 Augustinus
991 2670 85 80 vi.
1039 2670 73 80 de
1076 2670 121 80 Trini.
1160 2670 85 80 ca.
1209 2670 97 80 vii.
1269 2670 73 80 &.
1306 2670 85 80 xv.
1354 2670 97 80 lib.
1415 2670 73 80 c.
1451 2670 73 80 x.
1487 2670 73 80 in
1524 2670 133 80 diuinis
1609 2670 48 80 an
