2017 3229
114 256 149 66 titate
218 256 252 66 quomodocumque
426 256 149 66 fuerit
530 256 134 66 vnum:
619 256 208 66 necessario
782 256 178 66 sequitur
916 256 178 66 aequale,
1050 256 119 66 puta
1124 256 119 66 siue
1198 256 134 66 plura
1287 256 104 66 seu
1347 256 163 66 diuersa
1466 256 119 66 sint
1525 256 89 66 natu

114 316 92 56 ra
160 316 154 56 agente
267 316 77 56 &
298 316 92 56 re
344 316 200 56 absoluta,
497 316 138 56 sicut
590 316 123 56 vnum
666 316 169 56 specie,
789 316 138 56 sicut
881 316 123 56 sunt
958 316 169 56 diuersa
1081 316 200 56 indiuidua
1234 316 154 56 specie
1342 316 107 56 sub
1403 316 138 56 eadem
1480 316 138 56 specie,

123 354 99 64 aut
180 354 128 64 sicut
265 354 142 64 essent
364 354 85 64 in
407 354 156 64 diuinis
520 354 85 64 si
563 354 142 64 deitas
662 354 85 64 in
705 354 170 64 pluribus
833 354 170 64 personis
961 354 99 64 non
1018 354 128 64 esset
1103 354 99 64 vna
1160 354 256 64 singularitate,
1373 354 99 64 sed
1429 354 114 64 sola
1486 354 128 64 confor-

111 405 162 55 mitate,
229 405 88 55 vt
273 405 177 55 dixerunt
406 405 236 55 Semiarriani,
597 405 88 55 vt
642 405 162 55 habitum
760 405 103 55 est
818 405 147 55 supra:
922 405 118 55 siue
995 405 133 55 plura
1084 405 74 55 &
1113 405 162 55 diuersa
1231 405 118 55 sint
1305 405 88 55 re
1349 405 192 55 relatiua,
1496 405 88 55 vt
1540 405 103 55 mo-

113 451 90 47 do
158 451 120 47 sunt
233 451 120 47 tres
308 451 180 47 personae
442 451 90 47 in
487 451 180 47 diuinis,
622 451 120 47 siue
696 451 165 47 fuerint
816 451 165 47 diuersa
936 451 180 47 absoluta
1070 451 150 47 agente
1175 451 180 47 ratione,
1310 451 75 47 &
1340 451 105 47 hoc
1400 451 105 47 aut
1444 451 180 47 diuersita-

115 498 83 55 te
157 498 180 55 existente
296 498 83 55 in
337 498 167 55 vtroque,
462 498 83 55 vt
504 498 180 55 contingit
643 498 83 55 in
684 498 167 55 diuersis
809 498 208 55 attributis,
976 498 97 55 aut
1031 498 83 55 in
1073 498 139 55 altero
1170 498 153 55 tantum,
1281 498 83 55 vt
1323 498 180 55 contingit
1461 498 83 55 in
1503 498 139 55 aliquo

122 553 253 49 attributorum
328 553 206 49 comparato
486 553 206 49 essentiae
644 553 190 49 diuinae.
787 553 158 49 Petrus
898 553 127 49 enim
977 553 95 49 in
1024 553 237 49 diuersitate
1214 553 237 49 substantiae
1404 553 190 49 secundum
1531 553 79 49 rem

122 590 185 52 aequalis
260 590 108 52 est
322 590 139 52 Paulo
415 590 93 52 in
461 590 231 52 humanitate,
646 590 77 52 &
677 590 201 52 similiter
831 590 185 52 secundum
970 590 247 52 Semiarrianos
1171 590 139 52 pater
1263 590 154 52 filio:
1371 590 185 52 secundum
1495 590 123 52 catho-

113 635 135 48 licos
203 635 135 48 autem
293 635 150 48 filius
398 635 105 48 est
458 635 180 48 aequalis
593 635 135 48 patri
683 635 90 48 in
728 635 165 48 vnitate
848 635 225 48 substantiae
1029 635 180 48 secundum
1164 635 240 48 diuersitatem
1359 635 225 48 relationum.
1524 635 90 48 Simi

109 682 133 55 liter
198 682 88 55 in
242 682 162 55 diuinis
360 682 177 55 aequalia
493 682 118 55 sunt
566 682 162 55 bonitas
684 682 74 55 &
714 682 177 55 veritas,
846 682 118 55 quae
920 682 118 55 sunt
994 682 192 55 attributa
1141 682 162 55 diuersa
1259 682 177 55 ratione,
1392 682 74 55 &
1421 682 147 55 agente
1510 682 103 55 ratio

119 730 89 49 ne
164 730 89 49 in
209 730 164 49 vtroque
328 730 224 49 extremorum.
507 730 89 49 Et
551 730 134 49 etiam
641 730 179 49 aequalia
775 730 119 49 sunt
849 730 149 49 deitas
954 730 75 49 &
983 730 179 49 bonitas,
1117 730 89 49 in
1162 730 149 49 quibus
1266 730 209 49 diuersitas
1430 730 164 49 causata
1550 730 75 49 a
1564 730 60 49 ra

119 775 136 52 tione
210 775 106 52 est
270 775 91 52 in
316 775 197 52 bonitate,
467 775 106 52 non
528 775 136 52 autem
619 775 91 52 in
664 775 182 52 deitate.
800 775 136 52 Super
891 775 182 52 deitatem
1027 775 121 52 enim
1103 775 167 52 bonitas
1224 775 136 52 addit
1315 775 197 52 rationem,
1467 775 151 52 deitas
1557 775 61 52 au

109 820 112 55 tem
173 820 112 55 est
237 820 144 55 nomen
332 820 271 55 fundamentalis
556 820 223 55 essentiae.
731 820 175 55 Quantus
859 820 128 55 enim
938 820 112 55 est
1002 820 159 55 Petrus
1114 820 96 55 in
1162 820 144 55 forma
1257 820 191 55 speciei,
1401 820 159 55 tantus
1512 820 112 55 est
1560 820 48 55 &

119 866 167 49 Paulus:
241 866 167 49 quantus
362 866 107 49 est
423 866 183 49 secundum
560 866 244 49 Semiarrianos
758 866 152 49 pater,
865 866 152 49 tantus
971 866 107 49 est
1032 866 167 49 filius:
1154 866 76 49 &
1185 866 198 49 similiter
1337 866 183 49 secundum
1459 866 152 49 catholi-

122 914 102 56 cos
181 914 131 56 licet
268 914 233 56 diuersimode.
458 914 87 56 Et
501 914 146 56 quanta
603 914 102 56 est
661 914 87 56 in
705 914 160 56 diuinis
822 914 175 56 bonitas,
953 914 131 56 tanta
1040 914 102 56 est
1099 914 175 56 veritas:
1230 914 73 56 &
1259 914 146 56 quanta
1361 914 102 56 est
1419 914 160 56 deitas,
1521 914 102 56 tanta

119 959 103 46 est
178 959 177 46 bonitas.
311 959 192 46 Quantitas
458 959 118 46 enim
532 959 147 46 omnium
635 959 118 46 quae
709 959 118 46 sunt
782 959 88 46 in
826 959 177 46 diuinis,
959 959 103 46 non
1018 959 103 46 est
1077 959 118 46 nisi
1151 959 147 46 vnica,
1254 959 177 46 scilicet
1386 959 221 46 immensitas:
1548 959 74 46 pro

119 1002 111 59 pter
188 1002 111 59 quod
257 1002 83 59 in
299 1002 152 59 omnibus
409 1002 124 59 illis
492 1002 97 59 non
547 1002 97 59 est
603 1002 111 59 nisi
672 1002 207 59 aequalitas.
838 1002 97 59 Sic
893 1002 111 59 ergo
962 1002 166 59 breuiter
1086 1002 207 59 concedendum
1252 1002 97 59 est
1307 1002 111 59 quod
1376 1002 83 59 in
1418 1002 152 59 diuinis
1528 1002 97 59 est
1570 1002 55 59 po

121 1051 125 47 nere
200 1051 251 47 aequalitatem
404 1051 94 47 in
451 1051 204 47 diuersis,
607 1051 188 47 secundum
748 1051 157 47 dictos
843 1051 125 47 modos.

149 1090 139 64 Quia
237 1090 139 64 ergo
324 1090 157 64 primo
428 1090 227 64 arguitur,
602 1090 139 64 quod
690 1090 105 64 in
742 1090 192 64 diuinis
881 1090 122 64 non
951 1090 122 64 sit
1021 1090 174 64 omnino
1143 1090 174 64 ponere
1265 1090 105 64 ae
1317 1090 261 64 qualitatem,
1508 1090 105 64 quia

107 1146 88 58 in
151 1146 103 58 eis
210 1146 103 58 non
269 1146 103 58 est
327 1146 147 58 ponere
430 1146 235 58 quantitatem:
621 1146 117 58 Dico
694 1146 147 58 contra
797 1146 176 58 negantes
929 1146 117 58 esse
1002 1146 220 58 quantitatem
1178 1146 88 58 in
1222 1146 176 58 diuinis,
1354 1146 117 58 quod
1413 1146 205 58 inconveniens

113 1193 110 56 est
176 1193 142 56 illud
271 1193 126 56 quod
349 1193 157 56 dicere
460 1193 189 56 conantur
601 1193 189 56 secundum
743 1193 142 56 modum
837 1193 94 56 ab
885 1193 110 56 eis
947 1193 157 56 tactum
1058 1193 110 56 iam
1121 1193 142 56 supra
1215 1193 94 56 in
1262 1193 252 56 dissolutione
1467 1193 142 56 primi
1561 1193 110 56 ar-

116 1240 177 62 gumenti,
249 1240 177 62 scilicet
381 1240 118 62 quod
455 1240 162 62 species
572 1240 221 62 quantitatis
749 1240 162 62 aliquae
867 1240 177 62 secundum
999 1240 177 62 rationem
1132 1240 162 62 speciei
1249 1240 118 62 sint
1323 1240 88 62 in
1367 1240 118 62 deo,
1441 1240 103 62 non
1500 1240 132 62 autem
1573 1240 59 62 se

119 1287 155 54 cundum
227 1287 186 54 rationem
367 1287 186 54 generis,
506 1287 124 54 quia
584 1287 109 54 non
646 1287 109 54 est
708 1287 171 54 species
832 1287 93 54 in
878 1287 109 54 qua
940 1287 109 54 non
1002 1287 186 54 saluetur
1142 1287 140 54 ratio
1235 1287 186 54 generis,
1374 1287 109 54 nec
1421 1287 202 54 transfertur

115 1331 171 62 species
240 1331 93 62 ad
286 1331 155 62 diuina
395 1331 186 62 secundum
535 1331 186 62 rationem
674 1331 186 62 speciei,
814 1331 124 62 quin
892 1331 140 62 etiam
985 1331 140 62 simul
1078 1331 248 62 transferatur
1280 1331 186 62 secundum
1419 1331 186 62 rationem
1543 1331 78 62 ge-

106 1378 148 52 neris,
210 1378 89 52 vt
254 1378 192 52 expositum
402 1378 103 52 est
461 1378 192 52 superius.
638 1378 89 52 Et
683 1378 133 52 verum
772 1378 103 52 est
831 1378 118 52 quod
905 1378 163 52 dicitur
1023 1378 89 52 in
1067 1378 192 52 argumento
1215 1378 148 52 contra
1319 1378 133 52 illud
1407 1378 177 52 adducto,
1526 1378 103 52 scili

120 1422 101 58 cet
177 1422 115 58 quod
249 1422 101 58 per
307 1422 86 58 se
350 1422 202 58 quantitati
508 1422 158 58 ratione
624 1422 115 58 illa
696 1422 101 58 qua
753 1422 101 58 est
811 1422 187 58 quantitas
955 1422 173 58 conuenit
1085 1422 158 58 aequale
1200 1422 101 58 vel
1258 1422 187 58 inaequale
1402 1422 130 58 dici,
1488 1422 72 58 &
1517 1422 101 58 non
1560 1422 72 58 spe

115 1468 108 60 ciei
182 1468 108 60 nisi
249 1468 148 60 ratione
357 1468 148 60 generis
464 1468 188 60 existentis
613 1468 81 60 in
653 1468 121 60 illa,
734 1468 94 60 ita
788 1468 108 60 quod
855 1468 81 60 si
895 1468 148 60 species
1003 1468 202 60 quantitatis
1164 1468 121 60 esset
1245 1468 81 60 in
1286 1468 135 60 aliquo
1380 1468 108 60 sine
1447 1468 148 60 ratione
1541 1468 81 60 gene

117 1514 115 56 ris,
189 1514 173 56 secundum
318 1514 130 56 illam
405 1514 101 56 non
462 1514 187 56 diceretur
606 1514 158 56 aequale
721 1514 101 56 vel
779 1514 202 56 inaequale,
937 1514 130 56 sicut
1024 1514 187 56 contingit
1168 1514 101 56 cum
1225 1514 158 56 species
1340 1514 173 56 secundum
1470 1514 86 56 se
1513 1514 101 56 non
1556 1514 58 56 di

107 1559 139 56 citur
199 1559 216 56 relatione,
369 1559 139 56 licet
462 1559 185 56 secundum
601 1559 139 56 genus
693 1559 124 56 suum
771 1559 170 56 dicatur
894 1559 201 56 relatiue,
1049 1559 93 56 vt
1095 1559 201 56 contingit
1249 1559 93 56 in
1296 1559 185 56 scientia
1435 1559 77 56 &
1450 1559 170 56 medicina,

114 1606 136 51 sicut
205 1606 166 51 dicitur
326 1606 91 51 in
371 1606 212 51 argumento.
537 1606 91 51 Si
583 1606 151 51 igitur
688 1606 197 51 magnitudo
840 1606 166 51 species
961 1606 227 51 quantitatis
1142 1606 91 51 in
1187 1606 166 51 diuinis
1308 1606 166 51 amittit
1429 1606 181 51 rationem
1550 1606 76 51 ge-

108 1652 143 47 neris,
208 1652 86 47 vt
251 1652 100 47 non
309 1652 172 47 mereatur
438 1652 115 47 dici
509 1652 187 47 quantitas
653 1652 230 47 simpliciter,
839 1652 187 47 nequaquam
983 1652 158 47 dicetur
1098 1652 158 47 aliquid
1212 1652 172 47 secundum
1341 1652 129 47 illam
1428 1652 158 47 aequale
1542 1652 100 47 aut

120 1697 212 62 inaequale.
317 1697 106 62 Nec
377 1697 136 62 valet
468 1697 167 62 solutio
590 1697 91 62 ad
635 1697 212 62 argumentum
802 1697 182 62 adducta:
938 1697 182 62 scilicet
1074 1697 121 62 quod
1150 1697 106 62 non
1211 1697 167 62 dicitur
1332 1697 182 62 proprium
1453 1697 167 62 quantita-

111 1740 87 62 ti
155 1740 175 62 secundum
286 1740 102 62 eam
344 1740 160 62 aequale
461 1740 102 62 vel
519 1740 189 62 inaequale
664 1740 131 62 dici,
751 1740 116 62 nisi
824 1740 116 62 quia
897 1740 102 62 non
955 1740 189 62 inuenitur
1100 1740 116 62 nisi
1173 1740 87 62 in
1217 1740 189 62 speciebus
1362 1740 233 62 quantitatis:
1551 1740 102 62 qua

112 1790 92 52 si
158 1790 138 52 primo
250 1790 77 52 &
280 1790 107 52 per
342 1790 92 52 se
388 1790 230 52 consequatur
572 1790 184 52 rationes
710 1790 199 52 specierum
863 1790 230 52 diuersarum,
1047 1790 77 52 &
1077 1790 107 52 non
1139 1790 184 52 rationem
1277 1790 184 52 generis:
1415 1790 123 52 quod
1491 1790 107 52 est
1537 1790 77 52 im-

113 1834 207 58 possibile,
276 1834 89 58 vt
320 1834 118 58 bene
394 1834 148 58 probat
498 1834 207 58 argumentum
661 1834 89 58 in
705 1834 222 58 contrarium.
883 1834 118 58 Immo
957 1834 133 58 neque
1046 1834 89 58 in
1090 1834 163 58 diuinis
1209 1834 133 58 neque
1297 1834 89 58 in
1342 1834 192 58 creaturis
1490 1834 104 58 est
1549 1834 104 58 in-

118 1880 157 56 aequale
232 1880 157 56 ratione
346 1880 171 56 alicuius
475 1880 157 56 speciei
589 1880 228 56 quantitatis,
775 1880 114 56 quin
846 1880 100 56 hoc
903 1880 100 56 sit
960 1880 100 56 per
1017 1880 86 56 se
1060 1880 71 56 &
1089 1880 129 56 primo
1174 1880 157 56 ratione
1289 1880 157 56 generis
1403 1880 200 56 existentis
1560 1880 86 56 in

111 1924 130 50 illa:
197 1924 116 50 quae
270 1924 130 50 ratio
356 1924 159 50 generis
472 1924 87 50 si
515 1924 231 50 absolueretur
703 1924 72 50 a
732 1924 159 50 specie,
848 1924 188 50 nequaquam
992 1924 173 50 secundum
1122 1924 101 50 eam
1180 1924 159 50 ratione
1296 1924 101 50 sua
1354 1924 159 50 propria
1455 1924 159 50 diceretur

113 1971 217 57 inaequaliter
290 1971 149 57 omnino:
398 1971 122 57 sicut
479 1971 176 57 contingit
615 1971 81 57 in
655 1971 176 57 medicina,
791 1971 108 57 quae
858 1971 163 57 secundum
980 1971 163 57 rationem
1102 1971 163 57 propriam
1224 1971 163 57 nequadam
1346 1971 149 57 dicitur
1454 1971 163 57 relatiue
1563 1971 54 57 si

111 2016 91 46 cut
163 2016 142 46 dicitur
266 2016 168 46 scientia,
396 2016 104 46 nisi
461 2016 78 46 vt
499 2016 117 46 dicit
577 2016 142 46 Commen.
681 2016 155 46 scientia
797 2016 168 46 diceretur
927 2016 155 46 relatiue
1043 2016 78 46 ad
1082 2016 168 46 scientem,
1212 2016 104 46 quod
1276 2016 91 46 non
1328 2016 91 46 est
1380 2016 129 46 verum,
1471 2016 104 46 quia
1522 2016 91 46 scien

114 2062 96 52 tia
169 2062 164 52 secundum
292 2062 164 52 rationem
415 2062 177 52 scientiae
551 2062 96 52 non
606 2062 150 52 dicitur
715 2062 109 52 nisi
783 2062 82 52 ad
824 2062 164 52 scibile.
947 2062 164 52 Medicina
1070 2062 123 52 autem
1151 2062 164 52 secundum
1274 2062 164 52 propriam
1397 2062 164 52 rationem
1506 2062 123 52 speciei

113 2108 99 60 quae
175 2108 87 60 est
224 2108 161 60 medicina,
348 2108 137 60 dicitur
448 2108 74 60 ad
485 2108 149 60 scientem
597 2108 149 60 scilicet
708 2108 74 60 ad
746 2108 149 60 medicum,
857 2108 87 60 non
907 2108 74 60 ad
944 2108 149 60 scibile.
1056 2108 87 60 Sed
1106 2108 99 60 quod
1168 2108 137 60 dicitur
1267 2108 149 60 medicina
1379 2108 149 60 relatiue
1490 2108 74 60 ad
1515 2108 112 60 medici-

118 2154 120 60 nale
193 2154 120 60 siue
268 2154 209 60 medicabile
432 2154 135 60 sicut
522 2154 90 60 ad
567 2154 165 60 scibile
687 2154 135 60 suum,
776 2154 105 60 hoc
836 2154 105 60 est
896 2154 194 60 solummodo
1046 2154 180 60 secundum
1180 2154 180 60 rationem
1315 2154 165 60 generis
1435 2154 105 60 sui
1494 2154 120 60 quod
1554 2154 75 60 est

109 2197 166 50 scientia,
237 2197 179 50 existentis
378 2197 77 50 in
416 2197 90 50 ea:
468 2197 102 50 quae
532 2197 141 50 dicitur
634 2197 154 50 relatiue
749 2197 77 50 ad
788 2197 141 50 scibile
890 2197 205 50 simpliciter,
1057 2197 90 50 ita
1108 2197 102 50 quod
1172 2197 77 50 si
1210 2197 64 50 a
1236 2197 154 50 medicina
1351 2197 205 50 absolueretur
1518 2197 128 50 omnino

117 2244 108 49 ratio
189 2244 133 49 generis
286 2244 84 49 su.
334 2244 145 49 scilicet
442 2244 169 49 scientiae,
575 2244 157 49 nequaquam
695 2244 157 49 diceretur
816 2244 145 49 relatiue
924 2244 72 49 ad
960 2244 133 49 scibile
1057 2244 108 49 suum,
1129 2244 84 49 sed
1177 2244 72 49 ad
1213 2244 145 49 scientem
1322 2244 133 49 tantum.
1418 2244 145 49 scilicet
1515 2244 108 49 medicum

118 2289 156 57 Ratione
231 2289 113 57 enim
302 2289 156 57 generis
415 2289 99 57 sui
471 2289 113 57 quod
542 2289 99 57 est
599 2289 184 57 scientia,
740 2289 170 57 medicina
867 2289 85 57 de
910 2289 240 57 vniuersalibus
1108 2289 99 57 est
1164 2289 71 57 &
1193 2289 170 57 acceptis
1320 2289 85 57 ab
1362 2289 212 57 experientia
1518 2289 99 57 parti

117 2332 162 50 cularium
239 2332 68 50 &
266 2332 149 50 causata
374 2332 81 50 ab
415 2332 135 50 illis,
509 2332 68 50 &
536 2332 108 50 ideo
604 2332 162 50 refertur
725 2332 81 50 ad
766 2332 149 50 scibile
874 2332 81 50 vt
915 2332 176 50 mensurata
1050 2332 81 50 ab
1090 2332 122 50 illo.
1171 2332 149 50 Ratione
1279 2332 122 50 autem
1360 2332 108 50 sibi
1428 2332 149 50 propria
1536 2332 81 50 ex
1563 2332 54 50 na

105 2376 112 53 tura
175 2376 154 53 speciei
287 2376 84 53 de
328 2376 237 53 vniuersalibus
524 2376 98 53 est
580 2376 98 53 per
636 2376 182 53 naturalem
775 2376 168 53 rationem
901 2376 140 53 mediam
999 2376 195 53 applicatis
1152 2376 84 53 ad
1194 2376 237 53 particularia,
1390 2376 70 53 &
1418 2376 182 53 directiua
1543 2376 70 53 est

120 2426 140 47 operum
218 2426 238 47 particularium
414 2426 140 47 extra.
513 2426 84 47 Et
555 2426 112 47 ideo
625 2426 84 47 vt
667 2426 98 47 sic
723 2426 98 47 est
779 2426 210 47 applicatiua
947 2426 140 47 talium
1045 2426 70 47 &
1073 2426 196 47 directiua,
1227 2426 168 47 refertur
1354 2426 84 47 ad
1396 2426 154 47 medicum
1508 2426 84 47 vt
1536 2426 84 47 men-

115 2470 134 52 surata
208 2470 80 52 ab
248 2470 120 52 illo.
329 2470 80 52 Et
369 2470 107 52 quia
436 2470 120 52 talis
516 2470 161 52 directio
637 2470 228 52 particularium
824 2470 174 52 contingit
958 2470 80 52 in
998 2470 107 52 sola
1065 2470 161 52 scientia
1186 2470 174 52 practica:
1319 2470 147 52 idcirco
1427 2470 80 52 in
1467 2470 107 52 sola
1520 2470 94 52 scien

118 2516 94 59 tia
171 2516 161 59 practica
292 2516 175 59 contingit
426 2516 107 59 quod
494 2516 148 59 species
601 2516 161 59 secundum
722 2516 161 59 rationem
843 2516 148 59 generis
950 2516 148 59 dicitur
1057 2516 161 59 relatiue
1178 2516 81 59 ad
1219 2516 148 59 aliquod
1326 2516 121 59 vnum,
1407 2516 67 59 &
1433 2516 161 59 secundum
1541 2516 67 59 pro

110 2565 121 51 priam
190 2565 162 51 rationem
311 2565 148 51 speciei
419 2565 81 51 ad
459 2565 135 51 aliud,
554 2565 175 51 nequaquam
688 2565 121 51 autem
769 2565 81 51 in
809 2565 162 51 scientia
931 2565 215 51 speculatiua.
1106 2565 162 51 Scientia
1227 2565 108 51 enim
1294 2565 148 51 physica
1402 2565 94 51 non
1455 2565 148 51 dicitur
1563 2565 81 51 ad

117 2612 126 48 aliud
201 2612 112 48 quam
271 2612 84 48 ad
313 2612 154 48 scibile
425 2612 238 48 metaphysicum:
620 2612 98 48 nec
676 2612 210 48 mathematica
844 2612 112 48 nisi
914 2612 84 48 ad
956 2612 154 48 scibile
1068 2612 238 48 mathematicum.
1263 2612 98 48 Sic
1319 2612 168 48 scientia
1431 2612 182 48 simpliciter

101 2650 104 50 non
160 2650 163 50 dicitur
279 2650 119 50 nisi
353 2650 89 50 ad
398 2650 163 50 scibile
516 2650 237 50 simpliciter,
709 2650 89 50 vt
753 2650 163 50 omninon
872 2650 89 50 ad
916 2650 119 50 idem
990 2650 163 50 dicatur
1109 2650 163 50 species
1228 2650 163 50 ratione
1346 2650 163 50 generis
1465 2650 74 50 &
1480 2650 133 50 ratione

113 2699 166 67 propria
234 2699 197 67 differens
385 2699 136 67 solum
476 2699 181 67 secundum
612 2699 181 67 rationem
748 2699 166 67 generis
869 2699 76 67 &
899 2699 181 67 speciei.
1035 2699 227 67 Metaphysica
1217 2699 121 67 enim
1292 2699 106 67 non
1353 2699 106 67 est
1413 2699 121 67 nisi
1474 2699 151 67 scibilis

106 2746 74 81 &
136 2746 162 81 ratione
253 2746 103 81 qua
312 2746 103 81 est
371 2746 176 81 scientia
503 2746 221 81 simpliciter
680 2746 74 81 &
709 2746 162 81 ratione
827 2746 103 81 qua
886 2746 103 81 est
945 2746 235 81 metaphysica.
1136 2746 103 81 Sed
1195 2746 162 81 ratione
1312 2746 103 81 qua
1371 2746 103 81 est
1430 2746 176 81 scientia
1547 2746 74 81 sim
