2017 3231
411 276 88 63 in
455 276 118 63 deo,
529 276 177 63 secundum
662 276 295 63 praedeterminata.
912 276 74 63 â‹
942 276 103 63 Sed
1001 276 103 63 est
1060 276 236 63 aduertendum,
1251 276 118 63 quod
1325 276 118 63 amor
1399 276 88 63 vt
1443 276 133 63 habet
1531 276 177 63 rationem
1664 276 177 63 habitus,
1796 276 162 63 distin-

415 327 154 70 guitur
522 327 92 70 in
568 327 123 70 tres
645 327 138 70 modos
738 327 169 70 amoris,
861 327 185 70 secundum
999 327 123 70 quod
1076 327 185 70 respicit
1214 327 185 70 diuersos
1353 327 138 70 actus
1445 327 200 70 amationis
1599 327 154 70 quorum
1706 327 108 70 est
1752 327 185 70 principium

405 370 244 63 inclinatiuum:
606 370 72 63 &
635 370 187 63 similiter
778 370 86 63 in
821 370 129 63 alios
908 370 129 63 tres:
994 370 172 63 secundum
1123 370 115 63 quod
1195 370 172 63 respicit
1324 370 187 63 essentiam
1468 370 144 63 ipsius
1569 370 172 63 habitus.
1698 370 129 63 Primo
1784 370 115 63 modo
1856 370 101 63 di-

412 422 211 64 stinguitur
578 422 90 64 in
623 422 151 64 amorem
728 422 286 64 concupiscentiae
969 422 120 64 siue
1044 422 271 64 beniuolentiae:
1270 422 75 64 &
1300 422 90 64 in
1345 422 151 64 amorem
1450 422 271 64 beneficentiae:
1676 422 75 64 &
1706 422 90 64 in
1751 422 151 64 amorem
1842 422 90 64 con-

415 464 219 62 placentiae.
591 464 117 62 Amor
664 464 132 62 primo
752 464 117 62 modo
825 464 102 62 est
884 464 117 62 ille
957 464 102 62 quo
1015 464 161 62 volumus
1132 464 132 62 bonum
1220 464 161 62 alicui.
1337 464 176 62 Secundum
1469 464 117 62 quem
1542 464 88 62 ea
1586 464 117 62 quae
1659 464 146 62 alicui
1761 464 161 62 volumus
1864 464 73 62 non

414 512 186 59 dicimus
549 512 186 59 proprie
684 512 152 59 amare
786 512 118 59 sed
853 512 287 59 concupiscere:
1090 512 84 59 &
1123 512 152 59 illum
1225 512 152 59 amare
1326 512 118 59 cui
1394 512 152 59 bonum
1495 512 270 59 desideramus:
1714 512 253 59 quemadmodum

406 558 123 64 vult
483 558 77 64 &
514 558 123 64 amat
591 558 170 64 aliquis
714 558 154 64 vinum:
822 558 77 64 &
853 558 108 64 hoc
914 558 93 64 im
961 558 170 64 proprie
1084 558 77 64 &
1115 558 108 64 per
1177 558 200 64 accidens:
1331 558 123 64 quia
1408 558 123 64 amat
1485 558 139 64 ipsum
1577 558 123 64 sibi
1654 558 93 64 in
1701 558 139 64 vsum:
1793 558 77 64 &
1824 558 108 64 per
1870 558 62 64 se

411 603 131 60 amat
492 603 196 60 seipsum.
639 603 131 60 Iste
721 603 147 60 modus
819 603 163 60 amoris
933 603 114 60 non
998 603 147 60 cadit
1096 603 98 60 in
1145 603 114 60 deo
1211 603 131 60 nisi
1292 603 196 60 respectu
1439 603 245 60 creaturarum
1635 603 163 60 quibus
1749 603 131 60 vult
1815 603 114 60 bonum

417 652 150 66 propter
526 652 123 66 ipsas
608 652 204 66 subiectiue,
772 652 95 66 non
826 652 150 66 propter
935 652 95 66 se,
990 652 123 66 licet
1072 652 95 66 per
1126 652 150 66 ordinem
1235 652 82 66 ab
1276 652 123 66 bonum
1358 652 109 66 quod
1426 652 95 66 est
1481 652 123 66 ipse.
1562 652 109 66 Amor
1630 652 232 66 beneficentiae
1821 652 95 66 est
1862 652 82 66 ille

408 698 111 63 quo
471 698 111 63 non
535 698 142 63 solum
629 698 142 63 bonum
724 698 158 63 alicui
835 698 237 63 desideramus
1024 698 111 63 sed
1088 698 158 63 facere
1198 698 237 63 disponimus.
1388 698 95 63 Et
1435 698 111 63 est
1499 698 126 63 iste
1578 698 142 63 modus
1672 698 205 63 similiter
1830 698 95 63 in
1862 698 79 63 deo

409 758 194 46 respectu
554 758 259 46 creaturarum:
765 758 81 46 &
797 758 113 46 non
862 758 178 46 differt
991 758 162 46 multum
1104 758 81 46 a
1136 758 162 46 primo.
1250 758 146 46 Amore
1347 758 275 46 complacentiae
1573 758 178 46 volumus
1702 758 146 46 bonum
1783 758 162 46 alicuius

419 788 87 60 vt
463 788 102 60 est
521 788 131 60 eius,
609 788 116 60 quia
681 788 87 60 in
725 788 116 60 ipso
798 788 131 60 nobis
885 788 204 60 complacet.
1045 788 87 60 Et
1088 788 102 60 est
1147 788 116 60 iste
1219 788 131 60 modus
1307 788 204 60 verissimus
1467 788 160 60 amoris:
1583 788 116 60 quia
1656 788 102 60 est
1714 788 116 60 boni
1787 788 175 60 secundum

421 840 114 63 quod
492 840 100 63 est
549 840 128 63 bonum
634 840 114 63 siue
705 840 171 63 secundum
833 840 114 63 quod
905 840 100 63 est
961 840 185 63 honestum,
1104 840 100 63 non
1161 840 171 63 secundum
1289 840 114 63 quod
1360 840 100 63 est
1417 840 128 63 vtile
1502 840 100 63 aut
1559 840 228 63 delectabile.
1744 840 71 63 &
1772 840 100 63 est
1829 840 85 63 in
1858 840 71 63 deo

424 888 282 56 perfectissimus
660 888 78 56 &
691 888 188 56 respectu
832 888 110 56 sui
895 888 78 56 &
926 888 188 56 respectu
1067 888 251 56 creaturarum.
1271 888 125 56 Vult
1350 888 125 56 enim
1428 888 125 56 deus
1507 888 141 56 bonum
1601 888 267 56 vniuscuiusque
1805 888 125 56 secun-

408 941 104 50 dum
468 941 119 50 quod
542 941 134 50 eius,
632 941 119 50 siue
706 941 119 50 sui,
781 941 119 50 siue
855 941 194 50 alterius:
1004 941 134 50 licet
1094 941 134 50 bonum
1183 941 179 50 alterius
1317 941 119 50 vult
1392 941 89 50 in
1436 941 149 50 ordine
1541 941 89 50 ad
1585 941 134 50 bonum
1675 941 119 50 quod
1749 941 104 50 est
1809 941 134 50 eius.
1883 941 60 50 Se

407 984 166 53 cundum
523 984 133 53 vero
606 984 133 53 quod
689 984 133 53 amor
772 984 199 53 respicit
921 984 116 53 aut
988 984 182 53 nominat
1120 984 216 53 essentiam
1286 984 166 53 ipsius
1402 984 199 53 habitus,
1552 984 265 53 distinguitur
1767 984 99 53 in
1800 984 133 53 amorem

412 1025 228 58 naturalem,
591 1025 228 58 liberalem,
770 1025 81 58 &
802 1025 228 58 gratuitum.
981 1025 98 58 Et
1030 1025 114 58 est
1095 1025 130 58 amor
1176 1025 211 58 naturalis
1339 1025 98 58 in
1388 1025 179 58 omnibus
1518 1025 179 58 entibus
1648 1025 146 58 iuxta
1746 1025 163 58 gradum
1860 1025 114 58 ap-

413 1075 161 59 petitus
530 1075 88 59 in
574 1075 117 59 eis,
647 1075 88 59 vt
691 1075 146 59 dictum
794 1075 117 59 est:
867 1075 73 59 &
896 1075 102 59 est
955 1075 132 59 etiam
1043 1075 88 59 in
1086 1075 190 59 agentibus
1233 1075 102 59 per
1291 1075 219 59 voluntatem,
1467 1075 205 59 principium
1628 1075 73 59 &
1657 1075 132 59 origo
1745 1075 132 59 omnis
1818 1075 117 59 volun-

410 1123 152 55 tariae
516 1123 197 55 actionis,
667 1123 106 55 non
728 1123 167 55 cessans
849 1123 197 55 inclinare
1001 1123 212 55 voluntatem
1167 1123 91 55 in
1213 1123 136 55 actum
1304 1123 167 55 volendi
1425 1123 152 55 bonum:
1531 1123 106 55 sed
1592 1123 273 55 indeterminate.
1804 1123 136 55 dicente

413 1166 191 49 Augustino
560 1166 88 49 in
605 1166 221 49 expositione
781 1166 147 49 tituli
884 1166 162 49 psalmi.
1002 1166 88 49 x.
1046 1166 132 49 Beati
1134 1166 162 49 quorum.
1252 1166 118 49 Ipsa
1326 1166 177 49 dilectio
1458 1166 147 49 vacare
1561 1166 103 49 non
1620 1166 162 49 potest.
1738 1166 118 49 Quid
1811 1166 118 49 enim
1870 1166 59 49 de

417 1208 214 58 vnoquoque
581 1208 164 58 homine
696 1208 148 58 etiam
794 1208 131 58 male
876 1208 197 58 operatur
1024 1208 131 58 nisi
1106 1208 148 58 amor:
1205 1208 131 58 Vnde
1287 1208 131 58 iste
1369 1208 131 58 amor
1451 1208 99 58 in
1501 1208 148 58 nobis
1599 1208 148 58 origo
1698 1208 115 58 est
1763 1208 82 58 &
1780 1208 164 58 fundamen

410 1253 103 62 tum
469 1253 148 62 amoris
573 1253 207 62 liberalis,
735 1253 103 62 qui
794 1253 192 62 consistit
942 1253 89 62 in
986 1253 207 62 virtutibus
1148 1253 221 62 acquisitis:
1325 1253 74 62 &
1355 1253 89 62 ex
1399 1253 192 62 contrario
1547 1253 148 62 amoris
1650 1253 221 62 illiberalis
1827 1253 74 62 &
1842 1253 103 62 faci-

407 1301 149 56 norosi
512 1301 104 56 qui
571 1301 194 56 consistit
720 1301 90 56 in
765 1301 164 56 vitiis.
885 1301 119 56 Vnde
959 1301 179 56 secundum
1093 1301 119 56 quod
1168 1301 104 56 est
1228 1301 209 56 principium
1392 1301 194 56 inclinans
1541 1301 90 56 ad
1586 1301 134 56 bonum
1675 1301 239 56 simpliciter,
1854 1301 90 56 dici

413 1352 110 56 tur
476 1352 189 56 Charitas
618 1352 142 56 large
713 1352 174 56 sumendo
839 1352 237 56 charitatem.
1029 1352 189 56 Secundum
1171 1352 126 56 vero
1250 1352 126 56 quod
1329 1352 110 56 est
1392 1352 221 56 principium
1565 1352 205 56 inclinans
1723 1352 95 56 ad
1770 1352 142 56 bonum
1849 1352 95 56 appa

413 1391 124 56 rens
490 1391 77 56 &
521 1391 93 56 vt
567 1391 139 56 nunc,
660 1391 170 56 dicitur
784 1391 155 56 libido
892 1391 108 56 vel
954 1391 217 56 cupiditas.
1125 1391 93 56 Et
1171 1391 108 56 est
1233 1391 124 56 idem
1310 1391 93 56 in
1357 1391 155 56 radice
1465 1391 186 56 naturae.
1604 1391 124 56 vnde
1682 1391 139 56 dicit
1759 1391 186 56 Augustinus

423 1440 157 56 ibidem.
537 1440 129 56 Purga
623 1440 114 56 ergo
694 1440 143 56 amorem
794 1440 129 56 tuum:
880 1440 129 56 aquam
966 1440 171 56 fluentem
1094 1440 86 56 in
1137 1440 171 56 cloacam,
1266 1440 171 56 converte
1394 1440 86 56 ad
1437 1440 157 56 hortum.
1551 1440 143 56 Quales
1651 1440 157 56 impetus
1766 1440 157 56 habebat
1880 1440 86 56 ad

421 1484 165 56 mundum,
541 1484 135 56 tales
630 1484 150 56 habeat
735 1484 90 56 ad
780 1484 194 56 artificem
930 1484 150 56 mundi.
1034 1484 105 56 Non
1094 1484 135 56 vobis
1184 1484 165 56 dicitur
1304 1484 135 56 nihil
1393 1484 165 56 ametis:
1513 1484 150 56 absit:
1618 1484 135 56 pigri
1708 1484 150 56 mortui
1797 1484 135 56 detesta

412 1531 95 52 ti
460 1531 158 52 miseri
570 1531 174 52 eritis.
697 1531 158 52 Amate.
808 1531 111 52 Sed
871 1531 127 52 quid
950 1531 174 52 ametis,
1077 1531 174 52 videte.
1203 1531 127 52 Amor
1282 1531 127 52 dei,
1362 1531 127 52 amor
1441 1531 190 52 proximi,
1583 1531 190 52 charitas
1725 1531 190 52 dicitur.
1852 1531 95 52 Amor

411 1577 150 53 mundi,
516 1577 120 53 amor
591 1577 135 53 huius
681 1577 165 53 seculi,
801 1577 195 53 cupiditas
951 1577 180 53 dicitur:
1086 1577 195 53 cupiditas
1237 1577 225 53 refrenetur:
1417 1577 180 53 charitas
1552 1577 210 53 excitetur.
1717 1577 90 53 Et
1762 1577 105 53 sic
1822 1577 90 53 ab
1852 1577 90 53 amo-

422 1630 93 54 re
468 1630 185 54 naturali
607 1630 185 54 oriuntur
746 1630 124 54 ista
823 1630 124 54 duo,
900 1630 139 54 quasi
993 1630 124 54 duae
1070 1630 170 54 radices
1194 1630 185 54 virtutum
1333 1630 77 54 &
1364 1630 154 54 operum
1472 1630 201 54 virtutis:
1627 1630 77 54 &
1657 1630 170 54 radices
1781 1630 185 54 vitiorum
1905 1630 46 54 &

425 1674 161 61 operum
538 1674 210 61 vitiorum.
699 1674 129 61 Vnde
780 1674 81 61 &
812 1674 113 61 per
876 1674 274 61 distinctionem
1102 1674 161 61 amoris
1215 1674 97 61 in
1264 1674 161 61 amorem
1376 1674 113 61 qui
1441 1674 113 61 est
1506 1674 97 61 in
1554 1674 161 61 finem:
1667 1674 81 61 &
1699 1674 97 61 in
1747 1674 113 61 eum
1812 1674 113 61 qui
1860 1674 81 61 est

425 1715 91 59 ad
470 1715 151 59 finem,
576 1715 257 59 distinguuntur
788 1715 197 59 praecepta
939 1715 136 59 legis
1030 1715 166 59 diuinae
1151 1715 91 59 in
1197 1715 197 59 praecepta
1348 1715 151 59 primae
1454 1715 166 59 tabulae
1575 1715 121 59 quae
1650 1715 197 59 pertinent
1802 1715 91 59 ad
1832 1715 121 59 amorem

419 1762 122 52 dei:
495 1762 76 52 &
525 1762 91 52 in
571 1762 198 52 praecepta
723 1762 183 52 secundae
860 1762 167 52 tabulae
982 1762 122 52 quae
1058 1762 198 52 pertinent
1210 1762 91 52 ad
1256 1762 152 52 amorem
1363 1762 183 52 proximi.
1500 1762 122 52 Iste
1576 1762 122 52 amor
1652 1762 198 52 naturalis
1804 1762 91 52 in
1834 1762 107 52 volun

419 1810 125 58 tate
497 1810 109 58 dei
560 1810 109 58 est
622 1810 94 58 vt
669 1810 187 58 voluntas
809 1810 109 58 est
872 1810 172 58 natura:
996 1810 78 58 &
1028 1810 187 58 secundum
1168 1810 187 58 rationem
1308 1810 78 58 &
1339 1810 172 58 ordinem
1464 1810 218 58 conceptuum
1636 1810 156 58 nostri
1729 1810 203 58 intellectus

416 1855 97 63 est
472 1855 125 63 quasi
555 1855 167 63 praeuius
680 1855 125 63 actui
764 1855 153 63 volendi
875 1855 153 63 elicito
986 1855 69 63 a
1014 1855 139 63 diuina
1111 1855 195 63 voluntate,
1264 1855 181 63 inclinans
1403 1855 125 63 ipsum
1486 1855 83 63 in
1528 1855 125 63 bonum
1611 1855 111 63 quod
1681 1855 97 63 est
1737 1855 125 63 ipse:
1820 1855 83 63 in
1862 1855 111 63 quod

423 1897 132 64 ipsa
506 1897 232 64 semetipsam
688 1897 165 64 libere
804 1897 83 64 &
837 1897 149 64 quasi
936 1897 265 64 eligibiliter
1151 1897 149 64 mouet
1250 1897 182 64 volendo
1383 1897 83 64 &
1416 1897 165 64 amando
1532 1897 198 64 seipsum.
1680 1897 99 64 Et
1730 1897 132 64 quia
1813 1897 116 64 est
1862 1897 83 64 so-

411 1943 112 58 lum
475 1943 225 58 principium
652 1943 209 58 inclinans
812 1943 112 58 non
876 1943 176 58 mouens,
1005 1943 144 58 nihil
1101 1943 176 58 derogat
1229 1943 209 58 libertati
1390 1943 176 58 diuinae
1518 1943 241 58 voluntatis:
1710 1943 128 58 immo
1791 1943 144 58 magis
1871 1943 80 58 est

418 1996 87 51 in
462 1996 204 51 firmitatem
622 1996 219 51 libertatis.
797 1996 117 51 Quae
870 1996 175 51 voluntas
1001 1996 131 51 quasi
1089 1996 204 51 inclinatur
1249 1996 102 51 per
1307 1996 160 51 amorem:
1424 1996 73 51 &
1453 1996 160 51 propria
1570 1996 131 51 quasi
1657 1996 189 51 electione
1803 1996 131 51 tenet
1876 1996 58 51 se

414 2041 221 60 immutabili
588 2041 237 60 necessitate
777 2041 252 60 concomitante
982 2041 95 60 in
1029 2041 126 60 bono
1108 2041 158 60 amato.
1219 2041 95 60 In
1266 2041 158 60 homine
1376 2041 142 60 autem
1471 2041 79 60 &
1502 2041 95 60 in
1550 2041 158 60 angelo
1660 2041 173 60 tempore
1771 2041 173 60 praecedit

418 2094 124 53 eius
496 2094 217 53 inclinatio
667 2094 93 53 in
713 2094 140 53 bonum
806 2094 124 53 ante
884 2094 140 53 omnem
977 2094 140 53 actum
1070 2094 171 53 volendi
1194 2094 202 53 electiuum
1349 2094 186 53 elicitum
1488 2094 93 53 ex
1535 2094 202 53 voluntate
1690 2094 186 53 angelica
1829 2094 109 53 aut
1876 2094 62 53 hu

424 2130 140 62 mana.
518 2130 140 62 Vtrum
611 2130 140 62 autem
704 2130 140 62 actus
797 2130 171 62 volendi
921 2130 109 62 non
983 2130 202 62 electiuus
1138 2130 93 62 in
1185 2130 155 62 angelo
1293 2130 217 62 praecessit
1464 2130 155 62 primum
1573 2130 140 62 actum
1666 2130 171 62 volendi
1774 2130 171 62 electiuum

436 2179 89 57 uo
481 2179 134 57 malus
570 2179 164 57 angelus
689 2179 119 57 erat
763 2179 223 57 obstinatus:
942 2179 74 57 &
971 2179 134 57 bonus
1061 2179 104 57 per
1120 2179 164 57 gratiam
1239 2179 238 57 confirmatus:
1432 2179 89 57 de
1477 2179 104 57 hoc
1537 2179 134 57 nihil
1626 2179 89 57 ad
1670 2179 193 57 praesens.
1819 2179 89 57 Et
1849 2179 89 57 quia

415 2222 126 57 iste
494 2222 126 57 amor
573 2222 189 57 inclinat
714 2222 94 57 in
762 2222 142 57 modum
856 2222 173 57 naturae
982 2222 94 57 ad
1029 2222 126 57 vnum
1108 2222 189 57 vltimum:
1249 2222 126 57 ideo
1328 2222 189 57 comparat
1470 2222 220 57 Augustinus
1643 2222 110 57 eum
1706 2222 173 57 ponderi
1832 2222 94 57 in
1863 2222 79 57 gra

415 2269 132 53 uibus
503 2269 73 53 &
533 2269 162 53 leuibus
650 2269 103 53 cum
709 2269 147 53 dicit.
812 2269 132 53 xiii.
900 2269 132 53 libro
989 2269 235 53 confessionum
1180 2269 162 53 capite.
1297 2269 103 53 ix.
1356 2269 88 53 Te
1400 2269 162 53 fruimur
1518 2269 162 53 requies
1635 2269 162 53 nostra,
1753 2269 132 53 locus
1826 2269 118 53 noster

417 2320 128 58 amor
497 2320 144 58 illuc
593 2320 192 58 attollit
737 2320 128 58 nos:
816 2320 160 58 corpus
928 2320 176 58 pondere
1056 2320 112 58 suo
1120 2320 176 58 nititur
1248 2320 96 58 ad
1296 2320 144 58 locum
1392 2320 144 58 suum:
1488 2320 144 58 ignis
1583 2320 176 58 sursum,
1711 2320 176 58 deorsum
1823 2320 112 58 lapis

405 2361 116 55 sua
472 2361 132 55 loca
554 2361 182 55 petunt.
687 2361 149 55 minus
786 2361 199 55 ordinata
935 2361 199 55 inquieta
1084 2361 149 55 sunt:
1183 2361 232 55 ordinantur
1365 2361 83 55 &
1398 2361 232 55 quiescunt.
1580 2361 165 55 Pondus
1696 2361 132 55 meum
1779 2361 132 55 amor
1845 2361 99 55 meus

419 2408 90 59 eo
464 2408 135 59 feror
554 2408 195 59 quocumque
704 2408 150 59 feror.
809 2408 120 59 Amor
883 2408 135 59 autem
973 2408 195 59 liberalis
1123 2408 90 59 in
1168 2408 300 59 intellectualibus
1423 2408 120 59 est:
1498 2408 75 59 &
1528 2408 195 59 consistit
1677 2408 90 59 in
1722 2408 195 59 habitibus
1857 2408 90 59 vir-

420 2461 145 55 tutum
517 2461 275 55 includentibus
743 2461 97 55 in
792 2461 97 55 se
840 2461 162 55 amorem
953 2461 226 55 naturalem,
1131 2461 113 55 sub
1196 2461 129 55 modo
1276 2461 242 55 perfectiori
1470 2461 210 55 inclinans
1632 2461 97 55 in
1680 2461 145 55 bonum
1761 2461 178 55 simplici-

418 2501 106 65 ter
479 2501 122 65 quam
555 2501 182 65 secundum
691 2501 122 65 quod
767 2501 122 65 erat
843 2501 122 65 pure
919 2501 213 65 naturalis.
1087 2501 91 65 Et
1132 2501 106 65 est
1193 2501 91 65 in
1239 2501 152 65 homine
1345 2501 122 65 amor
1421 2501 198 65 naturalis
1573 2501 137 65 radix
1664 2501 76 65 &
1695 2501 137 65 origo
1786 2501 152 65 amoris
1877 2501 61 65 li

426 2557 162 46 beralis
544 2557 74 46 &
574 2557 147 46 omnium
677 2557 177 46 habituum
809 2557 236 46 virtuosorum:
1001 2557 88 46 vt
1045 2557 118 46 sint
1119 2557 162 46 habitus
1237 2557 177 46 virtutum
1369 2557 133 46 nihil
1458 2557 133 46 aliud
1546 2557 118 46 quam
1620 2557 280 46 determinationes
1841 2557 88 46 amo-

420 2598 113 55 ris
484 2598 225 55 naturalis:
661 2598 161 55 quibus
774 2598 241 55 determinate
967 2598 193 55 inclinat
1112 2598 97 55 ad
1160 2598 145 55 bonum
1256 2598 193 55 secundum
1401 2598 129 55 quod
1482 2598 113 55 est
1546 2598 145 55 finis
1642 2598 225 55 diuersarum
1803 2598 129 55 virtu-

424 2639 131 57 tum:
505 2639 82 57 &
538 2639 114 57 per
603 2639 147 57 fines
701 2639 196 57 proprios
848 2639 98 57 ad
897 2639 147 57 finem
995 2639 163 57 omnium
1109 2639 180 57 bonorum
1240 2639 212 57 communem.
1403 2639 98 57 in
1452 2639 114 57 quo
1518 2639 212 57 consistit
1681 2639 212 57 beatitudo
1844 2639 82 57 &
1860 2639 82 57 fi-

418 2686 114 60 nis
483 2686 212 60 virtutum.
646 2686 179 60 dicente
776 2686 212 60 Augustino
939 2686 98 60 de
988 2686 179 60 moribus
1118 2686 212 60 ecclesiae
1281 2686 179 60 capite,
1411 2686 114 60 xv.
1476 2686 114 60 Non
1541 2686 195 60 arbitror
1688 2686 114 60 cum
1753 2686 98 60 de
1785 2686 147 60 moribus

425 2732 76 55 &
455 2732 121 55 vita
531 2732 106 55 sit
591 2732 197 55 quaestio,
743 2732 167 55 amplius
864 2732 121 55 esse
940 2732 212 55 quaerendum
1106 2732 121 55 quod
1182 2732 106 55 sit
1242 2732 167 55 hominis
1364 2732 151 55 summum
1470 2732 136 55 bonum
1560 2732 106 55 quo
1621 2732 197 55 referenda
1772 2732 121 55 sunt
1833 2732 106 55 omnia

421 2788 122 65 nisi
497 2788 122 65 quod
573 2788 152 65 habere
680 2788 107 65 est
741 2788 244 65 beatissimum:
939 2788 91 65 id
985 2788 137 65 autem
1076 2788 137 65 solus
1168 2788 137 65 deus:
1259 2788 107 65 cui
1320 2788 168 65 haerere
1442 2788 107 65 non
1503 2788 168 65 valemus
1625 2788 122 65 nisi
1701 2788 229 65 dilectione,
1869 2788 76 65 amo
