2017 3201
383 247 207 64 solummodo
543 247 159 64 habent
654 247 128 64 esse
734 247 96 64 in
782 247 191 64 personis
925 247 144 64 ipsas
1021 247 239 64 denominando
1212 247 175 64 quales:
1340 247 207 64 quaelibet
1499 247 128 64 enim
1579 247 207 64 diuinarum
1722 247 144 64 persona

394 297 100 57 rum
451 297 114 57 bona
522 297 100 57 est
580 297 71 57 &
608 297 157 57 sapiens
722 297 71 57 &
751 297 157 57 caetera
865 297 200 57 huiusmodi:
1023 297 100 57 non
1080 297 129 57 autem
1166 297 86 57 in
1208 297 100 57 eis
1266 297 114 57 quae
1337 297 114 57 sunt
1409 297 157 57 aliquid
1523 297 172 57 personae
1652 297 100 57 vel
1694 297 172 57 personarum

401 343 90 56 Non
452 343 102 56 enim
516 343 141 56 dicimus
619 343 141 56 proprie
721 343 102 56 quod
785 343 141 56 deitas,
888 343 192 56 paternitas,
1041 343 154 56 filiatio
1157 343 64 56 &
1182 343 179 56 caeterorum
1323 343 141 56 aliquod
1426 343 90 56 est
1477 343 154 56 sapiens:
1592 343 141 56 fortis,
1695 343 64 56 &
1720 343 141 56 caetera
1810 343 51 56 hu

398 392 155 55 iusmodi:
514 392 90 55 nec
566 392 103 55 quod
631 392 168 55 sapientia
760 392 90 55 est
812 392 116 55 bona,
889 392 129 55 fortis
979 392 65 55 &
1005 392 142 55 caetera
1109 392 181 55 huiusmodi.
1251 392 65 55 &
1277 392 90 55 sic
1328 392 78 55 de
1367 392 155 55 caeteris
1483 392 155 55 talibus.
1600 392 103 55 Dico
1664 392 116 55 autem
1742 392 103 55 quod
1793 392 65 55 non

403 433 163 53 proprie
522 433 163 53 dicimus
640 433 89 53 in
685 433 163 53 diuinis
803 433 118 53 quod
877 433 192 53 sapientia
1025 433 104 53 est
1084 433 118 53 bona
1158 433 104 53 aut
1218 433 192 53 magnitudo
1366 433 104 53 aut
1425 433 163 53 aliquod
1543 433 163 53 talium:
1662 433 74 53 &
1691 433 104 53 hoc
1751 433 148 53 inquan

396 478 108 65 tum
457 478 123 65 illa
534 478 169 65 bonitas
657 478 169 65 nominat
780 478 231 65 qualitatem.
965 478 108 65 Sed
1026 478 169 65 bonitas
1149 478 200 65 inquantum
1303 478 169 65 nominat
1426 478 92 65 id
1472 478 123 65 quod
1549 478 185 65 pertinet
1687 478 92 65 ad
1718 478 154 65 rationem

396 530 257 58 perfectionalem
610 530 86 58 in
653 530 171 58 essentia
781 530 185 58 deitatis,
924 530 157 58 nominat
1038 530 128 58 omnia
1123 530 114 58 quae
1195 530 114 58 sunt
1266 530 86 58 in
1309 530 171 58 diuinis,
1437 530 171 58 scilicet
1565 530 128 58 prout
1651 530 157 58 bonitas
1765 530 100 58 est
1808 530 57 58 no

399 580 99 50 men
455 580 183 50 bonitatis
596 580 155 50 naturae
709 580 99 50 non
765 580 141 50 moris.
864 580 155 50 Dicitur
977 580 113 50 enim
1047 580 113 50 bene
1118 580 113 50 quod
1188 580 141 50 deitas
1287 580 99 50 est
1343 580 127 50 bona:
1428 580 113 50 quod
1498 580 183 50 sapientia
1639 580 99 50 est
1696 580 127 50 bona:
1780 580 70 50 &
1795 580 70 50 sic

407 618 92 55 de
453 618 169 55 omnibus
576 618 123 55 quae
652 618 123 55 sunt
729 618 92 55 in
775 618 184 55 diuinis:
913 618 138 55 sicut
1005 618 169 55 dicitur
1128 618 92 55 de
1174 618 169 55 omnibus
1297 618 123 55 quae
1374 618 123 55 sunt
1451 618 107 55 ens
1512 618 154 55 bonum,
1619 618 107 55 cum
1681 618 138 55 verum
1773 618 77 55 &
1788 618 77 55 ens

397 660 96 57 in
445 660 207 57 vnoquoque
604 660 271 57 conuertuntur:
827 660 111 57 non
891 660 111 57 sic
954 660 143 57 autem
1050 660 143 57 bonum
1146 660 127 57 quod
1225 660 143 57 habet
1321 660 191 57 rationem
1464 660 159 57 moris,
1575 660 175 57 dicitur
1703 660 96 57 de
1735 660 143 57 omnibus

405 711 127 55 quae
485 711 127 55 sunt
564 711 95 55 in
612 711 191 55 diuinis.
755 711 207 55 Similiter
914 711 143 55 verum
1009 711 79 55 &
1041 711 111 55 ens
1104 711 79 55 &
1136 711 143 55 bonum
1231 711 270 55 conuertuntur:
1454 711 111 55 non
1517 711 143 55 autem
1613 711 143 55 verum
1708 711 127 55 quod
1788 711 111 55 ha-

399 751 105 57 bet
459 751 180 57 rationem
594 751 150 57 moris.
699 751 75 57 &
729 751 105 57 sic
790 751 90 57 de
835 751 180 57 pulchro,
970 751 75 57 &
1000 751 180 57 caeteris
1135 751 210 57 huiusmodi:
1300 751 150 57 siquae
1405 751 120 57 sunt
1480 751 90 57 in
1526 751 165 57 diuinis
1646 751 135 57 alia,
1721 751 150 57 secundum

404 793 122 66 quae
480 793 152 66 aliqua
586 793 91 66 in
632 793 167 66 diuinis
753 793 106 66 non
814 793 122 66 sunt
890 793 122 66 nata
966 793 122 66 dici
1042 793 167 66 similia
1163 793 106 66 vno
1224 793 137 66 modo:
1315 793 76 66 &
1346 793 182 66 secundum
1482 793 122 66 quae
1558 793 152 66 aliqua
1665 793 122 66 nata
1740 793 122 66 sunt
1801 793 61 66 di

403 841 85 61 ci
445 841 156 61 similia
559 841 114 61 alio
630 841 128 61 modo.
715 841 128 61 Licet
800 841 114 61 ergo
871 841 99 61 non
928 841 99 61 sit
985 841 199 61 similitudo
1141 841 85 61 in
1184 841 156 61 talibus
1297 841 199 61 attributis
1453 841 199 61 comparatis
1609 841 128 61 inter
1695 841 85 61 se
1723 841 142 61 postquam

389 883 99 61 non
446 883 99 61 est
502 883 114 61 nata
573 883 142 61 inesse
673 883 128 61 illis
758 883 185 61 qualitas,
900 883 170 61 secundum
1028 883 114 61 quam
1099 883 128 61 solam
1184 883 114 61 nata
1255 883 114 61 sunt
1326 883 114 61 dici
1397 883 156 61 similia
1511 883 199 61 quaecunque
1667 883 114 61 sunt
1724 883 142 61 similia,

405 934 101 55 aut
462 934 115 55 nata
534 934 115 55 sunt
606 934 115 55 esse
678 934 159 55 similia
794 934 86 55 in
837 934 173 55 diuinis,
967 934 101 55 hoc
1024 934 86 55 in
1068 934 130 55 nullo
1154 934 159 55 impedit
1270 934 187 55 perfectam
1414 934 245 55 similitudinem
1616 934 115 55 esse
1688 934 86 55 in
1731 934 173 55 diuinis:

402 974 168 63 postquam
528 974 168 63 perfecta
654 974 196 63 similitudo
808 974 84 63 in
850 974 154 63 diuinis
962 974 98 63 est
1018 974 84 63 in
1060 974 126 63 illis
1144 974 140 63 quibus
1242 974 126 63 inest
1326 974 182 63 qualitas:
1466 974 168 63 secundum
1592 974 112 63 quam
1662 974 112 63 nata
1732 974 112 63 sunt
1788 974 84 63 ali-

410 1017 99 64 qua
466 1017 113 64 dici
537 1017 156 64 similia
651 1017 85 64 in
693 1017 170 64 diuinis:
821 1017 85 64 vt
863 1017 113 64 sunt
934 1017 128 64 solae
1019 1017 184 64 personae,
1161 1017 128 64 prout
1246 1017 227 64 declarabitur
1430 1017 85 64 in
1472 1017 142 64 quarta
1572 1017 198 64 quaestione
1713 1017 156 64 sequenti.

436 1063 87 58 Ad
480 1063 174 58 secundum
610 1063 116 58 quod
683 1063 101 58 non
741 1063 101 58 est
799 1063 130 58 plena
886 1063 174 58 perfecta
1016 1063 72 58 &
1045 1063 174 58 omnimoda
1175 1063 203 58 similitudo
1335 1063 87 58 in
1378 1063 174 58 diuinis:
1509 1063 116 58 quia
1581 1063 130 58 maior
1668 1063 116 58 nata
1741 1063 101 58 est
1784 1063 87 58 esse

414 1110 178 58 imilitudo
551 1110 82 58 in
592 1110 164 58 personis
715 1110 150 58 creatis
825 1110 123 58 inter
907 1110 82 58 se
948 1110 109 58 quam
1016 1110 82 58 in
1057 1110 164 58 diuinis:
1180 1110 109 58 dico
1249 1110 109 58 quod
1317 1110 137 58 falsum
1413 1110 96 58 est
1468 1110 68 58 &
1495 1110 219 58 impossibile,
1673 1110 109 58 quia
1741 1110 82 58 in
1769 1110 109 58 perso-

407 1156 103 56 nis
466 1156 163 56 creatis
585 1156 177 56 diuersis
718 1156 133 56 nullo
806 1156 118 56 modo
880 1156 192 56 possibile
1028 1156 103 56 est
1087 1156 118 56 esse
1161 1156 148 56 eandem
1264 1156 207 56 qualitatem
1427 1156 163 56 numero:
1545 1156 133 56 sicut
1634 1156 103 56 est
1693 1156 89 56 in
1722 1156 148 56 personis

402 1211 172 49 diuinis:
531 1211 72 49 &
560 1211 144 49 quanto
660 1211 101 49 est
718 1211 129 49 maior
804 1211 144 49 vnitas
904 1211 86 49 in
948 1211 86 49 eo
991 1211 172 49 secundum
1120 1211 115 49 quod
1192 1211 101 49 est
1249 1211 201 49 similitudo
1407 1211 201 49 aequalitas
1565 1211 101 49 aut
1623 1211 201 49 identitas,
1766 1211 101 49 tanto

410 1247 172 62 similitudo
545 1247 172 62 aequalitas
680 1247 86 62 aut
729 1247 160 62 identitas
852 1247 86 62 est
901 1247 123 62 maior.
987 1247 123 62 Potest
1073 1247 111 62 tamen
1147 1247 98 62 esse
1208 1247 111 62 verum
1282 1247 98 62 quod
1343 1247 147 62 secundum
1454 1247 111 62 plura
1527 1247 98 62 sunt
1589 1247 135 62 similes
1687 1247 147 62 personae
1785 1247 74 62 crea

412 1294 88 59 tae
463 1294 101 59 quam
526 1294 177 59 increatae,
665 1294 76 59 vt
702 1294 151 59 procedit
816 1294 151 59 vlterius
929 1294 164 59 obiectio.
1055 1294 151 59 Personae
1169 1294 101 59 enim
1232 1294 139 59 diuinae
1333 1294 151 59 secundum
1446 1294 151 59 rationem
1560 1294 126 59 formae
1648 1294 227 59 substantialis,
1825 1294 50 59 pu

410 1340 89 59 ta
455 1340 194 59 deitatis,
604 1340 104 59 non
664 1340 179 59 dicuntur
798 1340 179 59 similes:
932 1340 104 59 sed
991 1340 194 59 solummodo
1141 1340 179 59 secundum
1275 1340 179 59 rationem
1409 1340 149 59 formae
1513 1340 134 59 quasi
1603 1340 253 59 accidentalis:
1796 1340 75 59 pu-

408 1387 85 55 ta
450 1387 197 55 bonitatis,
605 1387 211 55 sapientiae,
774 1387 70 55 &
803 1387 197 55 huiusmodi.
958 1387 169 55 Personae
1085 1387 113 55 vero
1155 1387 155 55 creatae
1268 1387 169 55 secundum
1395 1387 169 55 rationem
1522 1387 183 55 vtriusque
1663 1387 141 55 formae
1747 1387 113 55 dicun-

400 1437 108 49 tur
461 1437 169 49 similes
584 1437 169 49 propter
707 1437 154 49 causam
815 1437 108 49 iam
876 1437 154 49 dictam
984 1437 92 49 in
1030 1437 200 49 solutione
1184 1437 169 49 secundi
1307 1437 200 49 argumenti
1460 1437 231 49 quaestionis
1629 1437 231 49 praecedentis.

403 1473 101 63 Sed
460 1473 101 63 non
518 1473 188 63 sequitur,
663 1473 87 63 si
707 1473 145 63 aliqua
808 1473 174 63 secundum
938 1473 130 63 plura
1025 1473 116 63 sunt
1098 1473 159 63 similia
1213 1473 116 63 quam
1286 1473 130 63 alia,
1373 1473 116 63 quae
1445 1473 145 63 quidem
1546 1473 159 63 similia
1662 1473 101 63 non
1720 1473 116 63 sunt
1778 1473 87 63 nata

396 1521 114 55 esse
467 1521 157 55 similia
582 1521 172 55 secundum
710 1521 114 55 tot:
782 1521 129 55 tamen
868 1521 86 55 eo
911 1521 100 55 vno
968 1521 100 55 quo
1025 1521 114 55 sunt
1097 1521 157 55 similia
1211 1521 200 55 perfectius
1368 1521 114 55 sunt
1440 1521 172 55 similia,
1569 1521 114 55 quam
1640 1521 114 55 alia
1712 1521 143 55 aliqua
1797 1521 72 55 eo-

406 1563 97 61 rum
462 1563 139 61 quibus
559 1563 208 61 similantur,
725 1563 111 61 sunt
794 1563 166 61 similia:
919 1563 111 61 quod
988 1563 111 61 illa
1057 1563 111 61 quae
1127 1563 166 61 secundum
1251 1563 125 61 plura
1334 1563 111 61 sunt
1404 1563 152 61 similia
1515 1563 125 61 magis
1598 1563 111 61 sunt
1667 1563 152 61 similia
1778 1563 111 61 quam

407 1608 124 54 illa
484 1608 124 54 sunt
561 1608 170 54 similia
685 1608 124 54 quae
762 1608 170 54 similia
886 1608 124 54 sunt
963 1608 185 54 secundum
1102 1608 155 54 vnicum
1210 1608 170 54 tantum.
1365 1608 93 54 Ad
1411 1608 170 54 tertium
1535 1608 124 54 quod
1612 1608 108 54 non
1674 1608 108 54 est
1736 1608 170 54 omnimo-

402 1657 87 56 da
445 1657 203 56 similitudo
604 1657 87 56 in
648 1657 174 56 diuinis,
778 1657 116 56 quia
850 1657 87 56 in
894 1657 130 56 ipsis
980 1657 101 56 est
1038 1657 145 56 aliqua
1140 1657 260 56 dissimilitudo:
1357 1657 116 56 dico
1429 1657 116 56 quod
1501 1657 145 56 falsum
1603 1657 116 56 est.
1675 1657 87 56 Ad
1704 1657 159 56 probatio-

399 1702 98 57 nem
455 1702 126 57 autem
539 1702 112 57 eius
610 1702 112 57 quod
680 1702 239 57 dissimilitudo
877 1702 98 57 est
933 1702 84 57 de
975 1702 155 57 ratione
1087 1702 225 57 perfectionis
1270 1702 211 57 simpliciter
1439 1702 84 57 in
1481 1702 197 57 creaturis:
1635 1702 112 57 Dico
1705 1702 112 57 quod
1776 1702 98 57 hoc
1818 1702 56 57 si

406 1751 156 53 militer
520 1751 142 53 falsum
619 1751 114 53 est.
690 1751 85 53 Ad
733 1751 213 53 probationem
903 1751 128 53 autem
989 1751 142 53 illius
1088 1751 114 53 quod
1159 1751 85 53 si
1202 1751 100 53 non
1259 1751 128 53 esset
1344 1751 242 53 dissimilitudo
1543 1751 85 53 in
1586 1751 185 53 creaturis
1728 1751 100 53 non
1770 1751 100 53 esset

407 1801 180 45 perfectio
545 1801 83 45 in
587 1801 138 45 illis:
683 1801 110 45 Dico
752 1801 110 45 quod
821 1801 110 45 etsi
891 1801 97 45 hoc
946 1801 124 45 verum
1029 1801 110 45 sit:
1098 1801 124 45 tamen
1181 1801 97 45 non
1236 1801 166 45 sequitur
1360 1801 83 45 ex
1401 1801 97 45 hoc
1457 1801 110 45 quod
1526 1801 235 45 dissimilitudo
1719 1801 138 45 habeat
1802 1801 69 45 ra-

411 1831 151 50 tionem
517 1831 241 50 perfectionis
713 1831 241 50 simpliciter:
909 1831 121 50 quia
984 1831 106 50 hoc
1044 1831 91 50 in
1090 1831 196 50 creaturis
1241 1831 196 50 contingit
1391 1831 166 50 propter
1512 1831 196 50 creaturae
1648 1831 211 50 imperfectio-

401 1877 123 58 nem:
478 1877 93 58 vt
524 1877 154 58 dictum
632 1877 108 58 est
694 1877 139 58 supra
786 1877 93 58 de
832 1877 278 58 inaequalitate.
1064 1877 123 58 Quia
1141 1877 123 58 enim
1218 1877 108 58 vna
1280 1877 185 58 creatura
1419 1877 185 58 secundum
1557 1877 170 58 speciem
1681 1877 123 58 quae
1743 1877 123 58 omnimo

408 1921 105 58 dam
468 1921 256 58 similitudinem
679 1921 165 58 haberet
799 1921 90 58 in
844 1921 120 58 suis
919 1921 225 58 suppositis,
1099 1921 150 58 capere
1205 1921 105 58 non
1265 1921 150 58 potest
1370 1921 135 58 totam
1460 1921 241 58 perfectionem
1656 1921 120 58 quae
1731 1921 120 58 nata
1791 1921 75 58 est

400 1967 117 55 esse
473 1967 88 55 in
517 1967 117 55 toto
590 1967 146 55 genere
692 1967 234 55 creaturarum,
882 1967 117 55 ideo
955 1967 175 55 oportuit
1086 1967 88 55 ad
1130 1967 234 55 perfectionem
1320 1967 175 55 vniuersi
1451 1967 88 55 ex
1495 1967 190 55 creaturis
1641 1967 204 55 constituti
1787 1967 73 55 dis

407 2009 163 54 similes
525 2009 177 54 secundum
658 2009 207 54 qualitates
821 2009 207 54 rationales
983 2009 74 54 &
1013 2009 236 54 accidentales
1205 2009 177 54 institui
1338 2009 192 54 creaturas
1486 2009 118 54 quae
1560 2009 89 54 in
1604 2009 89 54 se
1648 2009 148 54 habere
1737 2009 133 54 possent

399 2058 189 50 diuersos
541 2058 157 50 gradus
651 2058 268 50 perfectionum.
871 2058 126 50 Nunc
950 2058 142 50 autem
1045 2058 205 50 quaelibet
1202 2058 157 50 diuina
1312 2058 173 50 persona
1438 2058 142 50 totam
1532 2058 252 50 perfectionem
1737 2058 126 50 quae
1800 2058 63 50 na

411 2104 86 65 ta
454 2104 100 65 est
511 2104 115 65 esse
583 2104 86 65 in
626 2104 172 65 diuinis,
755 2104 86 65 in
798 2104 86 65 se
841 2104 143 65 capere
941 2104 158 65 potest.
1056 2104 158 65 Propter
1171 2104 115 65 quod
1243 2104 86 65 ad
1286 2104 230 65 perfectionem
1472 2104 187 65 diuinarum
1616 2104 201 65 personarum
1759 2104 115 65 perti-

409 2147 94 69 net
462 2147 107 69 quod
529 2147 80 69 in
569 2147 94 69 eis
623 2147 94 69 sit
677 2147 161 69 persecta
797 2147 188 69 similitudo
945 2147 134 69 absque
1039 2147 107 69 omni
1106 2147 268 69 dissimilitudine.

692 2217 121 74 lrca
768 2217 167 74 tertium
889 2217 182 74 arguitur
1025 2217 121 74 quod
1101 2217 212 74 similitudo
1268 2217 76 74 &
1298 2217 212 74 aequalitas
1465 2217 227 74 vniformiter
1647 2217 167 74 penitus
1753 2217 121 74 habent

695 2287 123 58 esse
771 2287 92 58 in
817 2287 184 58 diuinis,
955 2287 138 58 primo
1047 2287 123 58 sic.
1124 2287 138 58 Sicut
1216 2287 92 58 se
1262 2287 153 58 habent
1369 2287 92 58 in
1415 2287 169 58 diuinis
1538 2287 215 58 fundamenta
1707 2287 138 58 inter
1783 2287 77 58 se,

693 2330 100 52 sic
750 2330 71 52 &
778 2330 199 52 relationes
935 2330 171 52 fundatae
1063 2330 85 52 in
1105 2330 142 52 illis,
1205 2330 114 52 quia
1276 2330 171 52 quicquid
1404 2330 171 52 convenit
1532 2330 228 52 relationibus
1717 2330 171 52 trahitur
1831 2330 43 52 a

694 2375 252 58 fundamentis.
899 2375 221 58 fundamenta
1072 2375 221 58 relationum
1246 2375 126 58 quae
1325 2375 126 58 sunt
1403 2375 221 58 aequalitas
1577 2375 79 58 &
1608 2375 236 58 similitudo,
1781 2375 95 58 sci-

682 2422 143 60 licet
778 2422 207 60 quantitas
937 2422 80 60 &
968 2422 207 60 qualitas,
1127 2422 239 60 vniformiter
1318 2422 159 60 habent
1430 2422 127 60 esse
1509 2422 95 60 in
1557 2422 191 60 diuinis:
1700 2422 127 60 quia
1764 2422 95 60 ambo

642 2475 126 47 sunt
721 2475 205 47 attributa
879 2475 237 47 essentialia
1069 2475 205 47 solummodo
1227 2475 190 47 propriis
1369 2475 221 47 rationibus
1543 2475 142 47 inter
1638 2475 95 47 se
1685 2475 79 47 &
1717 2475 95 47 ab
1748 2475 111 47 aliis

413 2512 195 53 distincta
563 2512 180 53 secundum
699 2512 180 53 superius
834 2512 241 53 determinata.
1029 2512 120 53 ergo
1104 2512 105 53 &c.
1195 2512 165 53 Secundo
1315 2512 120 53 sic.
1390 2512 135 53 sicut
1480 2512 90 53 se
1525 2512 150 53 habent
1631 2512 165 53 quantum
1751 2512 75 53 &
1781 2512 120 53 qua-

411 2556 93 49 le
458 2556 93 49 in
505 2556 233 49 denominando
691 2556 186 49 secundum
831 2556 93 49 se
877 2556 78 49 &
908 2556 186 49 absolute
1048 2556 124 49 illa
1126 2556 155 49 quorum
1234 2556 124 49 sunt
1312 2556 202 49 quantitas
1467 2556 78 49 &
1498 2556 202 49 qualitas:
1654 2556 109 49 sic
1716 2556 93 49 se
1747 2556 124 49 habent

401 2600 216 52 aequalitas
570 2600 77 52 &
601 2600 216 52 similitudo
771 2600 93 52 in
817 2600 231 52 denominando
1002 2600 139 52 eadem
1095 2600 93 52 in
1141 2600 154 52 ordine
1249 2600 123 52 siue
1326 2600 185 52 respectu
1465 2600 77 52 &
1496 2600 247 52 comparatione
1696 2600 93 52 ad
1743 2600 154 52 aliud:

401 2648 131 76 quia
482 2648 196 76 secundum
629 2648 163 76 eadem,
743 2648 196 76 scilicet
890 2648 196 76 secundum
1037 2648 245 76 quantitatem
1233 2648 82 76 &
1265 2648 245 76 qualitatem,
1461 2648 261 76 denominantur
1673 2648 147 76 primo
1755 2648 114 76 quan
