2017 3184
145 220 95 73 ta
193 220 79 73 &
224 220 174 73 qualia:
351 220 174 73 secundo
478 220 190 73 aequalia
621 220 79 73 &
653 220 190 73 similia.
795 220 111 73 Sed
859 220 174 73 quantum
986 220 79 73 &
1017 220 143 73 quale
1113 220 238 73 vniformiter
1303 220 222 73 denominant
1477 220 95 73 in
1509 220 111 73 diui-

144 282 108 52 nis
205 282 123 52 illa
282 282 154 52 quorum
390 282 123 52 sunt
467 282 200 52 quantitas
620 282 77 52 &
651 282 200 52 qualitas:
805 282 123 52 quia
882 282 138 52 sicut
974 282 77 52 a
1005 282 215 52 quantitate
1174 282 231 52 denominatur
1359 282 169 52 aliquid
1482 282 169 52 quantum

144 326 101 54 sic
201 326 72 54 &
230 326 72 54 a
259 326 188 54 qualitate
404 326 145 54 quale.
505 326 116 54 ergo
577 326 101 54 &c.
635 326 72 54 ⁋
664 326 87 54 In
707 326 202 54 contrarium
866 326 101 54 est
924 326 116 54 quod
996 326 202 54 aequalitas
1155 326 217 54 consequitur
1329 326 130 54 omnia
1416 326 116 54 quae
1488 326 116 54 sunt
1560 326 87 54 in

150 369 163 53 diuinis,
272 369 176 53 quaelibet
408 369 108 53 enim
476 369 95 53 duo
530 369 190 53 existentia
679 369 81 53 in
720 369 149 53 diuinis
828 369 108 53 siue
896 369 108 53 sint
964 369 163 53 absoluta
1085 369 108 53 siue
1153 369 190 53 respectiua
1302 369 108 53 siue
1370 369 176 53 differant
1506 369 81 53 re
1533 369 81 53 siue

141 415 117 55 sola
215 415 176 55 ratione:
347 415 176 55 aequalia
479 415 191 55 dicuntur.
625 415 205 55 Similitudo
787 415 132 55 autem
875 415 88 55 in
919 415 161 55 diuinis
1036 415 103 55 non
1095 415 176 55 sequitur
1227 415 117 55 nisi
1300 415 191 55 personas.
1447 415 132 55 solae
1520 415 88 55 enim

149 465 171 61 personae
277 465 157 61 diuinae
391 465 128 61 inter
477 465 86 61 se
520 465 157 61 similes
634 465 185 61 dicuntur,
777 465 171 61 secundum
905 465 114 61 quod
976 465 128 61 patet
1062 465 86 61 ex
1105 465 100 61 iam
1162 465 128 61 supra
1247 465 157 61 dictis.
1362 465 114 61 ergo
1419 465 71 61 &c.

147 543 84 67 ⁋
181 543 134 67 Dico
264 543 134 67 quod
348 543 201 67 quaestio
499 543 134 67 ista
583 543 100 67 si
633 543 268 67 intelligatur
851 543 100 67 de
901 543 251 67 aequalitate
1102 543 84 67 &
1135 543 268 67 similitudine
1353 543 100 67 vt
1386 543 218 67 comparantur

137 595 187 50 secundum
278 595 265 50 vniformitatem
496 595 140 50 inter
589 595 109 50 se:
652 595 109 50 non
714 595 94 50 in
761 595 156 50 ordine
870 595 94 50 ad
917 595 218 50 fundamenta
1088 595 171 50 relata:
1213 595 109 50 sic
1275 595 234 50 determinata
1462 595 109 50 est
1509 595 109 50 supra

137 640 86 62 in
180 640 200 62 quaestione
337 640 128 62 prima
422 640 86 62 de
465 640 228 62 relationibus
651 640 200 62 communibus
808 640 86 62 vt
850 640 143 62 habent
950 640 114 62 esse
1022 640 86 62 in
1065 640 157 62 diuinis
1179 640 86 62 in
1222 640 186 62 generali.
1364 640 86 62 Si
1407 640 128 62 autem
1493 640 86 62 vt
1521 640 86 62 con-

135 688 187 57 parantur
276 688 94 57 ad
323 688 234 57 fundamenta:
510 688 109 57 sic
573 688 234 57 determinata
760 688 109 57 est
823 688 141 57 supra
917 688 94 57 in
963 688 219 57 quaestione
1135 688 172 57 secunda
1260 688 94 57 de
1307 688 250 57 relationibus
1495 688 109 57 commu

143 735 137 42 nibus
234 735 91 42 in
279 735 243 42 comparatione
477 735 91 42 ad
522 735 106 42 sua
583 735 197 42 principia
734 735 273 42 fundamentalia.
962 735 91 42 Si
1007 735 137 42 autem
1098 735 243 42 intelligatur
1296 735 182 42 quaestio
1432 735 91 42 vt
1462 735 152 42 aequali-

148 781 102 51 tas
207 781 73 51 &
236 781 204 51 similitudo
397 781 219 51 comparantur
572 781 88 51 ad
615 781 161 51 diuinas
732 781 175 51 personas
864 781 161 51 relatas
980 781 102 51 per
1039 781 131 51 illas
1126 781 234 51 specialiter:
1316 781 102 51 sic
1374 781 219 51 determinata
1535 781 73 51 est

136 821 142 56 supra
231 821 95 56 in
278 821 221 56 quaestione
451 821 173 56 secunda
577 821 95 56 de
625 821 252 56 relationibus
829 821 221 56 communibus
1003 821 95 56 vt
1050 821 158 56 habent
1160 821 126 56 esse
1239 821 95 56 in
1286 821 173 56 diuinis
1412 821 95 56 in
1444 821 173 56 generali.

143 871 124 60 Vnde
220 871 139 60 nullo
313 871 186 60 dictorum
452 871 139 60 trium
545 871 170 60 modorum
669 871 186 60 quaestio
809 871 201 60 proposita
963 871 248 60 intelligenda
1165 871 124 60 est.
1242 871 108 60 Sed
1304 871 248 60 intelligenda
1506 871 108 60 est
1552 871 62 60 ge

143 915 187 56 neraliter
286 915 86 56 in
329 915 230 56 similitudine
516 915 72 56 &
544 915 215 56 aequalitate
717 915 86 56 vt
760 915 215 56 comparantur
932 915 215 56 generaliter
1104 915 86 56 ad
1147 915 143 56 relata
1247 915 100 56 per
1305 915 143 56 illas:
1405 915 115 56 siue
1477 915 115 56 sint
1534 915 72 56 per

144 957 127 61 sonae
228 957 169 61 diuinae:
355 957 113 61 siue
426 957 183 61 quaelibet
567 957 113 61 alia
637 957 197 61 existentia
792 957 85 61 in
834 957 169 61 diuinis.
961 957 85 61 Et
1003 957 99 61 cum
1060 957 85 61 vt
1102 957 127 61 patet
1186 957 85 61 ex
1229 957 141 61 dictis
1327 957 85 61 in
1370 957 211 61 praecedenti
1524 957 85 61 quae

135 1007 157 57 stione,
249 1007 172 57 aequalia
378 1007 172 57 dicuntur
507 1007 200 57 quaecunque
664 1007 114 57 sunt
735 1007 86 57 in
778 1007 157 57 diuinis
893 1007 114 57 siue
964 1007 172 57 personae
1093 1007 114 57 siue
1165 1007 200 57 relationes
1322 1007 114 57 siue
1393 1007 186 57 attributa
1522 1007 86 57 siue

138 1051 199 55 existentia
294 1051 185 55 comparata
437 1051 128 55 inter
522 1051 100 55 se:
579 1051 100 55 non
636 1051 128 55 autem
721 1051 157 55 similia
835 1051 171 55 dicuntur
963 1051 114 55 nisi
1035 1051 114 55 sole
1106 1051 185 55 personae:
1248 1051 157 55 idcirco
1362 1051 128 55 licet
1447 1051 100 55 quo
1504 1051 85 55 ad
1533 1051 71 55 plu

140 1097 125 47 rima
218 1097 94 47 in
265 1097 172 47 diuinis
390 1097 219 47 aequalitas
562 1097 78 47 &
593 1097 219 47 similitudo
765 1097 265 47 conformitatem
983 1097 187 47 habeant,
1124 1097 94 47 vt
1171 1097 125 47 quae
1249 1097 187 47 dicuntur
1389 1097 94 47 de
1436 1097 109 47 vno
1483 1097 125 47 confor

135 1141 127 57 miter
219 1141 183 57 intelligi
360 1141 155 57 possint
473 1141 85 57 de
515 1141 155 57 altero:
628 1141 85 57 vt
670 1141 127 57 etiam
755 1141 183 57 propterea
896 1141 169 57 doctores
1022 1141 113 57 quam
1093 1141 155 57 plurima
1205 1141 183 57 loquantur
1346 1141 85 57 de
1389 1141 211 57 aequalitate
1558 1141 85 57 in

142 1186 182 60 diuinis,
279 1186 76 60 &
309 1186 182 60 perpauca
446 1186 91 60 de
491 1186 258 60 similitudine,
704 1186 152 60 dantes
810 1186 122 60 illa
886 1186 122 60 quae
962 1186 182 60 dicuntur
1099 1186 91 60 de
1144 1186 228 60 aequalitate
1326 1186 228 60 conformiter
1494 1186 122 60 intel-

133 1229 119 59 ligi
208 1229 74 59 &
237 1229 89 59 de
282 1229 253 59 similitudine:
490 1229 134 59 tamen
579 1229 253 59 difformitatem
788 1229 149 59 habent
892 1229 104 59 quo
951 1229 89 59 ad
996 1229 104 59 hoc
1056 1229 119 59 quod
1130 1229 134 59 plura
1219 1229 89 59 in
1264 1229 164 59 diuinis
1383 1229 179 59 dicuntur
1517 1229 134 59 aequa

138 1275 100 58 lia
195 1275 115 58 quae
267 1275 100 58 non
324 1275 172 58 dicuntur
453 1275 115 58 esse
525 1275 172 58 similia:
654 1275 100 58 sed
711 1275 201 58 quaecunque
869 1275 172 58 dicuntur
998 1275 115 58 esse
1069 1275 172 58 similia,
1198 1275 129 58 etiam
1284 1275 172 58 dicuntur
1413 1275 186 58 aequalia.
1542 1275 72 58 Cau

133 1324 94 46 sa
180 1324 141 46 autem
274 1324 78 46 &
305 1324 141 46 ratio
399 1324 141 46 huius
493 1324 265 46 difformitatis
711 1324 109 46 quo
774 1324 94 46 ad
821 1324 156 46 relata
930 1324 141 46 inter
1024 1324 250 46 aequalitatem
1227 1324 78 46 &
1258 1324 265 46 similitudinem
1476 1324 94 46 ex
1508 1324 109 46 parte

145 1367 246 54 aequalitatis,
347 1367 101 54 est
405 1367 116 54 quod
478 1367 188 54 quantitas
623 1367 116 54 illa
695 1367 130 54 supra
782 1367 116 54 quam
855 1367 174 54 fundatur
985 1367 217 54 aequalitas,
1159 1367 116 54 puta
1231 1367 203 54 magnitudo,
1391 1367 101 54 per
1449 1367 87 54 se
1492 1367 72 54 &
1507 1367 101 54 primo

135 1413 101 52 est
192 1413 159 52 mensura
308 1413 217 52 substantiae
481 1413 116 52 siue
554 1413 188 52 essentiae
698 1413 116 52 rei:
771 1413 72 52 &
799 1413 188 52 immediate
944 1413 188 52 insistens
1089 1413 145 52 eidem:
1190 1413 72 52 &
1219 1413 159 52 secundo
1334 1413 101 52 est
1392 1413 159 52 mensura
1493 1413 116 52 omnium

138 1460 120 51 quae
213 1460 150 51 insunt
318 1460 120 51 illi
393 1460 180 51 mediante
527 1460 225 51 substantia:
707 1460 90 51 vt
752 1460 135 51 patet
842 1460 90 51 in
886 1460 225 51 magnitudine
1066 1460 210 51 corporali,
1231 1460 120 51 quae
1306 1460 105 51 non
1365 1460 135 51 solum
1455 1460 105 51 est
1500 1460 105 51 mensu

130 1505 95 47 ra
178 1505 238 47 substantiae
368 1505 143 47 primo
463 1505 79 47 &
495 1505 111 47 per
558 1505 95 47 se
606 1505 222 47 denominans
780 1505 238 47 substantiam
971 1505 174 47 qualem,
1098 1505 111 47 seu
1161 1505 222 47 suppositum
1335 1505 159 47 habens
1446 1505 95 47 in
1494 1505 95 47 se
1526 1505 79 47 hu-

136 1549 171 53 iusmodi
261 1549 233 53 substantiam
447 1549 187 53 extensam
587 1549 264 53 corporaliter,
805 1549 109 53 sed
867 1549 140 53 etiam
960 1549 155 53 omnium
1069 1549 233 53 accidentium
1256 1549 264 53 essentialiter
1458 1549 155 53 existen-

131 1595 121 49 tium
206 1595 91 49 in
252 1595 121 49 illa
327 1595 106 49 seu
388 1595 91 49 in
433 1595 136 49 illo:
524 1595 121 49 puta
600 1595 166 49 coloris
721 1595 76 49 &
751 1595 136 49 etiam
842 1595 212 49 suiipsius.
1008 1595 106 49 Non
1069 1595 136 49 solum
1159 1595 121 49 enim
1235 1595 197 49 corporali
1386 1595 227 49 magnitudine
1553 1595 60 49 di

136 1639 153 51 citur
238 1639 170 51 corpus
357 1639 119 51 seu
425 1639 238 51 suppositum
612 1639 221 51 corporeum
782 1639 170 51 magnum
900 1639 85 51 &
934 1639 204 51 extensum
1087 1639 272 51 corporaliter
1308 1639 102 51 in
1359 1639 170 51 longum
1478 1639 119 51 aut
1529 1639 85 51 la-

143 1687 124 53 tum:
221 1687 109 53 sed
283 1687 140 53 etiam
376 1687 140 53 color
469 1687 78 53 &
500 1687 124 53 ipsa
578 1687 217 53 magnitudo:
748 1687 78 53 &
779 1687 186 53 vlterius
919 1687 109 53 per
981 1687 217 53 consequens
1152 1687 109 53 non
1214 1687 140 53 solum
1307 1687 155 53 corpus
1415 1687 171 53 dicitur
1524 1687 93 53 cor-

140 1733 201 54 poraliter
294 1733 232 54 magnitudine
480 1733 139 54 molis
572 1733 170 54 aequale
696 1733 170 54 alteri:
820 1733 108 54 sed
882 1733 139 54 etiam
974 1733 155 54 albedo
1082 1733 185 54 existens
1222 1733 93 54 in
1268 1733 108 54 vno
1330 1733 170 54 corpore
1453 1733 139 54 etiam
1531 1733 77 54 di-

144 1779 130 57 citur
230 1779 174 57 aequalis
360 1779 174 57 albedini
491 1779 188 57 existenti
635 1779 87 57 in
679 1779 116 57 alio
751 1779 174 57 corpore:
881 1779 72 57 &
910 1779 101 57 vna
968 1779 188 57 magnitudo
1112 1779 159 57 dicitur
1228 1779 174 57 aequalis
1358 1779 159 57 alteri.
1474 1779 101 57 Sic
1517 1779 87 57 igi-

145 1822 109 50 tur
208 1822 78 50 &
239 1822 94 50 in
286 1822 266 50 spiritualibus
505 1822 203 50 magnitudo
661 1822 235 50 spiritualis
849 1822 109 50 non
911 1822 141 50 solum
1005 1822 109 50 est
1068 1822 172 50 mensura
1193 1822 219 50 denominans
1365 1822 235 50 substantiam
1537 1822 78 50 spi

143 1868 187 51 ritualem
284 1868 109 51 seu
346 1868 218 51 suppositum
517 1868 156 51 habens
626 1868 93 51 in
673 1868 93 51 se
720 1868 202 51 huiusmodi
875 1868 234 51 substantiam
1062 1868 187 51 extensam
1202 1868 265 51 spiritualiter
1420 1868 140 51 primo
1514 1868 78 51 &
1529 1868 78 51 per

137 1911 106 51 se:
198 1911 106 51 sed
258 1911 137 51 etiam
349 1911 152 51 omnium
456 1911 167 51 aliorum
577 1911 137 51 quasi
668 1911 228 51 accidentium
851 1911 243 51 spiritualium
1048 1911 228 51 existentium
1230 1911 91 51 in
1276 1911 122 51 illa
1352 1911 106 51 seu
1413 1911 91 51 in
1458 1911 137 51 illo.
1534 1911 76 51 Non

137 1957 139 47 solum
229 1957 123 47 enim
306 1957 216 47 spirituali
476 1957 231 47 magnitudine
661 1957 170 47 dicitur
784 1957 154 47 deitas
892 1957 139 47 magna
985 1957 108 47 seu
1046 1957 170 47 immensa
1170 1957 77 47 &
1201 1957 170 47 extensa
1324 1957 278 47 spiritualiter,
1540 1957 77 47 seu

133 2001 224 62 suppositum
309 2001 160 62 habens
421 2001 144 62 illam
517 2001 96 62 in
565 2001 96 62 se
613 2001 176 62 dicitur
741 2001 160 62 magnum
853 2001 80 62 &
885 2001 192 62 immensum
1029 2001 80 62 &
1061 2001 192 62 extensum
1205 2001 288 62 spiritualiter:
1445 2001 112 62 sed
1493 2001 112 62 etiam

133 2043 166 63 bonitas
253 2043 196 63 sapientia
404 2043 166 63 veritas
524 2043 75 63 &
554 2043 166 63 caetera
675 2043 90 63 in
720 2043 90 63 eo
765 2043 226 63 existentia,
946 2043 90 63 vt
991 2043 151 63 dictum
1096 2043 120 63 est:
1172 2043 75 63 &
1202 2043 120 63 ipsa
1277 2043 196 63 magnitudo
1427 2043 120 63 siue
1488 2043 120 63 immen-

134 2094 154 48 sitas.
241 2094 92 48 Et
287 2094 108 48 per
349 2094 215 48 consequens
518 2094 138 48 etiam
610 2094 184 48 vlterius
748 2094 108 48 non
810 2094 138 48 solum
902 2094 169 48 dicitur
1025 2094 123 48 vnum
1102 2094 215 48 suppositum
1271 2094 92 48 in
1317 2094 169 48 deitate
1425 2094 184 48 subsistens

137 2135 115 52 esse
209 2135 158 52 aequale
324 2135 158 52 alteri:
439 2135 101 52 aut
497 2135 173 52 secundum
626 2135 230 52 Semiarrianos
813 2135 144 52 deitas
914 2135 101 52 vna
972 2135 144 52 alteri
1072 2135 173 52 deitati:
1202 2135 101 52 sed
1259 2135 72 52 &
1288 2135 158 52 bonitas
1403 2135 158 52 dicitur
1504 2135 101 52 aequa

127 2180 102 62 lis
186 2180 160 62 deitati
302 2180 73 62 &
331 2180 203 62 sapientiae
491 2180 73 62 &
520 2180 189 62 veritati,
665 2180 73 62 &
694 2180 160 62 caetera
810 2180 131 62 omnia
897 2180 189 62 caeteris.
1043 2180 102 62 Sed
1101 2180 102 62 vna
1159 2180 189 62 magnitudo
1304 2180 218 62 spiritualis
1478 2180 87 62 in
1507 2180 102 62 crea-

130 2234 134 54 turis
220 2234 164 54 dicitur
339 2234 179 54 aequalis
474 2234 149 54 alteri
578 2234 105 54 non
638 2234 134 54 autem
728 2234 90 54 in
772 2234 179 54 diuinis:
907 2234 75 54 &
937 2234 105 54 hoc
997 2234 120 54 quia
1071 2234 90 54 in
1116 2234 105 54 eis
1176 2234 105 54 non
1236 2234 105 54 est
1295 2234 120 54 nisi
1370 2234 105 54 vna
1430 2234 209 54 magnitudo.

130 2274 145 49 Causa
227 2274 145 49 autem
323 2274 81 49 &
356 2274 145 49 ratio
452 2274 145 49 huius
549 2274 274 49 difformitatis
775 2274 113 49 quo
839 2274 97 49 ad
888 2274 161 49 relata
1000 2274 145 49 inter
1097 2274 258 49 aequalitatem
1307 2274 81 49 &
1339 2274 274 49 similitudinem
1549 2274 64 49 ex

138 2322 127 53 parte
222 2322 197 53 qualitatis
377 2322 98 53 est
433 2322 112 53 quod
503 2322 169 53 qualitas
630 2322 127 53 supra
714 2322 112 53 quam
785 2322 84 53 in
827 2322 155 53 diuinis
939 2322 169 53 fundatur
1066 2322 211 53 similitudo:
1234 2322 112 53 puta
1305 2322 169 53 bonitas,
1431 2322 98 53 non
1487 2322 98 53 est
1530 2322 84 53 vllo

143 2371 120 54 modo
218 2371 135 54 forma
308 2371 165 54 aliquid
427 2371 194 54 afficiens
577 2371 90 54 in
622 2371 180 54 diuinis,
756 2371 105 54 aut
816 2371 209 54 denominans
981 2371 135 54 aliud
1070 2371 120 54 quam
1145 2371 209 54 suppositum
1310 2371 135 54 cuius
1400 2371 105 54 est
1459 2371 135 54 primo
1534 2371 75 54 per

132 2405 106 60 se:
192 2405 106 60 non
253 2405 106 60 per
313 2405 166 60 aliquid
434 2405 181 60 existens
569 2405 90 60 in
615 2405 121 60 illo
690 2405 121 60 nisi
765 2405 106 60 per
826 2405 226 60 intellectum
1007 2405 75 60 &
1037 2405 211 60 voluntatem
1203 2405 106 60 quo
1263 2405 90 60 ad
1308 2405 196 60 bonitatem
1459 2405 75 60 &
1474 2405 136 60 sapien-

133 2454 142 52 tiam.
228 2454 142 52 Solum
322 2454 126 52 enim
401 2454 95 52 in
448 2454 173 52 diuinis
575 2454 173 52 dicitur
701 2454 221 52 suppositum
874 2454 142 52 bonum
969 2454 110 52 aut
1032 2454 173 52 sapiens
1158 2454 110 52 aut
1221 2454 173 52 aliquid
1347 2454 221 52 huiusmodi:
1504 2454 95 52 puta

142 2496 130 53 pater
228 2496 144 53 filius
329 2496 72 53 &
357 2496 173 53 spiritus
487 2496 173 53 sanctus:
616 2496 101 53 non
674 2496 130 53 autem
760 2496 158 53 deitas,
876 2496 201 53 sapientia,
1034 2496 216 53 paternitas,
1206 2496 173 53 filiatio
1336 2496 101 53 aut
1394 2496 130 53 aliud
1465 2496 130 53 aliquid

138 2549 167 51 talium.
259 2549 91 51 Et
305 2549 106 51 per
366 2549 213 51 consequens
533 2549 91 51 in
578 2549 167 51 diuinis
700 2549 137 51 solum
791 2549 213 51 suppositum
958 2549 167 51 dicitur
1080 2549 152 51 simile
1186 2549 213 51 supposito:
1353 2549 106 51 non
1414 2549 137 51 autem
1505 2549 122 51 ali-

133 2593 117 50 quid
206 2593 131 50 aliud
294 2593 161 50 alteri:
411 2593 117 50 puta
484 2593 190 50 sapientia
630 2593 190 50 potentia,
776 2593 102 50 aut
834 2593 204 50 paternitas
995 2593 219 50 filiationi:
1170 2593 131 50 licet
1258 2593 88 50 in
1301 2593 190 50 creaturis
1447 2593 190 50 aliquando

137 2640 170 71 afficit
260 2640 139 71 forma
353 2640 139 71 totum
445 2640 108 71 per
507 2640 170 71 partem,
630 2640 77 71 &
661 2640 139 71 illud
754 2640 216 71 denominat:
924 2640 123 71 puta
1001 2640 123 71 quod
1078 2640 123 71 homo
1155 2640 108 71 est
1217 2640 139 71 bonus
1309 2640 123 71 quia
1387 2640 123 71 bona
1464 2640 108 71 est
1510 2640 108 71 anima
