2017 3174
161 243 111 70 Verbi
235 243 136 70 gratia:
334 243 87 70 ens
384 243 136 70 proprie
483 243 136 70 dicitur
582 243 173 70 substantia
718 243 111 70 sola:
792 243 99 70 quia
854 243 136 70 proprie
953 243 149 70 loquendo
1065 243 149 70 secundum
1176 243 198 70 philosophum.
1337 243 111 70 viii.
1411 243 136 70 Metaph.
1498 243 124 70 accidens

160 305 96 52 non
215 305 96 52 est
270 305 96 52 ens
325 305 96 52 sed
380 305 137 52 entis.
476 305 192 52 Communiter
627 305 124 52 autem
710 305 124 52 etiam
792 305 165 52 accidens
916 305 151 52 dicitur
1026 305 110 52 ens.
1095 305 82 52 Et
1136 305 192 52 communiter
1287 305 151 52 dicitur
1397 305 96 52 lex
1452 305 82 52 de
1493 305 110 52 toto
1548 305 55 52 ve

148 351 120 51 teri
223 351 225 51 testamento,
403 351 75 51 &
433 351 90 51 de
478 351 105 51 vna
538 351 135 51 parte
628 351 120 51 eius
703 351 180 51 proprie:
838 351 90 51 vt
883 351 90 51 de
928 351 135 51 solis
1018 351 150 51 libris
1123 351 150 51 Moysi:
1228 351 75 51 &
1258 351 210 51 communiter
1423 351 75 51 &
1438 351 165 51 improprie

153 396 114 61 siue
224 396 128 61 minus
309 396 157 61 proprie
423 396 85 61 de
466 396 128 61 aliis
552 396 142 61 libris
651 396 157 61 veteris
765 396 214 61 testamenti.
936 396 85 61 Et
979 396 185 61 similiter
1121 396 199 61 communiter
1278 396 157 61 dicitur
1392 396 185 61 prophetia
1535 396 85 61 de
1563 396 57 61 li

151 440 112 61 bro
215 440 208 61 psalmorum
375 440 160 61 Dauid:
487 440 80 61 &
519 440 96 61 de
567 440 160 61 libris
679 440 176 61 aliorum
807 440 256 61 prophetarum:
1015 440 128 61 quia
1095 440 96 61 de
1143 440 144 61 libro
1239 440 208 61 Psalmorum
1399 440 176 61 dicitur
1511 440 96 61 coma

145 488 173 46 muniter
271 488 79 46 &
303 488 142 46 minus
397 488 189 46 proprie:
538 488 173 46 proprie
664 488 142 46 autem
759 488 94 46 de
806 488 157 46 libris
916 488 173 46 aliorum
1042 488 252 46 prophetarum.
1246 488 236 46 Appropriate
1435 488 142 46 autem
1529 488 110 46 non

164 529 148 55 dicitur
271 529 108 55 nisi
338 529 81 55 id
379 529 108 55 quod
446 529 94 55 est
500 529 148 55 commune
607 529 175 55 pluribus:
741 529 67 55 &
768 529 148 55 vniuoce
876 529 148 55 dicitur
983 529 81 55 de
1024 529 134 55 illis:
1118 529 108 55 quod
1185 529 94 55 cum
1239 529 94 55 hoc
1292 529 108 55 quod
1360 529 188 55 communiter
1494 529 121 55 dicitur

161 576 80 52 de
201 576 120 52 illis
281 576 160 52 secundum
401 576 134 52 primum
495 576 120 52 modum
575 576 147 52 dicendi
682 576 160 52 coniter,
803 576 80 52 de
843 576 160 52 quolibet
963 576 147 52 aliorum
1070 576 147 52 dicitur
1177 576 160 52 proprie:
1297 576 94 52 sed
1351 576 80 52 de
1391 576 134 52 aliquo
1485 576 147 52 illorum

148 621 134 49 tantum
241 621 147 49 dicitur
348 621 214 49 appropriate:
522 621 80 49 vt
562 621 80 49 in
602 621 174 49 creaturis
736 621 107 49 vrbs
803 621 80 49 de
843 621 120 49 aliis
923 621 201 49 ciuitatibus
1084 621 147 49 dicitur
1191 621 147 49 coniter
1297 621 67 49 &
1324 621 160 49 proprie:
1431 621 174 49 appropriate

149 665 111 57 autem
223 665 74 57 de
260 665 111 57 Roma:
334 665 62 57 &
358 665 111 57 apsts
432 665 136 57 coniter
531 665 136 57 dicitur
629 665 74 57 de
666 665 111 57 aliis
740 665 210 57 apilersoalis,
913 665 62 57 &
937 665 111 57 solum
1011 665 185 57 appropriate
1159 665 74 57 de
1196 665 123 57 Paulo.
1283 665 74 57 Et
1320 665 74 57 in
1357 665 136 57 diuinis
1455 665 111 57 omnia
1517 665 86 57 essen

160 709 134 57 tialia
254 709 161 57 dicuntur
374 709 148 57 coniter
482 709 81 57 de
522 709 121 57 illis
603 709 134 57 quibus
697 709 94 57 non
750 709 242 57 appropriantur.
952 709 201 57 Appropriate
1113 709 121 57 autem
1194 709 175 57 solummodo
1328 709 81 57 de
1368 709 121 57 illis
1449 709 134 57 quibus
1543 709 94 57 ap-

153 755 206 60 propriantur.
320 755 77 60 Et
359 755 90 60 sic
410 755 103 60 omne
474 755 103 60 cone
539 755 103 60 quod
603 755 77 60 in
641 755 141 60 diuinis
744 755 141 60 dicitur
847 755 193 60 appropriate
1001 755 77 60 de
1040 755 141 60 aliquo,
1142 755 116 60 etiam
1220 755 141 60 dicitur
1322 755 141 60 proprie
1425 755 77 60 de
1464 755 116 60 illo.
1541 755 90 60 sed

159 800 92 55 non
211 800 183 55 econuerso:
355 800 92 55 ens
408 800 105 55 enim
473 800 144 55 proprie
578 800 144 55 dicitur
683 800 196 55 substantia,
840 800 92 55 sed
892 800 92 55 non
944 800 209 55 appropriate.
1115 800 105 55 Vnde
1180 800 183 55 Augustinus
1324 800 196 55 quaestionem
1481 800 79 55 de
1507 800 105 55 appro-

150 850 146 49 priatis
256 850 67 49 &
283 850 239 49 appropriatione
482 850 213 49 pertractans,
655 850 93 49 xv.
708 850 80 49 de
748 850 186 49 trinitate.
895 850 106 49 cap.
961 850 120 49 xvii.
1041 850 160 49 ostendit
1161 850 239 49 appropriatione
1360 850 173 49 communium
1493 850 106 49 fore
1560 850 80 49 in

156 889 157 58 diuinis
270 889 100 58 per
327 889 100 58 hoc
384 889 114 58 quod
456 889 86 58 ea
499 889 114 58 quae
570 889 172 58 communia
699 889 114 58 sunt
770 889 186 58 pluribus,
913 889 71 58 &
942 889 200 58 communiter
1099 889 172 58 dicuntur
1228 889 86 58 de
1271 889 143 58 illis,
1371 889 129 58 etiam
1457 889 86 58 de
1485 889 129 58 aliqui-

140 933 99 60 bus
197 933 170 60 personis
324 933 170 60 dicuntur
452 933 170 60 proprie:
579 933 142 60 sumens
678 933 99 60 ibi
735 933 156 60 proprie
849 933 99 60 pro
905 933 227 60 appropriate.
1090 933 85 60 Et
1132 933 113 60 quod
1203 933 156 60 aliquid
1316 933 156 60 dicitur
1430 933 198 60 communiter
1571 933 43 60 &

150 986 163 57 proprie
268 986 177 57 declarat
401 986 148 57 ibidem
505 986 89 57 in
549 986 148 57 nomine
653 986 133 57 legis
741 986 103 57 (vt
800 986 148 57 dictum
904 986 118 57 est)
978 986 74 57 &
1007 986 148 57 nomine
1110 986 222 57 prophetiae:
1288 986 103 57 per
1347 986 118 57 haec
1421 986 103 57 duo
1465 986 133 57 exempla

154 1032 126 57 quasi
238 1032 98 57 per
294 1032 154 57 similia
407 1032 196 57 concludens
561 1032 112 57 quod
631 1032 112 57 vnum
701 1032 70 57 &
729 1032 112 57 idem
799 1032 140 57 potest
898 1032 112 57 sumi
968 1032 196 57 communiter
1122 1032 70 57 &
1150 1032 168 57 proprie:
1276 1032 70 57 &
1304 1032 154 57 arguens
1417 1032 112 57 quod
1487 1032 84 57 ea
1515 1032 84 57 quae

144 1071 86 50 in
187 1071 158 50 diuinis
302 1071 115 50 sunt
373 1071 187 50 communia:
517 1071 72 50 &
546 1071 172 50 dicuntur
675 1071 201 50 communiter
833 1071 86 50 de
876 1071 158 50 tribus:
991 1071 158 50 possunt
1106 1071 115 50 dici
1177 1071 158 50 proprie
1292 1071 72 50 &
1321 1071 215 50 appropriate
1493 1071 86 50 de
1522 1071 86 50 ali-

136 1114 108 58 quo
197 1114 185 58 illorum:
336 1114 123 58 puta
413 1114 108 58 cum
475 1114 200 58 sapientia
629 1114 108 58 sit
691 1114 185 58 communis
829 1114 170 58 omnibus
953 1114 170 58 diuinis
1076 1114 200 58 personis:
1230 1114 231 58 appropriate
1415 1114 139 58 tamen
1492 1114 108 58 dici-

143 1162 104 52 tur
202 1162 89 52 de
247 1162 148 52 filio,
351 1162 104 52 cum
410 1162 104 52 ait
469 1162 208 52 Apostolus.
632 1162 222 52 Praedicamus
810 1162 178 52 Christum
944 1162 104 52 dei
1003 1162 193 52 virtutem,
1151 1162 74 52 &
1181 1162 104 52 dei
1240 1162 222 52 sapientiam.
1418 1162 89 52 Et
1448 1162 163 52 similiter

144 1204 86 62 de
187 1204 129 62 illis
272 1204 114 62 quae
344 1204 171 62 ponuntur
472 1204 86 62 in
515 1204 300 62 appropriationibus
772 1204 200 62 Augustinus
930 1204 71 62 &
958 1204 129 62 Hila.
1044 1204 143 62 Reuera
1144 1204 114 62 bene
1215 1204 200 62 Augustinus
1372 1204 143 62 arguit
1472 1204 114 62 quod
1530 1204 71 62 ali

153 1253 118 53 quid
227 1253 192 53 quandoque
374 1253 147 53 potest
478 1253 118 53 dici
551 1253 221 53 communiter:
728 1253 192 53 quandoque
876 1253 133 53 autem
964 1253 177 53 proprie:
1097 1253 74 53 &
1126 1253 103 53 hoc
1185 1253 88 53 in
1230 1253 162 53 diuinis
1348 1253 133 53 sicut
1436 1253 74 53 &
1466 1253 88 53 in
1495 1253 118 53 creatu

139 1297 118 53 ris.
213 1297 103 53 Sed
272 1297 88 53 ex
316 1297 132 53 illis
404 1297 147 53 duobus
507 1297 177 53 exemplis
640 1297 88 53 in
684 1297 147 53 quibus
787 1297 118 53 bene
860 1297 177 53 declarat
993 1297 162 53 aliquid
1111 1297 118 53 dici
1184 1297 206 53 communiter
1346 1297 74 53 &
1376 1297 177 53 proprie,
1508 1297 103 53 non
1552 1297 59 53 po

141 1347 113 53 test
211 1347 197 53 concludere
367 1347 113 53 quod
437 1347 85 53 in
479 1347 155 53 diuinis
592 1347 155 53 aliquid
705 1347 141 53 possit
804 1347 113 53 dici
874 1347 197 53 communiter
1030 1347 71 53 &
1058 1347 169 53 proprie:
1185 1347 155 53 sumendo
1298 1347 155 53 proprie
1411 1347 99 53 pro
1453 1347 155 53 appropria

145 1386 102 56 te:
204 1386 117 56 quia
277 1386 117 56 illa
349 1386 102 56 duo
408 1386 160 56 similia
524 1386 117 56 quae
597 1386 160 56 inducit
714 1386 219 56 Augustinus,
889 1386 102 56 non
947 1386 117 56 sunt
1020 1386 146 56 omnino
1122 1386 175 56 similia:
1253 1386 102 56 vbi
1311 1386 102 56 lex
1369 1386 73 56 &
1398 1386 189 56 prophetae
1530 1386 87 56 omni

135 1434 100 48 no.
192 1434 158 48 vniuoce
307 1434 172 48 dicuntur
436 1434 86 48 de
479 1434 215 48 praedictis:
651 1434 158 48 quoniam
766 1434 230 48 appropriatio
953 1434 115 48 vere
1025 1434 100 48 non
1082 1434 129 48 habet
1168 1434 129 48 locum
1254 1434 115 48 nisi
1326 1434 86 48 in
1369 1434 158 48 communi
1469 1434 144 48 vniuoco,

146 1474 113 56 quod
216 1474 197 56 communiter
371 1474 155 56 dicitur
484 1474 85 56 de
526 1474 183 56 pluribus:
667 1474 127 56 aeque
752 1474 127 56 tamen
836 1474 155 56 proprie
949 1474 169 56 loquendo
1076 1474 85 56 de
1118 1474 155 56 proprie
1231 1474 113 56 quod
1301 1474 183 56 opponitur
1442 1474 85 56 ei
1484 1474 113 56 quod
1541 1474 70 56 est

142 1522 207 45 improprie:
305 1522 118 45 puta
379 1522 103 45 cum
438 1522 163 45 vniuoce
556 1522 163 45 dicitur
674 1522 89 45 de
718 1522 177 45 pluribus
851 1522 207 45 communiter
1014 1522 177 45 ciuitas,
1147 1522 74 45 &
1177 1522 103 45 sic
1236 1522 207 45 Apostolus,
1398 1522 236 45 significando

147 1563 124 56 idem
224 1563 170 56 commune
348 1563 124 56 quod
425 1563 170 56 proprie
549 1563 170 56 dicitur
673 1563 93 56 de
719 1563 124 56 vno,
797 1563 93 56 vt
843 1563 170 56 Ciuitas
967 1563 93 56 de
1014 1563 139 56 Roma,
1107 1563 77 56 &
1137 1563 201 56 Apostolus
1292 1563 93 56 de
1339 1563 155 56 Paulo.
1447 1563 93 56 Et
1478 1563 124 56 simili

140 1617 103 52 ter
199 1617 103 52 cum
258 1617 192 52 sapientia
405 1617 162 52 dicitur
523 1617 162 52 vniuoce
641 1617 88 52 de
685 1617 147 52 tribus
789 1617 177 52 personis
921 1617 177 52 diuinis:
1054 1617 236 52 significando
1245 1617 118 52 idem
1319 1617 192 52 singulare
1466 1617 118 52 quod
1525 1617 74 52 pro

138 1656 110 58 prie
207 1656 151 58 dicitur
317 1656 82 58 de
358 1656 137 58 filio.
454 1656 96 58 ibi
509 1656 110 58 enim
578 1656 151 58 proprie
687 1656 110 58 idem
756 1656 96 58 est
811 1656 110 58 quod
880 1656 220 58 appropriate.
1058 1656 96 58 Sed
1113 1656 96 58 cum
1168 1656 96 58 ens
1223 1656 178 58 aequiuoce
1360 1656 110 58 siue
1429 1656 178 58 analogice
1552 1656 55 58 di

144 1698 137 58 citur
235 1698 92 58 de
281 1698 214 58 substantia
449 1698 76 58 &
479 1698 214 58 accidente:
647 1698 107 58 nec
708 1698 107 58 est
769 1698 168 58 aliquid
891 1698 122 58 vnum
967 1698 244 58 significatum
1166 1698 153 58 nomine
1272 1698 137 58 entis
1364 1698 168 58 vniuoce
1486 1698 92 58 ad
1516 1698 92 58 suba

135 1750 178 51 stantiam
269 1750 74 51 &
298 1750 193 51 accidens:
447 1750 133 51 licet
536 1750 104 51 ens
595 1750 163 51 proprie
713 1750 163 51 dicatur
832 1750 89 51 de
877 1750 222 51 substantia:
1055 1750 104 51 non
1114 1750 133 51 tamen
1203 1750 163 51 dicitur
1321 1750 89 51 de
1366 1750 208 51 substantia
1514 1750 104 51 appro

142 1789 159 56 priate:
257 1789 101 56 sed
315 1789 145 56 potius
417 1789 203 56 propriate:
576 1789 116 56 quia
649 1789 232 56 appropriatio
837 1789 159 56 aliquid
953 1789 159 56 apponit
1069 1789 130 56 super
1156 1789 261 56 propriationem:
1373 1789 87 56 vt
1402 1789 203 56 intelligamus

137 1834 275 54 appropriationem
368 1834 130 54 fieri
455 1834 101 54 non
513 1834 130 54 solum
600 1834 174 54 secundum
731 1834 130 54 nomen
818 1834 87 54 ei
861 1834 101 54 cui
919 1834 174 54 conuenit
1049 1834 174 54 proprie:
1180 1834 130 54 sicut
1267 1834 101 54 ens
1325 1834 87 54 si
1368 1834 188 54 diceretur
1499 1834 101 54 appro

146 1885 146 49 priari
249 1885 233 49 substantiae:
438 1885 117 49 quia
511 1885 131 49 nihil
599 1885 146 49 omnino
701 1885 160 49 commune
817 1885 88 49 ad
861 1885 219 49 substantiam
1036 1885 73 49 &
1065 1885 175 49 accidens
1197 1885 233 49 significatum
1386 1885 102 49 est
1445 1885 146 49 nomine
1532 1885 73 49 sub

137 1926 192 55 stantiae:
285 1926 104 55 sed
344 1926 133 55 etiam
433 1926 178 55 secundum
566 1926 178 55 rationem
699 1926 118 55 eius
773 1926 118 55 quid
847 1926 237 55 significatum
1040 1926 104 55 est
1099 1926 118 55 ipso
1173 1926 163 55 nomine:
1291 1926 133 55 sicut
1380 1926 163 55 Ciuitas
1484 1926 118 55 appro-

147 1978 158 46 priatur
261 1978 143 46 Romae,
362 1978 72 46 &
390 1978 186 46 Apostolus
533 1978 143 46 Paulo,
634 1978 72 46 &
662 1978 186 46 sapientia
806 1978 129 46 filio
892 1978 115 46 dei.
992 1978 86 46 Ad
1035 1978 100 46 hoc
1092 1978 115 46 ergo
1164 1978 115 46 quod
1236 1978 201 46 quaeritur:
1393 1978 129 46 Vtrum
1479 1978 86 46 in
1508 1978 100 46 diui-

142 2019 100 52 nis
199 2019 100 52 sit
256 2019 200 52 possibilis
413 2019 228 52 appropriatio
598 2019 171 52 communis
727 2019 86 52 ad
769 2019 185 52 proprium:
912 2019 114 52 Dico
983 2019 114 52 quod
1055 2019 114 52 sic:
1126 2019 114 52 quia
1197 2019 86 52 in
1240 2019 157 52 diuinis
1354 2019 100 52 est
1411 2019 171 52 reperire
1525 2019 86 52 ali-

131 2066 126 48 quid
210 2066 173 48 commune
336 2066 189 48 vniuocum
478 2066 189 48 scilicet
620 2066 189 48 secundum
761 2066 126 48 idem
840 2066 158 48 nomen,
950 2066 79 48 &
982 2066 126 48 idem
1061 2066 173 48 nominis
1187 2066 252 48 significatum
1391 2066 173 48 commune
1502 2066 95 48 plu-

138 2112 140 44 ribus,
236 2112 112 44 quod
306 2112 140 44 alicui
403 2112 154 44 illorum
515 2112 168 44 conuenit
641 2112 168 44 proprie:
767 2112 84 44 vt
809 2112 182 44 sapientia
948 2112 140 44 filio:
1046 2112 70 44 &
1074 2112 168 44 secundum
1200 2112 112 44 quod
1270 2112 126 44 dicit
1354 2112 126 44 loan.
1437 2112 84 44 in
1465 2112 140 44 canonica

137 2145 117 60 sua,
210 2145 175 60 Charitas
342 2145 88 60 ex
386 2145 102 60 deo
444 2145 117 60 est.
517 2145 117 60 quod
590 2145 219 60 appropriate
765 2145 161 60 dicitur
882 2145 88 60 de
926 2145 161 60 spiritu
1043 2145 161 60 sancto:
1159 2145 73 60 &
1189 2145 102 60 hoc
1247 2145 131 60 prout
1335 2145 146 60 arguit
1437 2145 131 60 Augu.
1524 2145 88 60 ex
1554 2145 58 60 di

143 2192 104 62 cto
203 2192 163 62 loannis
321 2192 104 62 vbi
381 2192 148 62 supra:
485 2192 119 62 quia
559 2192 89 62 in
603 2192 104 62 deo
663 2192 178 62 manemus,
796 2192 74 62 &
826 2192 119 62 ipse
900 2192 104 62 est
960 2192 89 62 in
1004 2192 148 62 nobis:
1108 2192 163 62 quoniam
1227 2192 89 62 de
1271 2192 163 62 spiritu
1390 2192 104 62 suo
1450 2192 134 62 dedit
1524 2192 74 62 no-

145 2245 102 51 bis.
209 2245 102 51 ldem
273 2245 115 51 etiam
349 2245 115 51 dicit
426 2245 153 51 loannem.
541 2245 102 51 quod
605 2245 153 51 charitas
719 2245 102 51 deus
783 2245 102 51 est:
847 2245 102 51 quod
911 2245 179 51 communiter
1051 2245 140 51 dicitur
1153 2245 77 51 de
1192 2245 128 51 tribus
1281 2245 166 51 personis.
1409 2245 89 51 Sed
1460 2245 102 51 haec
1511 2245 89 51 appro

135 2284 167 57 priatio
256 2284 182 57 qualiter
393 2284 76 57 &
423 2284 106 57 qua
484 2284 91 57 de
530 2284 137 57 causa
621 2284 137 57 fiat,
712 2284 91 57 in
758 2284 228 57 sequentibus
940 2284 258 57 quaestionibus
1152 2284 167 57 amplius
1274 2284 258 57 declarabitur.
1471 2284 137 57 Quantum

131 2330 140 58 tamen
225 2330 94 58 ad
272 2330 218 58 praesentem
444 2330 234 58 quaestionem
631 2330 203 58 pertinet,
787 2330 187 58 sciendum
927 2330 125 58 quod
1005 2330 187 58 secundum
1146 2330 109 58 iam
1208 2330 203 58 praetacta
1364 2330 172 58 aliquid
1474 2330 140 58 commune

141 2373 180 57 vniuocum
276 2373 210 57 dupliciter
441 2373 120 57 est:
516 2373 105 57 vel
576 2373 240 57 significando
771 2373 120 57 vnum
846 2373 165 57 commune
966 2373 285 57 vniuersalitate:
1206 2373 105 57 vel
1266 2373 240 57 significando
1461 2373 120 57 vnum
1521 2373 90 57 coma

136 2423 118 54 mune
210 2423 221 54 communione.
386 2423 88 54 Et
431 2423 103 54 sic
489 2423 103 54 est
548 2423 206 54 dupliciter
710 2423 250 54 appropriatio,
916 2423 118 54 siue
990 2423 147 54 duplex
1093 2423 132 54 modus
1181 2423 294 54 appropriationis:
1431 2423 147 54 quorum
1520 2423 88 54 pri-

135 2473 110 45 mus
198 2473 110 45 est
261 2473 110 45 per
324 2473 252 45 excellentiam
528 2473 126 45 eius
607 2473 110 45 cui
670 2473 173 45 commune
796 2473 252 45 appropriatur
1000 2473 141 45 super
1094 2473 126 45 alia
1173 2473 157 45 quibus
1283 2473 220 45 communiter
1440 2473 173 45 conuenit.

136 2502 138 62 Alius
227 2502 107 62 per
289 2502 306 62 correspondentiam
549 2502 184 62 communis
686 2502 122 62 quod
763 2502 245 62 appropriatur
961 2502 92 62 ad
1007 2502 184 62 proprium
1145 2502 153 62 illius
1252 2502 107 62 cui
1313 2502 260 62 appropriatur:
1527 2502 122 62 quod

135 2558 173 53 proprium
265 2558 101 53 est
322 2558 217 53 proprietas:
496 2558 72 53 &
525 2558 173 53 proprium
655 2558 159 53 proprie
770 2558 144 53 dictum
871 2558 87 53 in
915 2558 159 53 diuinis
1030 2558 116 53 eius
1102 2558 116 53 quod
1175 2558 101 53 est
1232 2558 173 53 proprium
1362 2558 72 53 &
1391 2558 159 53 persona
1492 2558 116 53 singu-

127 2588 129 66 laris.
217 2588 77 66 De
256 2588 231 66 appropriatione
449 2588 116 66 primo
526 2588 103 66 modo
590 2588 103 66 dico
654 2588 103 66 quod
719 2588 116 66 nullo
796 2588 103 66 modo
860 2588 180 66 possibilis
1002 2588 90 66 est
1053 2588 77 66 in
1092 2588 154 66 diuinis.
1207 2588 77 66 In
1246 2588 103 66 tali
1310 2588 103 66 enim
1375 2588 103 66 modo
1426 2588 180 66 appropriatio

129 2637 91 60 nis
181 2637 208 60 appropriatum
350 2637 104 60 quod
415 2637 104 60 est,
480 2637 65 60 &
506 2637 130 60 verius
597 2637 65 60 &
623 2637 182 60 perfectius
766 2637 156 60 convenit
883 2637 104 60 illi
948 2637 91 60 cui
1000 2637 208 60 appropriatur
1169 2637 104 60 quam
1234 2637 143 60 alteri.
1338 2637 195 60 Quemadmodum
1494 2637 117 60 nomen
1559 2637 52 60 ci

140 2694 144 68 uitatis
245 2694 209 68 appropriatur
415 2694 131 68 Romae:
506 2694 65 68 &
533 2694 118 68 nomen
611 2694 170 68 Apostoli.
742 2694 118 68 Paulo
821 2694 223 68 appropriatur:
1004 2694 105 68 qua.
1069 2694 157 68 scilicet
1187 2694 105 68 Roma
1253 2694 170 68 excellere
1383 2694 144 68 solebat
1475 2694 131 68 caeteras
