2017 3208
387 240 165 67 econverso.
517 240 94 67 ergo
575 240 94 67 cone
634 240 82 67 non
681 240 118 67 potest
764 240 94 67 esse
823 240 200 67 appropriatum.
987 240 141 67 Dicendum
1093 240 82 67 est
1140 240 94 67 enim
1199 240 94 67 quod
1258 240 71 67 in
1293 240 118 67 ocmuni
1376 240 82 67 duo
1423 240 176 67 consideranm
1564 240 141 67 scilicet
1670 240 71 67 id
1705 240 94 67 quod
1764 240 82 67 est
1811 240 106 67 cone,
1870 240 35 67 &

383 296 74 50 id
420 296 99 50 quod
481 296 86 50 est
531 296 111 50 quasi
605 296 111 50 prima
679 296 148 50 intentio
790 296 74 50 in
827 296 148 50 diuinis:
938 296 62 50 &
963 296 99 50 cone
1024 296 86 50 sub
1074 296 136 50 ratione
1172 296 148 50 communis
1283 296 99 50 quod
1345 296 86 50 est
1394 296 111 50 quasi
1468 296 148 50 secundae
1580 296 197 50 intentionis.
1740 296 74 50 Et
1777 296 99 50 cone
1826 296 62 50 pri

397 342 79 54 mo
436 342 105 54 modo
502 342 92 54 non
554 342 170 54 supponit,
685 342 170 54 proprium:
816 342 92 54 sed
868 342 157 54 proprium
986 342 131 54 potius
1078 342 157 54 supponit
1196 342 118 54 illud
1274 342 105 54 cone
1340 342 144 54 tamquam
1445 342 131 54 primum
1536 342 65 54 &
1563 342 183 54 principium
1707 342 144 54 illius.
1798 342 92 54 Super

391 386 117 51 ponit
469 386 117 51 etiam
547 386 117 51 illud
625 386 104 51 cone
690 386 221 51 appropriatum:
871 386 65 51 &
897 386 104 51 ideo
962 386 104 51 cone
1027 386 91 51 sub
1079 386 104 51 tali
1144 386 143 51 ratione
1248 386 91 51 non
1300 386 221 51 appropriatur:
1482 386 91 51 sed
1533 386 130 51 potius
1624 386 182 51 propriatur
1767 386 156 51 secundum

389 434 102 50 iam
448 434 145 50 dicta.
549 434 160 50 Commune
666 434 131 50 autem
753 434 160 50 secundo
869 434 116 50 modo
942 434 189 50 supponit,
1088 434 175 50 proprium
1218 434 160 50 tanquam
1335 434 145 50 primum
1437 434 73 50 &
1466 434 175 50 secundum
1597 434 175 50 rationem
1713 434 189 50 intellectus

391 479 124 52 nostri
478 479 187 52 praecedens:
627 479 100 52 quia
689 479 87 52 (vt
739 479 124 52 dictum
826 479 100 52 est)
888 479 75 52 id
926 479 100 52 quod
988 479 87 52 est
1038 479 100 52 cone
1100 479 87 52 per
1150 479 212 52 abstractionem
1324 479 62 52 a
1349 479 137 52 proprio
1448 479 137 52 assumit
1548 479 187 52 intentionem
1697 479 162 52 communis:
1821 479 62 52 &
1834 479 62 52 pro

397 525 119 50 prium
476 525 93 50 non
529 525 159 50 supponit
649 525 133 50 illud:
742 525 93 50 sed
795 525 212 50 appropriatum
967 525 159 50 supponit
1087 525 133 50 illud:
1180 525 106 50 quia
1246 525 119 50 nihil
1325 525 212 50 appropriatur
1498 525 106 50 nisi
1564 525 119 50 cone:
1644 525 66 50 &
1670 525 80 50 vt
1710 525 93 50 est
1763 525 93 50 sub
1803 525 93 50 ratio

392 579 74 51 ne
429 579 160 51 communis.
551 579 61 51 &
576 579 86 51 sic
625 579 74 51 in
662 579 160 51 argumento
785 579 196 51 aequiuocatur
944 579 111 51 ratio
1018 579 160 51 communis.
1141 579 61 51 â‹
1165 579 74 51 Ad
1202 579 135 51 quintum
1301 579 98 51 quod
1362 579 111 51 illud
1436 579 98 51 quod
1497 579 86 51 est
1546 579 135 51 occasio
1644 579 135 51 errandi
1730 579 160 51 impossibile

402 618 92 56 est
454 618 79 56 in
494 618 157 56 diuinis:
612 618 105 56 Dico
677 618 105 56 quod
743 618 118 56 verum
822 618 92 56 est
874 618 79 56 vt
913 618 157 56 procedit
1031 618 157 56 obiectio
1149 618 79 56 de
1189 618 79 56 eo
1228 618 105 56 quod
1294 618 92 56 est
1346 618 144 56 occasio
1451 618 144 56 errandi
1556 618 118 56 data.
1635 618 92 56 Non
1687 618 118 56 autem
1766 618 118 56 verum
1831 618 66 56 est

399 660 82 55 de
440 660 82 55 eo
482 660 110 55 quod
550 660 96 55 est
605 660 151 55 errandi
715 660 151 55 occasio
825 660 165 55 accepta.
949 660 110 55 Nunc
1017 660 124 55 autem
1100 660 220 55 appropriatio
1278 660 82 55 in
1319 660 151 55 diuinis
1429 660 124 55 nulli
1512 660 96 55 est
1566 660 151 55 occasio
1676 660 151 55 errandi
1786 660 110 55 data
1841 660 55 55 ex

385 708 106 48 actu
451 708 225 48 appropriandi:
636 708 106 48 quia
702 708 119 48 talis
782 708 146 48 occasio
888 708 146 48 faceret
993 708 146 48 errare:
1099 708 119 48 sicut
1179 708 172 48 scandalum
1311 708 146 48 actiuum
1417 708 106 48 quod
1483 708 93 48 est
1536 708 146 48 occasio
1642 708 225 48 scandalizandi
1814 708 79 48 data

387 751 117 62 facit
465 751 78 62 vt
504 751 143 62 aliquis
607 751 233 62 scandalizetur:
802 751 91 62 sed
853 751 207 62 appropriatio
1022 751 91 62 est
1074 751 130 62 potius
1164 751 143 62 occasio
1268 751 104 62 data
1333 751 168 62 dirigendi
1462 751 78 62 in
1501 751 168 62 credendis
1631 751 117 62 circa
1709 751 155 62 propria:
1812 751 78 62 quia

389 797 222 53 appropriata
567 797 118 53 sunt
641 797 222 53 declaratiua
818 797 207 53 propriorum
981 797 74 53 &
1010 797 222 53 manuductiua
1187 797 89 53 in
1232 797 222 53 cognitionem
1409 797 207 53 propriorum
1572 797 163 53 tanquam
1690 797 133 53 minus
1764 797 133 53 notorum

401 844 78 51 er
440 844 117 51 magis
518 844 117 51 nota.
597 844 117 51 Magis
675 844 117 51 autem
753 844 104 51 nota
818 844 117 51 nobis
897 844 104 51 sunt
962 844 157 51 communia
1079 844 196 51 essentialia
1236 844 117 51 quam,
1314 844 143 51 propria
1418 844 196 51 personalia:
1575 844 196 51 quemadmodum
1731 844 78 51 in
1758 844 130 51 naturali

390 891 99 47 bus
447 891 128 47 nobis
532 891 142 47 primum
631 891 184 47 manifesta
773 891 71 47 &
801 891 128 47 certa
886 891 113 47 sunt
957 891 156 47 confusa
1071 891 142 47 magis:
1170 891 184 47 posterius
1312 891 128 47 autem
1397 891 85 47 ex
1439 891 99 47 his
1496 891 128 47 fiunt
1581 891 113 47 nota
1652 891 184 47 elementa.
1808 891 113 47 Vnde

393 936 85 54 ex
435 936 240 54 vniuersalibus
633 936 85 54 in
676 936 198 54 singularia
831 936 155 54 oportet
944 936 184 54 deuenire,
1085 936 85 54 vt
1128 936 155 54 dicitur
1241 936 85 54 in
1283 936 184 54 principio
1425 936 141 54 Physi.
1524 936 85 54 Et
1566 936 184 54 contingit
1707 936 99 54 hoc
1764 936 127 54 nobis
1834 936 57 54 de

390 975 176 53 ocomunibus
529 975 63 53 &
554 975 151 53 propriis
668 975 76 53 in
705 975 151 53 diuinis:
819 975 113 53 sicut
894 975 113 53 illud
970 975 164 53 contingit
1096 975 76 53 de
1134 975 214 53 vniversalibus
1310 975 63 53 &
1336 975 202 53 singularibus
1499 975 76 53 in
1537 975 176 53 creaturis:
1676 975 101 53 quia
1739 975 113 53 sicut
1814 975 76 53 in
1840 975 50 53 il

396 1020 90 54 lis
448 1020 180 54 vniversale
589 1020 116 54 nobis
666 1020 129 54 notius
756 1020 103 54 est:
820 1020 103 54 quia
885 1020 116 54 notum
962 1020 141 54 quoddam
1064 1020 64 54 &
1090 1020 154 54 confusum
1206 1020 90 54 est
1257 1020 154 54 respectu
1373 1020 206 54 singularium:
1540 1020 64 54 &
1566 1020 141 54 confusa
1669 1020 116 54 magis
1746 1020 103 54 nota
1797 1020 90 54 nobis

387 1067 111 53 sunt
456 1067 166 53 secundum
581 1067 152 53 sensum,
692 1067 83 53 vt
733 1067 125 53 dicit
816 1067 152 53 ibidem:
927 1067 69 53 &
955 1067 125 53 omnis
1038 1067 138 53 nostra
1135 1067 166 53 cognitio
1259 1067 180 53 naturalis
1398 1067 69 53 a
1425 1067 125 53 sensu
1508 1067 125 53 ortum
1591 1067 138 53 capit,
1688 1067 83 53 vt
1730 1067 152 53 dicitur
1841 1067 83 53 in

395 1116 162 54 principio
519 1116 62 54 &
544 1116 75 54 in
581 1116 100 54 fine
644 1116 112 54 libri
718 1116 199 54 posteriorum:
880 1116 87 54 sic
930 1116 75 54 in
967 1116 112 54 istis
1042 1116 100 54 cone
1104 1116 112 54 nobis
1179 1116 125 54 notius
1266 1116 100 54 est,
1329 1116 149 54 proprio:
1441 1116 100 54 quia
1503 1116 149 54 communia
1615 1116 125 54 diuina
1702 1116 100 54 quae
1764 1116 75 54 in
1789 1116 100 54 creatu

384 1161 89 49 ris
435 1161 77 49 ad
474 1161 179 49 dignitatem
614 1161 166 49 pertinent
742 1161 204 49 simpliciter,
907 1161 115 49 magis
984 1161 102 49 nota
1048 1161 115 49 nobis
1124 1161 102 49 sunt
1188 1161 153 49 secundum
1303 1161 191 49 intellectum
1456 1161 115 49 quam,
1533 1161 140 49 propria
1635 1161 153 49 illorum:
1750 1161 64 49 &
1775 1161 77 49 ex
1801 1161 89 49 illis

387 1204 150 46 conibus
497 1204 82 46 in
538 1204 178 46 creaturis
675 1204 164 46 repartis
798 1204 164 46 deuenire
921 1204 164 46 possumus
1044 1204 123 46 ductu
1126 1204 178 46 naturalis
1263 1204 164 46 rationis
1386 1204 96 46 per
1441 1204 219 46 certitudinem
1618 1204 82 46 in
1659 1204 205 46 cognitionem
1810 1204 82 46 con-

386 1248 134 60 munium
479 1248 215 60 essentialium
654 1248 188 60 diuinorum:
801 1248 94 60 non
855 1248 94 60 sic
909 1248 121 60 autem
989 1248 80 60 ex
1029 1248 174 60 aliquibus
1164 1248 107 60 quae
1231 1248 201 60 cognoscimus
1392 1248 80 60 in
1432 1248 188 60 creaturis,
1579 1248 161 60 possumus
1700 1248 161 60 deuenire
1821 1248 94 60 per

385 1300 203 55 certitudinem
550 1300 76 55 in
589 1300 140 55 aliquam
690 1300 191 55 cognitionem
843 1300 140 55 illorum
944 1300 102 55 quae
1008 1300 114 55 sunt,
1084 1300 140 55 propria
1186 1300 76 55 in
1224 1300 152 55 diuinis,
1338 1300 152 55 secundum
1452 1300 102 55 quod
1516 1300 102 55 haec
1579 1300 127 55 patent
1668 1300 76 55 ex
1706 1300 114 55 supra
1770 1300 127 55 determi-

382 1344 133 58 natis.
475 1344 107 58 Sunt
542 1344 120 58 autem
622 1344 160 58 communia
742 1344 200 58 essentialia
902 1344 200 58 declaratiua
1062 1344 120 58 nobis
1143 1344 187 58 propriorum
1289 1344 80 58 in
1329 1344 160 58 diuinis,
1450 1344 147 58 tanquam
1556 1344 200 58 manuductiua
1716 1344 80 58 in
1743 1344 147 58 cognitio-

380 1389 100 46 nem
437 1389 172 46 illorum:
566 1389 72 46 &
595 1389 100 46 hoc
652 1389 100 46 vel
709 1389 100 46 per
766 1389 129 46 modum
852 1389 244 46 similitudinis
1053 1389 100 46 vel
1110 1389 129 46 modum
1196 1389 301 46 dissimilitudinis.
1454 1389 100 46 Per
1511 1389 129 46 modum
1597 1389 258 46 similitudinis,
1812 1389 86 46 ad
1841 1389 57 46 mo

383 1428 103 64 dum
442 1428 103 64 quo
501 1428 236 64 similitudine
693 1428 177 64 imaginis
826 1428 103 64 vel
885 1428 177 64 vestigii
1018 1428 89 64 in
1063 1428 192 64 creaturis
1210 1428 162 64 inuenta
1329 1428 222 64 manuducimur
1506 1428 89 64 in
1550 1428 222 64 cognitionem
1713 1428 177 64 propriorum

387 1473 77 66 in
426 1473 141 66 diuins,
528 1473 77 66 vt
566 1473 89 66 cum
617 1473 89 66 per
668 1473 204 66 generationem
834 1473 102 66 quam
898 1473 141 66 videmus
1001 1473 77 66 in
1039 1473 166 66 creaturis
1167 1473 204 66 manifestamus
1333 1473 204 66 generationem
1499 1473 153 66 diuinam:
1614 1473 64 66 &
1639 1473 89 66 per
1691 1473 166 66 conceptum
1806 1473 89 66 verbi

383 1525 136 52 nostri
479 1525 218 52 manifestamus
656 1525 177 52 conceptum
792 1525 123 52 verbi
874 1525 150 52 diuini:
983 1525 68 52 &
1010 1525 95 52 per
1065 1525 177 52 processum
1201 1525 136 52 amoris
1296 1525 95 52 nii
1351 1525 177 52 processum
1487 1525 123 52 amori
1569 1525 150 52 diuini.
1678 1525 95 52 Per
1732 1525 123 52 modum
1801 1525 95 52 dissi

385 1575 202 54 militudinis,
549 1575 88 54 put
600 1575 202 54 declarabitur
764 1575 76 54 in
802 1575 151 54 sequenti
915 1575 189 54 quaestione.
1066 1575 88 54 Eit
1117 1575 113 54 autem
1192 1575 202 54 appropriatio
1356 1575 164 54 communium
1482 1575 76 54 in
1520 1575 126 54 diuins
1609 1575 88 54 per
1659 1575 139 54 quandam
1747 1575 139 54 cortntiam

379 1619 173 50 communium
512 1619 80 50 ad
552 1619 160 50 propria:
672 1619 67 50 &
699 1619 93 50 hoc
752 1619 93 50 vel
805 1619 93 50 per
859 1619 107 50 viam
925 1619 227 50 similitudinis
1112 1619 93 50 vel
1165 1619 93 50 per
1218 1619 107 50 viam
1285 1619 280 50 dissimilitudinis.
1525 1619 93 50 Per
1578 1619 107 50 viam
1645 1619 227 50 similitudinis
1832 1619 80 50 ad

377 1657 208 51 cognitionem
543 1657 194 51 veritatis.
695 1657 97 51 Per
751 1657 111 51 viam
820 1657 125 51 autem
903 1657 277 51 dissimilitudinis
1138 1657 83 51 ad
1180 1657 194 51 remotionem
1332 1657 166 51 erroris,
1456 1657 83 51 vt
1498 1657 152 51 patebit
1608 1657 83 51 in
1650 1657 166 51 sequenti
1761 1657 138 51 quaestio

385 1703 106 52 ne.
446 1703 121 52 Quae
521 1703 288 52 correspondentia
764 1703 182 52 percepta
901 1703 91 52 in
946 1703 273 52 appropriatione
1174 1703 152 52 multum
1280 1703 137 52 valet
1371 1703 91 52 ad
1417 1703 243 52 percipiendum
1614 1703 167 52 propria
1735 1703 106 52 per
1781 1703 106 52 commu

378 1753 116 51 nia,
450 1753 87 51 vt
493 1753 231 51 declarabitur
681 1753 159 51 ibidem.
797 1753 72 51 â‹
826 1753 116 51 Quod
898 1753 130 51 autem
985 1753 188 51 assumitur
1130 1753 87 51 in
1173 1753 202 51 argumento,
1332 1753 116 51 quod
1404 1753 231 51 appropriatio
1592 1753 101 51 est
1650 1753 159 51 occasio
1766 1753 159 51 errandi

379 1791 81 65 in
419 1791 162 65 diuinis:
540 1791 108 65 quia
607 1791 81 65 ex
648 1791 108 65 illa
715 1791 135 65 potest
810 1791 175 65 intelligi
944 1791 108 65 quod
1012 1791 215 65 appropriatum
1187 1791 108 65 illi
1254 1791 108 65 soli
1321 1791 175 65 conveniat
1456 1791 94 65 cui
1510 1791 229 65 appropriatur,
1698 1791 94 65 aut
1752 1791 108 65 quod
1820 1791 94 65 ma-

384 1841 99 57 gis
441 1841 85 57 ei
483 1841 184 57 conueniat
625 1841 99 57 &c.
682 1841 114 57 Dico
753 1841 114 57 quod
824 1841 99 57 non
880 1841 99 57 est
937 1841 128 57 verum
1022 1841 156 57 quantum
1136 1841 99 57 est
1193 1841 85 57 ex
1235 1841 128 57 parte
1320 1841 114 57 siue
1391 1841 85 57 ex
1434 1841 156 57 ratione
1547 1841 284 57 appropriationis:
1789 1841 99 57 sed
1831 1841 57 57 si

383 1888 123 50 illud
466 1888 192 50 contingat,
616 1888 96 50 hoc
671 1888 123 50 solum
754 1888 165 50 prouenit
877 1888 82 50 ex
918 1888 165 50 paruerso
1042 1888 192 50 intellectu
1193 1888 151 50 illius:
1302 1888 96 50 non
1357 1888 82 50 ex
1398 1888 82 50 eo
1439 1888 110 50 quod
1508 1888 151 50 dicitur
1618 1888 151 50 aliquod
1714 1888 178 50 appropriari

388 1933 135 60 quantum
486 1933 98 60 enim
548 1933 86 60 est
597 1933 74 60 de
634 1933 184 60 significato
781 1933 234 60 appropriationis
978 1933 61 60 &
1003 1933 148 60 ratione,
1113 1933 98 60 bene
1175 1933 197 60 intelligenti
1335 1933 111 60 illam
1408 1933 172 60 insinuatur
1544 1933 98 60 quod
1605 1933 197 60 appropriatum
1765 1933 86 60 sit
1802 1933 86 60 pluri

396 1982 95 56 pus
451 1982 122 56 cone:
532 1982 108 56 quia
600 1982 81 56 vt
640 1982 136 56 dictum
735 1982 95 56 est
789 1982 95 56 non
844 1982 217 56 appropriatur
1020 1982 108 56 nisi
1088 1982 108 56 cone
1155 1982 176 56 inquantum
1291 1982 95 56 est
1345 1982 122 56 cone.
1426 1982 95 56 Sed
1480 1982 81 56 si
1521 1982 108 56 quis
1589 1982 81 56 ex
1630 1982 244 56 appropriatione
1833 1982 81 56 in

383 2020 150 66 telligat
495 2020 100 66 quod
557 2020 200 66 appropriatum
720 2020 87 66 vni
770 2020 100 66 soli
832 2020 175 66 conveniat:
970 2020 87 66 hoc
1020 2020 162 66 contingit
1145 2020 100 66 illi
1207 2020 75 66 ex
1244 2020 87 66 hoc
1294 2020 137 66 solummo
1394 2020 150 66 scilicet
1507 2020 100 66 quia
1569 2020 87 66 non
1619 2020 175 66 intelligit
1757 2020 100 66 quid
1807 2020 87 66 signi

380 2061 131 70 ficetur
475 2061 119 70 nomine
559 2061 238 70 appropriationis:
761 2061 83 70 sed
809 2061 119 70 nomine
892 2061 226 70 appropriationis
1083 2061 179 70 intelligit,
1226 2061 214 70 propriationem:
1405 2061 71 70 in
1440 2061 95 70 quae
1500 2061 167 70 proprietas
1631 2061 131 70 dicitur
1726 2061 155 70 propriari
1833 2061 60 70 pro

387 2113 104 56 prio
452 2113 157 56 personae
570 2113 170 56 alicuius,
700 2113 104 56 puta
765 2113 183 56 paternitas
909 2113 131 56 patri,
1000 2113 104 56 quae
1066 2113 91 56 est
1118 2113 209 56 constitutiua
1288 2113 104 56 eius
1353 2113 78 56 vt
1392 2113 157 56 proprii:
1509 2113 65 56 &
1536 2113 91 56 non
1588 2113 91 56 est
1640 2113 104 56 nata
1705 2113 131 56 alteri
1784 2113 104 56 conve-

375 2163 114 56 nire.
451 2163 177 56 Intelligit
591 2163 114 56 autem
667 2163 101 56 ille
730 2163 114 56 dicto
806 2163 101 56 modo
869 2163 127 56 nomine
958 2163 241 56 appropriationis
1160 2163 228 56 propriationem:
1350 2163 76 56 eo
1388 2163 101 56 quod
1452 2163 203 56 appropriatio
1616 2163 139 56 videtur
1717 2163 101 56 esse
1768 2163 114 56 quaedam

390 2202 100 64 ratio
456 2202 133 64 proprii:
556 2202 100 64 sicut
623 2202 144 64 conicatio
734 2202 78 64 est
778 2202 122 64 quaedam
867 2202 178 64 ratiommunis,
1011 2202 67 64 vt
1045 2202 111 64 tactum
1122 2202 78 64 est
1167 2202 67 64 in
1200 2202 111 64 tertio
1278 2202 144 64 argumento
1389 2202 178 64 praecedente.
1533 2202 78 64 Sed
1577 2202 78 64 non
1622 2202 178 64 intelligitur
1766 2202 111 64 nomine
1844 2202 67 64 ap

377 2252 204 60 propriationis
545 2252 168 60 propriatio
677 2252 96 60 modo
737 2252 84 60 quo
784 2252 168 60 proprietas
916 2252 132 60 dicitur
1012 2252 168 60 propriari:
1144 2252 96 60 quia
1204 2252 84 60 sit
1252 2252 84 60 ita
1300 2252 120 60 esset:
1384 2252 96 60 tunc
1444 2252 108 60 ratio
1515 2252 84 60 qua
1563 2252 96 60 vnum
1623 2252 96 60 cone
1683 2252 192 60 distinguitur
1827 2252 48 60 ab

378 2298 129 44 alio,
464 2298 101 44 non
521 2298 129 44 solum
608 2298 158 44 haberet
723 2298 158 44 maiorem
838 2298 244 44 convenientiam
1039 2298 101 44 cum
1096 2298 101 44 vno
1154 2298 158 44 proprio
1269 2298 115 44 quam
1341 2298 101 44 cum
1398 2298 158 44 altero:
1513 2298 158 44 propter
1628 2298 115 44 quam
1686 2298 201 44 appropriare-

374 2335 91 66 tur:
431 2335 80 66 sed
476 2335 102 66 esset
544 2335 114 66 omnino
624 2335 137 66 propria,
727 2335 80 66 ita
772 2335 159 66 conveniens
897 2335 80 66 vni
943 2335 91 66 quod
1000 2335 80 66 non
1045 2335 125 66 alteri.
1137 2335 91 66 Quod
1193 2335 137 66 excludit
1296 2335 159 66 Augustinus
1421 2335 80 66 vi.
1467 2335 68 66 de
1501 2335 171 66 triniitate.
1638 2335 148 66 ostendens
1751 2335 91 66 quod
1797 2335 91 66 sapiem

385 2379 93 60 tia
438 2379 200 60 appropriata
598 2379 120 60 filio
678 2379 93 60 non
731 2379 93 60 est
785 2379 147 60 propria
891 2379 107 60 illi
958 2379 93 60 per
1011 2379 93 60 hoc
1065 2379 107 60 quod
1131 2379 120 60 pater
1211 2379 93 60 non
1264 2379 93 60 est
1318 2379 147 60 sapiens
1424 2379 173 60 sapientia
1558 2379 107 60 quam
1624 2379 147 60 genuit:
1731 2379 120 60 quasi
1798 2379 93 60 solus

386 2424 141 62 filius
485 2424 99 62 sit
541 2424 184 62 sapientia
683 2424 71 62 &
711 2424 99 62 non
767 2424 127 62 pater
852 2424 113 62 nisi
923 2424 99 62 per
979 2424 155 62 filium:
1093 2424 99 62 sed
1149 2424 155 62 vterque
1262 2424 99 62 per
1319 2424 85 62 se
1361 2424 99 62 est
1418 2424 198 62 sapientia:
1573 2424 71 62 &
1601 2424 113 62 ambo
1672 2424 127 62 simul
1757 2424 113 62 sunt
1813 2424 71 62 vna

380 2469 175 69 sapientia:
518 2469 100 69 quae
581 2469 88 69 est
631 2469 138 69 ipsorum
731 2469 88 69 vna
781 2469 163 69 essentia.
906 2469 88 69 Nec
956 2469 113 69 etiam
1032 2469 200 69 appropriatio
1194 2469 88 69 est
1244 2469 138 69 quaedam
1345 2469 113 69 ratio
1420 2469 150 69 proprii:
1532 2469 113 69 sicut
1608 2469 163 69 conicatio
1733 2469 88 69 est
1770 2469 113 69 quaedam

382 2520 119 64 ratio
461 2520 172 64 communis:
593 2520 106 64 quia
660 2520 212 64 communicatio
832 2520 93 64 est
885 2520 146 64 quaedam
990 2520 119 64 ratio
1070 2520 159 64 communis
1189 2520 185 64 subiectiue
1334 2520 79 64 vt
1374 2520 106 64 eius
1440 2520 106 64 quod
1506 2520 225 64 communicatur:
1692 2520 93 64 sed
1731 2520 159 64 appropria-

377 2568 86 40 tio
426 2568 86 40 est
475 2568 135 40 quaedam
574 2568 111 40 ratio
647 2568 135 40 proprii
746 2568 86 40 non
795 2568 172 40 subiectiue
930 2568 86 40 sed
980 2568 160 40 obiectiue
1103 2568 74 40 vt
1140 2568 98 40 eius
1201 2568 86 40 cui
1250 2568 209 40 appropriatur:
1423 2568 111 40 sicut
1497 2568 62 40 &
1521 2568 172 40 propriatio
1656 2568 86 40 est
1706 2568 135 40 quaedam
1792 2568 86 40 ratio

385 2614 102 62 prii:
453 2614 57 62 &
475 2614 79 62 hoc
521 2614 261 62 vniversaliobiectiue
748 2614 68 62 vt
782 2614 91 62 eius
838 2614 91 62 quod
895 2614 170 62 quaedammodo
1031 2614 79 62 fit
1077 2614 147 62 proprium:
1190 2614 147 62 cuiusmodi
1303 2614 68 62 in
1338 2614 113 62 diuins
1417 2614 79 62 est
1462 2614 125 62 persona
1553 2614 159 62 constituta
1678 2614 68 62 in
1712 2614 91 62 esse
1757 2614 125 62 personali

383 2659 65 58 ex
416 2659 131 58 essentia
514 2659 54 58 &
535 2659 163 58 proprietate
666 2659 131 58 secundum
764 2659 131 58 superius
862 2659 163 58 determiata:
992 2659 141 58 vniversal
1101 2659 141 58 obiectiue
1210 2659 65 58 vt
1242 2659 87 58 eius
1297 2659 76 58 cui
1340 2659 120 58 aliquid
1427 2659 163 58 propriatur:
1558 2659 54 58 &
1579 2659 76 58 hoc
1623 2659 152 58 vniversali
1743 2659 65 58 vt
1764 2659 109 58 constitu

376 2696 113 67 tiuum,
455 2696 135 67 proprii:
556 2696 101 67 sicut
624 2696 158 67 proprietas
747 2696 158 67 propriatur
871 2696 124 67 proprio
962 2696 90 67 puta
1018 2696 146 67 personae:
1131 2696 180 67 vniversalivt
1277 2696 124 67 tractum
1367 2696 68 67 ad
1401 2696 124 67 quandam
1491 2696 135 67 rationem
1592 2696 135 67 proprii:
1694 2696 101 67 sicut
1761 2696 90 67 cone
1806 2696 68 67 rea
