2017 3168
113 250 228 86 appropriari
295 250 198 86 translata
447 250 91 86 ad
493 250 167 86 diuina:
614 250 137 86 multo
705 250 167 86 fortius
827 250 76 86 &
857 250 198 86 quodlibet
994 250 152 86 illorum.

119 294 86 84 â‹
153 294 137 84 Dico
239 294 103 84 ex
291 294 275 84 determinatis
514 294 103 84 in
565 294 258 84 praecedenti
771 294 258 84 quaestione,
977 294 137 84 quod
1063 294 103 84 in
1115 294 309 84 appropriatione
1372 294 120 84 est
1441 294 120 84 duo
1492 294 86 84 con

116 358 166 75 siderare
241 358 166 75 scilicet
366 358 263 75 appropriationis
587 358 166 75 originem
712 358 83 75 ex
754 358 125 75 parte
837 358 152 75 naturae
948 358 69 75 &
975 358 222 75 pluralitatis
1156 358 236 75 appropriandi,
1350 358 69 75 &
1377 358 263 75 appropriationis

114 420 221 55 complementum
294 420 83 55 ex
336 420 125 55 parte
419 420 194 55 voluntatis
571 420 69 55 &
598 420 125 55 actus
682 420 235 55 appropriandi.
875 420 194 55 Aspiciendo
1027 420 166 55 siquidem
1152 420 83 55 ad
1194 420 180 55 secundum.
1332 420 166 55 scilicet
1456 420 83 55 ad
1484 420 97 55 appro

125 463 188 56 priationis
272 463 121 56 actum
353 463 67 56 &
380 463 229 56 complementum,
568 463 94 56 qui
622 463 161 56 procedit
743 463 81 56 ab
784 463 94 56 vsu
837 463 67 56 &
864 463 175 56 voluntate
999 463 256 56 appropriantium:
1214 463 81 56 si
1254 463 121 56 esset
1335 463 161 56 quaestio
1456 463 81 56 de
1483 463 94 56 appro

121 517 167 50 priatione
250 517 90 50 quo
301 517 77 50 ad
340 517 116 50 actum
417 517 219 50 appropriandi,
597 517 77 50 an
635 517 154 50 scilicet
751 517 116 50 omnia
828 517 154 50 communia
944 517 77 50 in
983 517 141 50 diuinis
1086 517 129 50 essent
1176 517 244 50 appropriabilia,
1381 517 103 50 vere
1446 517 103 50 puto
1510 517 103 50 quod

120 552 199 46 nequaquam:
276 552 114 46 immo
347 552 114 46 quod
419 552 114 46 sunt
490 552 156 46 plurima
603 552 142 46 quorum
703 552 128 46 adhuc
788 552 228 46 appropriatio
973 552 100 46 non
1030 552 100 46 est
1087 552 156 46 vsitata
1201 552 100 46 nec
1258 552 85 46 in
1300 552 128 46 sacra
1386 552 185 46 scriptura
1514 552 71 46 nec

122 595 78 63 in
161 595 130 63 dictis
252 595 169 63 sanctorum
382 595 91 63 nec
434 595 78 63 in
473 595 195 63 obseruantia
630 595 182 63 ecclesiae.
773 595 91 63 Sed
825 595 143 63 illorum
929 595 169 63 solummodo
1059 595 208 63 appropriatio
1229 595 91 63 est
1281 595 156 63 vsitata,
1398 595 130 63 quorum
1489 595 91 63 est
1528 595 65 63 eui

125 640 100 56 dens
187 640 175 56 similitudo
324 640 75 56 ad
362 640 150 56 propria:
474 640 137 56 aliorum
574 640 112 56 autem
648 640 175 56 nequaquam.
786 640 100 56 Vnde
848 640 75 56 si
885 640 87 56 iam
935 640 100 56 sunt
998 640 125 56 aliqua
1085 640 137 56 vsitate
1185 640 187 56 appropriata
1335 640 125 56 patri:
1422 640 87 56 hoc
1472 640 87 56 est
1522 640 87 56 pro

128 685 97 55 pter
188 685 194 55 congruentiam
346 685 157 55 specialem
467 685 61 55 &
491 685 157 55 euidentem
612 685 73 55 ad
649 685 170 55 primitatem
782 685 73 55 in
818 685 109 55 ipso,
891 685 97 55 quae
951 685 73 55 in
988 685 97 55 ipso
1048 685 85 55 est
1097 685 170 55 proprietas
1230 685 157 55 continens
1351 685 61 55 &
1375 685 145 55 rationem
1472 685 109 55 innasci

128 728 163 49 bilitatis
254 728 75 49 in
291 728 138 49 carendo
391 728 163 49 principio
517 728 113 49 alio,
592 728 63 49 &
617 728 150 49 rationem
730 728 200 49 generationis
892 728 75 49 in
930 728 200 49 principiando
1093 728 113 49 alia.
1168 728 138 49 Propter
1268 728 100 49 quod
1331 728 175 49 aeternitas
1468 728 75 49 ei
1493 728 88 49 appro

128 774 146 51 priatur
234 774 146 51 propter
340 774 212 51 congruentiam
512 774 80 51 ad
552 774 186 51 primitatem
698 774 106 51 suam
765 774 80 51 in
804 774 146 51 carendo
910 774 106 51 alio
977 774 186 51 principio:
1123 774 106 51 quia
1189 774 186 51 aeternitas
1335 774 80 51 de
1375 774 146 51 ratione
1481 774 93 51 sua
1521 774 66 51 di-

125 816 94 59 cit
178 816 175 59 carentiam
313 816 175 59 principii
447 816 81 59 in
488 816 161 59 durando.
609 816 108 59 Vnde
676 816 188 59 Augustinus
824 816 81 59 de
865 816 242 59 appropriatione
1066 816 215 59 aeternitatis
1241 816 135 59 patris
1335 816 161 59 secundum
1456 816 121 59 Hila,
1524 816 67 59 non

122 864 187 57 arbitratur
269 864 120 57 Hila.
349 864 94 57 per
402 864 174 57 huiusmodi
536 864 254 57 appropriationem
750 864 107 57 dare
816 864 200 57 intelligere
977 864 107 57 nisi
1044 864 107 57 quod
1110 864 120 57 pater
1191 864 94 57 non
1244 864 120 57 habet
1324 864 134 57 patrem
1418 864 80 57 de
1458 864 94 57 quo
1498 864 80 57 sit,

116 913 71 55 vt
152 913 119 55 dicit.
235 913 95 55 vii.
294 913 71 55 de
330 913 178 55 triniitate.
472 913 83 55 ca.
520 913 107 55 vlti.
591 913 83 55 Est
638 913 107 55 etiam
710 913 107 55 alius
781 913 107 55 modus
852 913 190 55 appropriandi
1006 913 107 55 patri
1078 913 190 55 aeternitatem
1232 913 142 55 scilicet
1339 913 131 55 propter
1422 913 166 55 comgruentiam

117 955 75 50 ad
154 955 174 50 primitatem
291 955 125 50 patris
378 955 150 50 scilicet
490 955 75 50 in
528 955 199 50 principiando
690 955 112 50 alia.
765 955 100 50 Quia
827 955 100 50 enim
889 955 174 50 aeternitas
1026 955 87 50 est
1076 955 112 50 prima
1151 955 137 50 mensura
1251 955 150 50 durandi:
1363 955 100 50 quia
1425 955 75 50 ab
1450 955 137 50 aeternita

116 1000 81 55 te
157 1000 122 55 fluit
238 1000 122 55 aeuum
319 1000 122 55 sicut
400 1000 81 55 ab
441 1000 108 55 aeuo
508 1000 149 55 tempus,
616 1000 162 55 secundum
738 1000 122 55 illud
819 1000 149 55 Boethi.
927 1000 135 55 Tempus
1022 1000 81 55 ab
1062 1000 108 55 aeuo
1130 1000 95 55 Ire
1184 1000 135 55 iubes:
1278 1000 68 55 &
1305 1000 122 55 patri
1386 1000 162 55 conpetit
1494 1000 95 55 ratio

123 1041 210 56 principiandi
294 1041 118 56 omnia
372 1041 118 56 alia:
451 1041 105 56 ideo
517 1041 118 56 etiam
595 1041 118 56 patri
674 1041 210 56 appropriatur
845 1041 197 56 aeternitas.
1002 1041 171 56 Similiter
1134 1041 197 56 appropriata
1291 1041 92 56 est
1344 1041 118 56 patri
1422 1041 158 56 potestas
1527 1041 66 56 vsi

115 1089 117 55 tate.
193 1089 169 55 Similiter
324 1089 117 55 etiam
402 1089 130 55 aliqua
493 1089 104 55 sunt
558 1089 196 55 appropriata
715 1089 130 55 filio,
806 1089 104 55 puta
871 1089 143 55 veritas
975 1089 169 55 sapientia
1106 1089 91 55 lux
1158 1089 65 55 &
1184 1089 183 55 huiusmodi:
1327 1089 65 55 &
1353 1089 169 55 similiter
1471 1089 117 55 spiritu

116 1131 126 57 sancto
205 1131 152 57 bonitas,
319 1131 139 57 pietas,
420 1131 139 57 dulcedo
521 1131 63 57 &
546 1131 177 57 huiusmodi.
685 1131 63 57 &
710 1131 88 57 hoc
761 1131 126 57 euenit
849 1131 101 57 quia
912 1131 164 57 euidenter
1039 1131 215 57 similitudinem
1216 1131 63 57 &
1241 1131 202 57 congruentiam
1405 1131 126 57 habent
1494 1131 76 57 ad
1519 1131 63 57 pro

121 1177 107 51 pria
188 1177 161 51 illorum.
308 1177 107 51 Quam
375 1177 255 51 appropriationem
590 1177 134 51 beatus
684 1177 174 51 Bernardus
818 1177 121 51 super
899 1177 148 51 Cantica
1006 1177 174 51 explicans
1140 1177 134 51 dicit.
1234 1177 134 51 Obeata
1328 1177 174 51 trinitas,
1449 1177 134 51 veritas,

119 1222 163 48 bonitas,
242 1222 204 48 aeternitas.
405 1222 109 48 Vnde
472 1222 68 48 &
500 1222 136 48 aliqua
595 1222 109 48 quae
663 1222 149 48 nunquam
771 1222 122 48 patri
853 1222 149 48 fuerunt
961 1222 217 48 appropriata,
1138 1222 109 48 bene
1206 1222 81 48 de
1247 1222 109 48 nouo
1314 1222 177 48 incipiunt
1437 1222 149 48 appropria

117 1265 90 52 ri:
169 1265 116 52 sicut
246 1265 103 52 ante
310 1265 129 52 tempus
401 1265 116 52 Hila.
478 1265 116 52 forte
555 1265 142 52 species
658 1265 90 52 non
710 1265 103 52 fuit
774 1265 193 52 appropriata
929 1265 129 52 filio:
1019 1265 90 52 nec
1071 1265 103 52 vsus
1135 1265 142 52 spiritu
1238 1265 142 52 sancto:
1341 1265 103 52 quia
1406 1265 90 52 non
1457 1265 103 52 fuit
1509 1265 77 52 eui-

132 1307 99 61 dens
193 1307 198 61 appropriandi
354 1307 124 61 ratio:
441 1307 99 61 quae
502 1307 136 61 euidens
601 1307 136 61 incepit
700 1307 111 61 fieri
774 1307 86 61 per
824 1307 198 61 expositionem
984 1307 173 61 Augustinus
1120 1307 86 61 Nec
1170 1307 111 61 tamen
1244 1307 86 61 eam
1293 1307 111 61 plene
1367 1307 161 61 euidentem
1478 1307 124 61 fecit:.:

126 1362 97 48 nec
181 1362 97 48 quo
237 1362 83 48 ad
278 1362 152 48 speciem
389 1362 97 48 nec
444 1362 97 48 quo
499 1362 83 48 ad
540 1362 124 48 vsum.
623 1362 97 48 Quo
679 1362 83 48 ad
720 1362 166 48 speciem,
844 1362 83 48 in
886 1362 83 48 eo
927 1362 110 48 quod
996 1362 138 48 dicit,
1093 1362 83 48 In
1134 1362 152 48 imagine
1245 1362 152 48 speciem
1355 1362 180 48 nominauit
1480 1362 110 48 credo:

128 1398 155 62 propter
240 1398 267 62 pulchritudinem.
466 1398 155 62 Species
578 1398 113 62 enim
648 1398 197 62 aequiuocum
803 1398 113 62 est,
874 1398 70 62 &
902 1398 183 62 similiter
1042 1398 225 62 pulchritudo.
1225 1398 98 62 Vno
1282 1398 113 62 enim
1352 1398 113 62 modo
1422 1398 155 62 species
1535 1398 84 62 ap

121 1438 166 59 pellatur
246 1438 125 59 forma
329 1438 111 59 quae
398 1438 97 59 dat
453 1438 111 59 esse
523 1438 180 59 inquantum
661 1438 97 59 dat
716 1438 111 59 esse
785 1438 221 59 simpliciter:
965 1438 97 59 cui
1021 1438 125 59 adest
1104 1438 125 59 modus
1187 1438 180 59 inquantum
1325 1438 97 59 dat
1381 1438 221 59 determinatum
1547 1438 55 59 es

117 1492 92 54 se:
169 1492 65 54 &
195 1492 105 54 ordo
261 1492 170 54 inquantum
391 1492 131 54 alteri
483 1492 157 54 congruit
601 1492 78 54 vt
640 1492 105 54 fini
705 1492 78 54 ad
744 1492 105 54 quem
810 1492 105 54 est.
875 1492 78 54 Et
914 1492 183 54 consistunt
1058 1492 105 54 ista
1123 1492 105 54 tria
1189 1492 78 54 in
1228 1492 157 54 simplici
1346 1492 157 54 essentia
1463 1492 157 54 cuiusque

124 1530 129 49 formae
214 1530 155 49 creatae:
330 1530 64 49 &
356 1530 103 49 sunt
420 1530 103 49 tres
485 1530 129 49 partes
575 1530 155 49 vestigii
691 1530 77 49 in
730 1530 168 49 quacumque
859 1530 142 49 natura.
962 1530 155 49 scilicet
1078 1530 155 49 species,
1194 1530 129 49 modus,
1284 1530 64 49 &
1310 1530 116 49 ordo:
1387 1530 64 49 &
1413 1530 90 49 sic
1464 1530 116 49 forma
1529 1530 64 49 est

130 1572 92 65 qua
182 1572 92 65 res
235 1572 183 65 consistit,
378 1572 92 65 qua
431 1572 209 65 discernitur,
601 1572 92 65 qua
653 1572 170 65 congruit.
784 1572 157 65 secundum
902 1572 105 65 quod
967 1572 78 65 de
1006 1572 131 65 specie
1098 1572 105 65 modo
1163 1572 65 65 &
1189 1572 131 65 ordine
1281 1572 118 65 dicit
1359 1572 183 65 Augustinus
1503 1572 78 65 de
1530 1572 78 65 natu

121 1626 77 48 ra
160 1626 116 48 boni.
237 1626 90 48 ca.
289 1626 77 48 v.
327 1626 90 48 Vbi
379 1626 142 48 aliquis
482 1626 116 48 modus
559 1626 129 48 aliqua
649 1626 142 48 species
753 1626 64 48 &
778 1626 142 48 aliquis
881 1626 103 48 ordo
946 1626 103 48 est,
1010 1626 142 48 aliquod
1113 1626 116 48 bonum
1191 1626 103 48 est:
1255 1626 129 48 aliqua
1345 1626 129 48 natura
1435 1626 103 48 est:
1500 1626 90 48 vbi
1539 1626 64 48 nul

120 1664 96 56 lus
175 1664 123 56 modus
257 1664 123 56 nulla
339 1664 151 56 species
449 1664 137 56 nullus
545 1664 110 56 ordo
613 1664 110 56 est,
682 1664 137 56 nullum
778 1664 123 56 bonum
860 1664 110 56 est:
928 1664 123 56 nulla
1010 1664 137 56 natura
1106 1664 110 56 est.
1175 1664 82 56 Et
1216 1664 96 56 sic
1270 1664 178 56 inuenitur
1407 1664 82 56 in
1448 1664 123 56 forma
1517 1664 82 56 omni

121 1713 77 56 no
160 1713 167 56 simplici,
288 1713 129 56 creata
379 1713 129 56 tamen.
469 1713 103 56 Quia
533 1713 103 56 etsi
597 1713 77 56 in
636 1713 142 56 diuinis
739 1713 154 56 essentia
855 1713 142 56 penitus
958 1713 154 56 absoluta
1073 1713 90 56 sit
1125 1713 154 56 species:
1241 1713 103 56 quia
1305 1713 103 56 ipsa
1369 1713 142 56 species
1472 1713 90 56 est
1511 1713 90 56 sicut

124 1761 93 52 est
177 1761 119 52 forma
256 1761 93 52 qua
309 1761 106 52 deus
375 1761 106 52 est:
441 1761 93 52 non
494 1761 119 52 tamen
574 1761 146 52 species
680 1761 93 52 est
733 1761 119 52 sicut
812 1761 79 52 in
852 1761 185 52 creaturis:
997 1761 106 52 quia
1063 1761 79 52 in
1103 1761 119 52 illis
1183 1761 93 52 non
1235 1761 93 52 est
1288 1761 119 52 forma
1368 1761 146 52 species
1474 1761 106 52 nisi
1527 1761 79 52 opea

120 1800 130 55 tionem
211 1800 195 55 contingens.
367 1800 117 55 Modus
445 1800 117 55 etiam
524 1800 78 55 in
563 1800 104 55 illa
628 1800 91 55 non
680 1800 91 55 est
732 1800 156 55 secundum
849 1800 104 55 quod
914 1800 91 55 est
966 1800 78 55 in
1005 1800 182 55 creaturis:
1148 1800 104 55 quia
1213 1800 78 55 in
1253 1800 169 55 creaturis
1383 1800 117 55 modus
1448 1800 143 55 determina

120 1844 136 50 tionem
216 1844 68 50 &
243 1844 218 50 limitationem
420 1844 163 50 secundum
542 1844 163 50 mensuram
664 1844 136 50 dicit,
760 1844 68 50 &
787 1844 136 50 medium
882 1844 122 50 inter
964 1844 136 50 nimium
1059 1844 68 50 &
1086 1844 163 50 modicum.
1209 1844 150 50 dicente
1317 1844 190 50 Augustinus
1467 1844 82 50 de
1494 1844 109 50 natura

123 1885 110 60 boni
192 1885 110 60 cap.
261 1885 97 60 vi.
316 1885 124 60 Parua
399 1885 83 60 ac
440 1885 138 60 exigua
537 1885 152 60 communi
647 1885 97 60 vsu
702 1885 166 60 loquendi
827 1885 138 60 modica
923 1885 179 60 dicuntur:
1061 1885 110 60 quia
1130 1885 124 60 modus
1213 1885 152 60 aliquis
1323 1885 83 60 in
1365 1885 97 60 eis
1420 1885 179 60 respicit:
1544 1885 55 60 si

121 1933 78 53 ne
160 1933 91 53 quo
212 1933 91 53 iam
265 1933 91 53 non
317 1933 131 53 modica
408 1933 91 53 sed
460 1933 131 53 omnino
552 1933 117 53 nulla
630 1933 144 53 essent.
734 1933 104 53 Illa
800 1933 117 53 autem
878 1933 91 53 non
930 1933 144 53 propter
1035 1933 131 53 nimium
1126 1933 183 53 progressum
1270 1933 157 53 dicuntur
1387 1933 144 53 modica,
1492 1933 104 53 quae
1544 1933 52 53 ni

135 1977 148 53 mietate
242 1977 188 53 culpantur,
390 1977 107 53 Deus
457 1977 121 53 autem
538 1977 94 53 nec
591 1977 202 53 immoderatus
753 1977 161 53 dicendus
874 1977 107 53 est,
941 1977 67 53 a
968 1977 94 53 quo
1021 1977 121 53 modus
1102 1977 148 53 omnibus
1209 1977 121 53 rebus
1290 1977 175 53 tribuitur
1424 1977 81 53 vt
1465 1977 134 53 aliquo
1545 1977 54 53 mo

126 2021 77 56 do
165 2021 103 56 esse
229 2021 154 56 possint.
344 2021 90 56 Est
395 2021 115 56 tamen
472 2021 103 56 eius
536 2021 115 56 modus
613 2021 103 56 eius
677 2021 192 56 immensitas:
831 2021 77 56 in
870 2021 90 56 quo
921 2021 115 56 licet
998 2021 90 56 non
1049 2021 90 56 sit
1100 2021 115 56 finis
1177 2021 179 56 consumens:
1318 2021 90 56 est
1369 2021 115 56 tamen
1446 2021 77 56 in
1485 2021 77 56 eo
1510 2021 90 56 finis

129 2064 185 67 consummans.
277 2064 99 67 Ordo
338 2064 111 67 etiam
412 2064 74 67 in
449 2064 99 67 illo
511 2064 86 67 non
561 2064 86 67 est
610 2064 123 67 qualis
696 2064 86 67 est
746 2064 74 67 in
783 2064 160 67 creaturis
906 2064 148 67 scilicet
1017 2064 148 67 alicuius
1128 2064 74 67 ad
1165 2064 136 67 aliquod
1264 2064 111 67 aliud
1338 2064 74 67 vt
1375 2064 74 67 ad
1412 2064 123 67 finem:
1498 2064 86 67 sed
1535 2064 62 67 ali

137 2112 115 53 cuius
214 2112 77 53 ad
252 2112 140 53 aliquod
354 2112 115 53 aliud
431 2112 77 53 vt
469 2112 77 53 ad
508 2112 115 53 illud
584 2112 102 53 quod
648 2112 89 53 est
699 2112 115 53 ratio
776 2112 140 53 quaedam
878 2112 102 53 eius
942 2112 102 53 quod
1006 2112 89 53 est
1057 2112 128 53 omnium
1146 2112 128 53 finis.
1235 2112 102 53 Ordo
1299 2112 115 53 autem
1376 2112 77 53 in
1414 2112 166 53 creaturis
1529 2112 64 53 est

128 2165 106 46 eorum
199 2165 94 46 quae
258 2165 94 46 sunt
317 2165 71 46 ad
352 2165 106 46 finem
423 2165 106 46 inter
494 2165 83 46 se:
541 2165 59 46 &
564 2165 83 46 cum
612 2165 83 46 hoc
659 2165 118 46 omnium
741 2165 130 46 aliorum
836 2165 106 46 simul
906 2165 71 46 ad
942 2165 106 46 ipsum
1012 2165 118 46 finem.
1095 2165 83 46 Hic
1142 2165 106 46 dicit
1213 2165 165 46 Augustinus
1343 2165 71 46 de
1378 2165 118 46 natura
1461 2165 106 46 boni:
1531 2165 94 46 quod

130 2199 106 53 deus
196 2199 119 53 super
275 2199 119 53 omnem
354 2199 171 53 creaturae
486 2199 119 53 modum
565 2199 106 53 est:
631 2199 119 53 super
710 2199 119 53 omnem
789 2199 158 53 speciem:
908 2199 119 53 super
987 2199 119 53 omnem
1066 2199 158 53 ordinem:
1185 2199 92 53 nec
1238 2199 145 53 spatiis
1343 2199 145 53 locorum
1449 2199 119 53 supra
1515 2199 79 53 est:

126 2250 99 53 sed
182 2250 241 53 inaestimabili
381 2250 71 53 &
409 2250 184 53 singulari
551 2250 184 53 potentia,
692 2250 71 53 a
720 2250 99 53 qua
777 2250 127 53 omnis
862 2250 142 53 modus,
961 2250 127 53 omnis
1046 2250 170 53 species,
1173 2250 127 53 omnis
1258 2250 127 53 ordo.
1343 2250 85 53 Et
1386 2250 99 53 sic
1442 2250 85 53 in
1485 2250 99 53 deo
1527 2250 71 53 spe

126 2289 105 57 cies
192 2289 92 57 non
244 2289 171 57 consistit
376 2289 105 57 nisi
442 2289 79 57 in
481 2289 158 57 simplici
599 2289 145 57 natura:
705 2289 105 57 nata
770 2289 118 57 tamen
849 2289 92 57 cum
902 2289 105 57 alio
968 2289 158 57 componi:
1086 2289 92 57 nec
1139 2289 118 57 modus
1218 2289 105 57 nisi
1283 2289 79 57 in
1323 2289 158 57 immenso:
1441 2289 92 57 nec
1494 2289 105 57 ordo
1546 2289 53 57 ni

133 2334 79 49 si
172 2334 79 49 in
212 2334 172 49 pluribus:
345 2334 106 49 quae
411 2334 132 49 quidem
503 2334 119 49 plura
583 2334 106 49 sunt
649 2334 159 49 rationes
768 2334 132 49 omnium
861 2334 172 49 communium
993 2334 79 49 in
1033 2334 93 49 deo
1086 2334 119 49 inter
1165 2334 79 49 se
1205 2334 212 49 ordinatorum:
1377 2334 66 49 &
1403 2334 93 49 sic
1443 2334 159 49 propriorum

128 2377 135 52 inter
218 2377 105 52 se:
278 2377 75 52 &
308 2377 135 52 etiam
398 2377 195 52 communium
548 2377 90 52 ad
593 2377 180 52 propria.
728 2377 105 52 Qui
788 2377 150 52 quidem
892 2377 120 52 ordo
967 2377 105 52 non
1027 2377 105 52 est
1087 2377 120 52 nisi
1162 2377 90 52 ad
1207 2377 150 52 instar
1312 2377 165 52 plurium
1432 2377 120 52 quae
1492 2377 105 52 inter

138 2418 86 57 se
181 2418 201 57 ordinantur
339 2418 86 57 in
382 2418 129 57 eodem
468 2418 115 57 toto
540 2418 144 57 absque
640 2418 187 57 vlteriori
784 2418 144 57 ordine
884 2418 129 57 eorum
970 2418 86 57 ad
1013 2418 129 57 aliud
1100 2418 86 57 in
1143 2418 158 57 ratione
1257 2418 144 57 finis.
1358 2418 86 57 In
1401 2418 172 57 quolibet
1516 2418 86 57 enim

131 2472 177 54 illorum
260 2472 129 54 quae
340 2472 97 54 in
388 2472 113 54 deo
453 2472 129 54 sunt
533 2472 209 54 distincta
694 2472 129 54 siue
775 2472 193 54 secundum
920 2472 193 54 rationem
1065 2472 97 54 vt
1113 2472 209 54 communia,
1274 2472 129 54 siue
1354 2472 193 54 secundum
1499 2472 113 54 rem
1548 2472 64 54 vt

135 2516 180 53 propria,
270 2516 75 53 &
300 2516 165 53 simplex
421 2516 105 53 est
481 2516 165 53 species
601 2516 180 53 cuiusque
736 2516 180 53 illorum:
872 2516 75 53 &
902 2516 135 53 modus
992 2516 195 53 immensus:
1142 2516 75 53 &
1172 2516 120 53 ordo
1247 2516 165 53 cogruus
1368 2516 210 53 singulorum
1533 2516 90 53 ad

132 2555 151 54 singula:
246 2555 113 54 sicut
321 2555 113 54 plura
397 2555 101 54 quae
460 2555 176 54 ordinantur
598 2555 113 54 inter
674 2555 76 54 se
711 2555 76 54 in
749 2555 176 54 creaturis,
888 2555 138 54 aliquae
988 2555 126 54 partes
1076 2555 101 54 sunt
1139 2555 138 54 eiusdem
1240 2555 138 54 totius:
1341 2555 63 54 &
1366 2555 176 54 cuiuslibet
1492 2555 113 54 illorum

133 2602 79 54 em
172 2602 144 54 species
277 2602 223 54 compositionem
460 2602 183 54 contigens:
604 2602 65 54 &
630 2602 118 54 modus
709 2602 183 54 mensuratus
853 2602 65 54 &
879 2602 144 54 finitus
984 2602 105 54 siue
1049 2602 223 54 determinatus:
1232 2602 65 54 &
1259 2602 105 54 ordo
1324 2602 170 54 congruus.
1455 2602 79 54 Et
1481 2602 118 54 propter

137 2642 196 64 pluralitatem
296 2642 196 64 distinguitur
456 2642 74 64 in
493 2642 86 64 eis
542 2642 160 64 ternarius
665 2642 123 64 aliter
751 2642 98 64 quam
812 2642 74 64 in
849 2642 135 64 speciem
947 2642 111 64 modum
1021 2642 61 64 &
1045 2642 135 64 ordinem
1144 2642 147 64 scilicet
1254 2642 74 64 in
1291 2642 135 64 nunerum
1389 2642 147 64 mensuram
1500 2642 61 64 &
1512 2642 86 64 potes

132 2689 119 72 dus.
207 2689 89 72 Et
251 2689 119 72 sunt
326 2689 119 72 idem
400 2689 164 72 mensura
519 2689 74 72 &
549 2689 149 72 modus:
654 2689 194 72 similiter
803 2689 119 72 ordo
877 2689 74 72 &
907 2689 164 72 pondus:
1026 2689 164 72 praeter
1145 2689 104 72 hoc
1205 2689 119 72 quod
1279 2689 149 72 pondus
1384 2689 134 72 dicit
1458 2689 149 72 habilita
