2017 3164
144 242 141 80 guitur
243 242 113 80 sic.
313 242 155 80 commune
427 242 155 80 dicitur
540 242 170 80 aliquid,
667 242 113 80 quia
738 242 170 80 pluribus
865 242 99 80 est
921 242 226 80 communicatum
1105 242 113 80 siue
1176 242 254 80 communicabile.
1388 242 127 80 Ratio
1473 242 127 80 autem
1543 242 71 80 com

138 310 211 59 municabilis
307 310 99 59 per
363 310 84 59 se
405 310 169 59 convenit
532 310 169 59 spiritui
659 310 155 59 sancto,
771 310 113 59 quia
842 310 113 59 ipse
912 310 169 59 procedit
1039 310 99 59 per
1095 310 127 59 modum
1180 310 155 59 amoris,
1292 310 99 59 qui
1349 310 99 59 est
1405 310 141 59 virtus
1489 310 127 59 communi

146 354 125 56 candi.
233 354 62 56 &
258 354 175 56 Augustinus
395 354 125 56 dicit.
483 354 87 56 vi.
533 354 75 56 de
570 354 100 56 Tri.
633 354 75 56 c.
670 354 75 56 v.
708 354 150 56 Spiritus
820 354 137 56 sanctus
920 354 137 56 commune
1020 354 137 56 aliquod
1120 354 87 56 est
1170 354 125 56 patris
1257 354 62 56 &
1282 354 112 56 filii
1357 354 150 56 quicquod
1470 354 112 56 illud
1532 354 75 56 est,

150 403 89 47 aut
201 403 102 47 ipsa
265 403 166 47 conicatio
393 403 255 47 consubstantialis
610 403 64 47 &
635 403 153 47 aeterna.
750 403 102 47 Quae
814 403 77 47 si
852 403 153 47 amicitia
967 403 204 47 convenienter
1133 403 102 47 dici
1197 403 128 47 possit
1286 403 153 47 dicatur,
1401 403 89 47 sed
1452 403 128 47 aptius
1528 403 77 47 dici

150 443 130 65 potest
241 443 169 65 charitas,
371 443 65 65 &
397 443 104 65 haec
463 443 130 65 quoque
554 443 195 65 substantia:
710 443 104 65 quia
775 443 104 65 deus
840 443 182 65 substantia
984 443 104 65 est,
1049 443 65 65 &
1075 443 104 65 deus
1140 443 156 65 charitas
1257 443 104 65 est.
1322 443 208 65 Appropriatio
1492 443 117 65 autem
1557 443 52 65 se

147 495 138 49 cundum
244 495 179 49 praedicta
382 495 96 49 sit
437 495 96 49 per
492 495 234 49 conuenientiam
685 495 110 49 siue
754 495 234 49 similitudinem
947 495 165 49 communis
1071 495 83 49 ad
1112 495 179 49 proprium.
1250 495 110 49 ergo
1305 495 69 49 &c.

151 538 81 61 â‹
183 538 129 61 Dico
264 538 194 61 secundum
409 538 129 61 quod
490 538 161 61 dicunt
603 538 161 61 mediae
716 538 194 61 rationes
861 538 210 61 inductae,
1022 538 129 61 quod
1103 538 97 61 in
1151 538 177 61 diuinis
1280 538 145 61 plura
1377 538 210 61 communiam
1522 538 81 61 vni

141 586 167 54 personae
266 586 111 54 bene
335 586 97 54 est
391 586 180 54 possibile
530 586 222 54 appropriari,
710 586 125 54 sicut
793 586 83 54 ex
835 586 125 54 illis
918 586 139 54 aliqua
1015 586 97 54 iam
1071 586 111 54 sunt
1140 586 125 54 etiam
1223 586 222 54 appropriata,
1404 586 69 54 &
1432 586 97 54 hoc
1473 586 125 54 propter

142 629 163 52 plurium
261 629 193 52 conmunium
409 629 163 52 maiorem
528 629 252 52 conuenientiam
736 629 74 52 &
766 629 252 52 similitudinem
974 629 119 52 quam
1048 629 163 52 possunt
1167 629 148 52 habere
1271 629 104 52 cum
1330 629 163 52 proprio
1449 629 134 52 vnius
1523 629 89 52 per-

151 671 139 60 sonae,
248 671 111 60 quam
318 671 97 60 cum
374 671 153 60 proprio
485 671 181 60 alterius,
624 671 97 60 sed
679 671 209 60 diuersimode
846 671 70 60 &
874 671 97 60 quo
930 671 83 60 ad
971 671 167 60 diuersas
1097 671 250 60 coordinationes
1305 671 250 60 appropriatorum
1500 671 111 60 tribus

144 728 172 49 personis
273 728 172 49 diuinis,
402 728 72 49 &
430 728 100 49 quo
488 728 86 49 ad
530 728 158 49 diuersa
645 728 129 49 omnia
731 728 229 49 appropriata.
917 728 129 49 Omnia
1003 728 115 49 enim
1075 728 215 49 appropriata
1247 728 100 49 per
1304 728 244 49 convenientiam
1505 728 86 49 ad
1533 728 72 49 pro

148 760 107 57 pria
215 760 241 57 appropriantur.
415 760 67 57 &
442 760 94 57 hoc
495 760 214 57 diuersimode:
669 760 107 57 quia
736 760 94 57 vel
790 760 94 57 per
843 760 227 57 convenientiam
1031 760 80 57 ad
1071 760 161 57 diuersa,
1191 760 161 57 propria,
1312 760 94 57 vel
1365 760 94 57 per
1405 760 201 57 convenientiam

139 810 78 49 ad
178 810 156 49 diuersas
295 810 156 49 rationes
412 810 143 49 eiusdem
516 810 156 49 proprii.
633 810 78 49 Et
672 810 91 49 sic
724 810 156 49 secundum
841 810 104 49 quod
906 810 143 49 propria
1010 810 91 49 aut
1062 810 156 49 rationes
1179 810 182 49 propriorum
1322 810 104 49 sunt
1387 810 156 49 diuersa,
1504 810 65 49 &
1517 810 91 49 secun

148 851 88 53 da
192 851 162 53 quantum
310 851 88 53 ad
354 851 162 53 ordinem
472 851 221 53 intellectus
649 851 147 53 nostri
752 851 88 53 se
796 851 191 53 habentia,
943 851 177 53 secundum
1075 851 103 53 hoc
1134 851 162 53 diuersa
1252 851 118 53 sunt
1325 851 235 53 appropriata,
1517 851 74 53 &
1531 851 74 53 di-

149 896 126 54 uersae
238 896 113 54 etiam
313 896 101 54 sunt
376 896 227 54 coordinationes
565 896 151 54 illorum.
678 896 76 54 In
716 896 113 54 patre
792 896 113 54 autem
867 896 88 54 duo
918 896 113 54 sunt,
993 896 151 54 propria.
1107 896 151 54 scilicet
1220 896 239 54 innascibilitas,
1422 896 151 54 secundum
1522 896 76 54 quam

132 947 96 51 non
187 947 123 51 habet
269 947 109 51 esse
337 947 82 51 ab
378 947 123 51 alio,
460 947 68 51 &
487 947 177 51 generare,
624 947 164 51 secundum
746 947 109 51 quod
815 947 123 51 alius
896 947 123 51 habet
978 947 109 51 esse
1047 947 82 51 ab
1087 947 123 51 ipso:
1169 947 109 51 quae
1238 947 109 51 ambo
1306 947 218 51 connectuntur
1483 947 82 51 in
1510 947 96 51 ratio

144 985 84 53 ne
186 985 195 53 primitatis
339 985 167 53 secundum
465 985 111 53 duas
534 985 167 53 rationes
660 985 139 53 primi.
757 985 167 53 Secundum
883 985 111 53 enim
952 985 111 53 quod
1022 985 139 53 primum
1119 985 98 53 est
1175 985 111 53 ante
1245 985 111 53 quod
1314 985 98 53 non
1370 985 98 53 est
1426 985 139 53 aliud,
1509 985 98 53 primi

144 1025 96 53 tas
199 1025 165 53 continet
323 1025 288 53 innascibilitatem:
570 1025 165 53 secundum
694 1025 110 53 vero
762 1025 110 53 quod
831 1025 137 53 primum
927 1025 96 53 est
982 1025 110 53 post
1051 1025 110 53 quod
1120 1025 137 53 aliud:
1216 1025 165 53 primitas
1339 1025 165 53 continet
1463 1025 82 53 in
1504 1025 82 53 se
1532 1025 82 53 gene

145 1071 169 57 rationem.
275 1071 78 57 Et
314 1071 91 57 sic
366 1071 130 57 patris
457 1071 156 57 primitas
574 1071 104 57 quia
639 1071 91 57 non
691 1071 78 57 ab
730 1071 104 57 alio
795 1071 104 57 est,
860 1071 91 57 sed
913 1071 65 57 a
939 1071 91 57 quo
991 1071 130 57 alius,
1082 1071 78 57 in
1121 1071 143 57 diuinis
1225 1071 117 57 tenet
1303 1071 156 57 rationem
1420 1071 104 57 eius
1485 1071 104 57 quod
1550 1071 78 57 in

141 1120 179 55 creaturis
279 1120 96 55 est
334 1120 110 55 ante
402 1120 69 55 &
430 1120 124 55 post,
512 1120 69 55 &
540 1120 96 55 sic
595 1120 96 55 est
649 1120 247 55 innascibilitas
856 1120 192 55 proprietas
1007 1120 124 55 prima
1089 1120 82 55 in
1130 1120 137 55 patre,
1226 1120 69 55 &
1254 1120 165 55 generare
1377 1120 165 55 secunda.
1487 1120 124 55 Aeterni

137 1160 103 48 tas
196 1160 118 48 ergo
270 1160 118 48 quia
344 1160 177 48 secundum
477 1160 177 48 rationem
609 1160 118 48 suam
683 1160 133 48 caret
772 1160 207 48 principio,
934 1160 74 48 &
964 1160 89 48 in
1008 1160 103 48 hoc
1067 1160 221 48 assimilatur
1244 1160 295 48 innascibilitati,
1495 1160 74 48 &
1510 1160 103 48 appro

146 1211 150 52 priatur
255 1211 122 52 patri
337 1211 163 52 secundum
459 1211 190 52 praedicta:
609 1211 109 52 ideo
677 1211 190 52 aeternitas
827 1211 95 52 est
881 1211 136 52 primum
976 1211 218 52 appropriatum
1153 1211 136 52 patri,
1248 1211 68 52 &
1276 1211 204 52 simpliciter
1439 1211 136 52 omnium
1534 1211 95 52 ap-

148 1250 209 54 propriatorum
317 1250 143 54 primum.
422 1250 78 54 In
461 1250 117 54 filio
539 1250 117 54 autem
617 1250 117 54 licet
695 1250 91 54 non
748 1250 91 54 sit
800 1250 104 54 nisi
865 1250 104 54 vnum
930 1250 156 54 proprium
1047 1250 156 54 scilicet
1165 1250 156 54 generari
1282 1250 104 54 siue
1347 1250 117 54 dici,
1425 1250 156 54 secundum
1530 1250 78 54 quod

144 1302 125 49 habet
228 1302 83 49 ab
269 1302 111 49 alio
339 1302 125 49 esse:
422 1302 111 49 quia
492 1302 125 49 tamen
575 1302 167 49 procedit
700 1302 97 49 per
756 1302 125 49 modum
839 1302 153 49 naturae
951 1302 264 49 intellectualis:
1173 1302 153 49 ratione
1284 1302 153 49 naturae
1396 1302 209 49 simpliciter
1548 1302 70 49 di-

141 1340 123 57 citur
223 1340 178 57 generari:
360 1340 150 57 ratione
469 1340 109 57 vero
537 1340 150 57 naturae
647 1340 246 57 intellectualis
851 1340 150 57 dicitur
961 1340 123 57 dici:
1043 1340 68 57 &
1070 1340 178 57 inquantum
1206 1340 178 57 generatur
1343 1340 150 57 dicitur
1452 1340 137 57 imago,
1548 1340 96 57 in-

137 1385 166 54 quantum
258 1385 121 54 vero
333 1385 181 54 dicitur,
469 1385 166 54 verbum.
589 1385 90 54 Et
634 1385 121 54 sunt
710 1385 181 54 generari
845 1385 75 54 &
876 1385 151 54 imago,
981 1385 181 54 rationes
1117 1385 151 54 primi,
1222 1385 121 54 dici
1298 1385 121 54 vero
1373 1385 75 54 &
1403 1385 151 54 verbum
1493 1385 106 54 ratio

142 1428 100 58 nes
199 1428 171 58 secundi.
327 1428 86 58 Et
370 1428 186 58 inquantum
513 1428 100 58 est
570 1428 128 58 imago
656 1428 228 58 simpliciter,
841 1428 86 58 ei
884 1428 228 58 appropriatur
1070 1428 157 58 species
1184 1428 114 58 siue
1255 1428 214 58 pulchritudo
1426 1428 171 58 communis
1541 1428 71 58 tri

151 1472 98 54 bus
207 1472 183 54 personis,
348 1472 112 54 quae
418 1472 98 54 est
474 1472 84 54 in
516 1472 126 54 illis
601 1472 84 54 ex
643 1472 140 54 ordine
741 1472 183 54 communium
881 1472 126 54 inter
966 1472 84 54 se
1008 1472 155 54 propter
1120 1472 239 54 similitudinem
1317 1472 140 54 illius
1415 1472 84 54 ad
1443 1472 169 54 pulchritu-

139 1516 117 54 dinem
217 1516 104 54 quae
282 1516 104 54 est,
348 1516 143 54 propria
452 1516 143 54 imagini
556 1516 78 54 vt
596 1516 91 54 est
648 1516 248 54 reprsesentatiua
856 1516 104 54 eius
922 1516 117 54 cuius
1000 1516 104 54 est,
1065 1516 78 54 vt
1104 1516 130 54 dictum
1196 1516 91 54 est
1248 1516 78 54 in
1287 1516 196 54 praecedenti
1443 1516 196 54 quaestione.

139 1561 85 57 Et
181 1561 184 57 similiter
323 1561 198 57 aequalitas
479 1561 113 57 quae
550 1561 99 57 est
607 1561 170 57 communis
734 1561 142 57 tribus
833 1561 170 57 personis
961 1561 184 57 pertinens
1103 1561 85 57 ad
1145 1561 156 57 tertium
1259 1561 128 57 genus
1344 1561 213 57 relationis,
1514 1561 85 57 ei
1542 1561 57 57 ap

136 1607 210 60 propriatur
301 1607 195 60 inquantum
451 1607 105 60 est
511 1607 135 60 imago
602 1607 180 60 perfecte
737 1607 165 60 imitans
857 1607 75 60 &
887 1607 165 60 implens
1007 1607 135 60 illud
1097 1607 135 60 cuius
1187 1607 105 60 est
1248 1607 150 60 imago,
1353 1607 165 60 propter
1458 1607 150 60 similitu

137 1655 129 54 dinem
223 1655 86 54 ad
266 1655 229 54 aequalitatem
452 1655 115 54 quae
524 1655 100 54 est
581 1655 158 54 propria
696 1655 158 54 imagini
810 1655 186 54 pertinens
954 1655 86 54 ad
997 1655 172 54 secundum
1126 1655 129 54 genus
1212 1655 215 54 relationis.
1384 1655 86 54 de
1427 1655 100 54 qua
1470 1655 129 54 aequali

132 1696 112 58 tate
202 1696 154 58 habitum
314 1696 98 58 est
369 1696 126 58 supra
453 1696 84 58 in
495 1696 223 58 relationibus
677 1696 209 58 communibus.
844 1696 84 58 Et
886 1696 126 58 sicut
970 1696 126 58 prior
1054 1696 98 58 est
1109 1696 126 58 ratio
1193 1696 168 58 imaginis
1319 1696 209 58 simpliciter
1486 1696 112 58 quam
1542 1696 70 58 ra-

138 1741 95 54 tio
193 1741 163 54 imaginis
315 1741 163 54 perfecte
437 1741 190 54 imitantis,
587 1741 95 54 sic
641 1741 122 54 prior
722 1741 95 54 est
777 1741 122 54 ratio
858 1741 149 54 speciei
967 1741 109 54 quam
1035 1741 217 54 aequalitatis
1211 1741 81 54 in
1252 1741 122 54 illa,
1333 1741 68 54 &
1361 1741 136 54 primum
1442 1741 163 54 appropria-

147 1794 91 46 tum
199 1794 117 46 filio
277 1794 91 46 est
329 1794 156 46 species,
445 1794 156 46 secundum
562 1794 195 46 aequalitas.
718 1794 169 46 Similiter
848 1794 78 46 in
886 1794 143 46 spiritu
990 1794 130 46 sancto
1081 1794 117 46 licet
1159 1794 91 46 non
1211 1794 91 46 sit
1263 1794 104 46 nisi
1328 1794 91 46 vna
1379 1794 182 46 proprietas
1522 1794 104 46 quae

139 1824 97 62 est
194 1824 166 62 spirari,
319 1824 166 62 secundum
443 1824 110 62 quam
512 1824 124 62 habet
595 1824 110 62 esse
664 1824 83 62 ab
705 1824 110 62 alio
774 1824 110 62 modo
843 1824 152 62 amoris,
953 1824 110 62 quia
1022 1824 124 62 tamen
1105 1824 110 62 amor
1174 1824 97 62 duo
1229 1824 138 62 facit:
1326 1824 124 62 Primo
1409 1824 110 62 enim
1464 1824 138 62 delectat

138 1875 162 61 amantem
256 1875 88 61 in
300 1875 147 61 amato:
403 1875 162 61 secundo
521 1875 235 61 delectatione
712 1875 103 61 eos
771 1875 147 61 nectit
874 1875 132 61 inter
962 1875 103 61 se,
1021 1875 74 61 &
1050 1875 103 61 sic
1109 1875 88 61 in
1153 1875 118 61 fine
1227 1875 118 61 quod
1300 1875 103 61 est
1359 1875 147 61 bonum:
1462 1875 118 61 ideo
1521 1875 88 61 pri-

135 1918 102 55 mum
194 1918 234 55 appropriatum
384 1918 175 55 spiritui
515 1918 146 55 sancto
618 1918 102 55 est
676 1918 132 55 vsus:
764 1918 117 55 quia
837 1918 132 55 primo
925 1918 175 55 convenit
1056 1918 102 55 cum
1115 1918 161 55 proprio
1232 1918 161 55 illius,
1349 1918 88 55 vt
1392 1918 190 55 expositum
1524 1918 73 55 est

151 1959 86 57 in
194 1959 215 57 praecedenti
366 1959 215 57 quaestione:
538 1959 172 57 secundum
667 1959 115 57 vero
738 1959 158 57 dicitur
853 1959 201 57 concordia.
1010 1959 158 57 Idcirco
1125 1959 115 57 ergo
1197 1959 129 57 prima
1283 1959 215 57 coordinatio
1440 1959 158 57 appropria

133 2006 121 68 torum
213 2006 162 68 personis
335 2006 189 68 trinitatis
483 2006 94 68 est
537 2006 162 68 secundum
658 2006 108 68 Hil.
726 2006 216 68 aeternitatis
901 2006 81 68 in
941 2006 135 68 patre,
1036 2006 148 68 speciei
1144 2006 81 68 in
1184 2006 135 68 filio,
1278 2006 108 68 vsus
1346 2006 81 68 in
1386 2006 148 68 spiritu
1481 2006 121 68 sancto,

146 2059 111 52 quae
216 2059 111 52 sunt
285 2059 125 52 prima
369 2059 125 52 illis
452 2059 223 52 appropriata.
633 2059 111 52 ltem
703 2059 167 52 generare
828 2059 111 52 quod
897 2059 97 52 est
953 2059 153 52 secunda
1064 2059 195 52 proprietas
1217 2059 83 52 in
1259 2059 139 52 patre,
1357 2059 111 52 quia
1426 2059 125 52 dicit
1510 2059 70 52 a
1537 2059 97 52 quo

145 2094 90 55 est
196 2094 115 55 aliud
273 2094 192 55 productiue,
427 2094 77 55 in
466 2094 90 55 quo
517 2094 90 55 est
568 2094 90 55 duo
619 2094 205 55 considerare.
786 2094 154 55 scilicet
901 2094 64 55 &
927 2094 154 55 rationem
1042 2094 103 55 eius
1106 2094 64 55 a
1132 2094 90 55 quo
1183 2094 115 55 aliud
1260 2094 205 55 simpliciter,
1427 2094 103 55 quae
1491 2094 90 55 est
1529 2094 77 55 pri-

148 2138 95 62 ma,
203 2138 68 62 &
230 2138 163 62 rationem
352 2138 108 62 eius
420 2138 108 62 quod
487 2138 95 62 est
542 2138 68 62 a
569 2138 95 62 quo
623 2138 122 62 aliud
704 2138 203 62 productiue,
867 2138 108 62 quae
935 2138 95 62 est
989 2138 163 62 secunda,
1111 2138 108 62 quia
1179 2138 95 62 per
1233 2138 258 62 determinationem
1450 2138 81 62 se
1491 2138 136 62 habet:

144 2180 144 69 vnitas
244 2180 115 69 ergo
316 2180 115 69 quia
388 2180 101 69 est
446 2180 72 69 a
475 2180 101 69 qua
532 2180 216 69 simpliciter
705 2180 130 69 omnis
791 2180 187 69 multitudo
935 2180 245 69 materialiter,
1137 2180 115 69 quia
1208 2180 101 69 non
1266 2180 101 69 est
1324 2180 187 69 multitudo
1467 2180 115 69 nisi
1525 2180 72 69 re-

142 2222 174 71 plicatio
272 2222 189 71 vnitatum:
417 2222 73 71 &
446 2222 131 71 etiam
533 2222 102 71 est
591 2222 131 71 omnis
678 2222 189 71 multitudo
823 2222 218 71 formaliter,
997 2222 116 71 quia
1070 2222 102 71 non
1128 2222 102 71 est
1186 2222 145 71 multum
1287 2222 131 71 neque
1374 2222 189 71 multitudo
1519 2222 116 71 quae

139 2271 99 56 est
196 2271 113 56 sine
266 2271 142 56 aliqua
366 2271 156 56 ratione
479 2271 71 56 &
508 2271 128 56 forma
593 2271 184 56 vnitatis:
735 2271 113 56 quia
806 2271 128 56 omnis
891 2271 184 56 multitudo
1033 2271 142 56 aliqua
1132 2271 156 56 vnitate
1245 2271 213 56 participat,
1416 2271 71 56 &
1444 2271 85 56 in
1487 2271 99 56 hoc
1529 2271 71 56 as-

142 2314 173 65 similatur
275 2314 80 65 ei
315 2314 107 65 quod
382 2314 93 65 est
435 2314 160 65 generare
555 2314 213 65 simpliciter:
729 2314 133 65 vnitas
822 2314 107 65 ergo
889 2314 213 65 appropriatum
1062 2314 93 65 est
1116 2314 120 65 patri
1196 2314 93 65 per
1249 2314 227 65 similitudinem
1436 2314 80 65 ad
1463 2314 133 65 proprium

141 2358 111 59 eius
211 2358 111 59 quod
280 2358 97 59 est
336 2358 181 59 generare,
474 2358 69 59 &
502 2358 167 59 secundum
627 2358 111 59 post
697 2358 236 59 aeternitatem.
891 2358 69 59 &
919 2358 97 59 sic
974 2358 97 59 est
1030 2358 153 59 secunda
1141 2358 208 59 coordinatio
1307 2358 250 59 appropriatorum
1502 2358 97 59 secun

141 2404 87 57 dum
190 2404 148 57 Augustin
301 2404 136 57 silicet
400 2404 148 57 vnitatis
511 2404 74 57 in
548 2404 124 57 patre,
635 2404 198 57 aequalitatis
796 2404 74 57 in
833 2404 124 57 filio,
919 2404 173 57 concordiae
1055 2404 74 57 in
1092 2404 136 57 spiritu
1191 2404 136 57 sancto.
1290 2404 74 57 Et
1327 2404 111 57 iuxta
1401 2404 87 57 hoc
1451 2404 111 57 etiam
1512 2404 87 57 dicit

143 2448 183 61 Augustinus
287 2448 105 61 Tria
352 2448 105 61 haec
418 2448 105 61 vnum
484 2448 105 61 sunt
549 2448 144 61 propter
654 2448 144 61 patrem,
759 2448 157 61 aequalia
877 2448 144 61 propter
981 2448 144 61 filium,
1086 2448 144 61 connexa
1191 2448 144 61 propter
1296 2448 157 61 spiritum
1414 2448 157 61 sanctum.
1518 2448 79 61 Sunt

144 2493 119 56 enim
218 2493 119 56 vnum
292 2493 208 56 communiter
455 2493 163 56 propter
574 2493 119 56 vnum
648 2493 163 56 commune
767 2493 119 56 quod
841 2493 104 56 est
900 2493 237 56 appropriatum
1093 2493 148 56 patri,
1197 2493 74 56 &
1226 2493 178 56 aequalia
1360 2493 119 56 sunt
1419 2493 178 56 communiter

143 2539 166 64 propter
264 2539 241 64 aequalitatem
459 2539 181 64 communem
595 2539 121 64 quae
670 2539 241 64 appropriatur
866 2539 151 64 filio,
972 2539 75 64 &
1002 2539 166 64 connexa
1123 2539 121 64 siue
1198 2539 241 64 concordantia
1394 2539 121 64 sunt
1454 2539 151 64 communi-

151 2584 101 63 ter
208 2584 158 63 propter
323 2584 201 63 concordiam
481 2584 115 63 siue
553 2584 215 63 connexionem
725 2584 172 63 communem
854 2584 230 63 appropriatam
1041 2584 172 63 spiritui
1170 2584 158 63 sancto.
1285 2584 86 63 Et
1328 2584 101 63 sic
1386 2584 115 63 sunt
1457 2584 115 63 vnum
1529 2584 101 63 pro

144 2635 112 57 pter
214 2635 154 57 patrem,
326 2635 112 57 quia
395 2635 154 57 propter
507 2635 168 57 vnitatem
633 2635 112 57 quae
702 2635 209 57 appropriate
870 2635 98 57 est
926 2635 154 57 patris,
1038 2635 70 57 &
1065 2635 168 57 aequalia
1191 2635 154 57 propter
1303 2635 154 57 filium,
1415 2635 112 57 quia
1470 2635 126 57 propter

140 2674 232 72 aequalitatem
328 2674 116 72 quae
400 2674 217 72 appropriate
574 2674 101 72 est
632 2674 145 72 filii,
733 2674 72 72 &
762 2674 159 72 connexa
878 2674 159 72 propter
994 2674 174 72 spiritum
1124 2674 174 72 sanctum,
1254 2674 116 72 quia
1326 2674 159 72 propter
1428 2674 188 72 connexionem
