2017 3154
385 258 118 69 enim
459 258 118 69 quod
532 258 103 69 ter
591 258 132 69 dicit
679 258 132 69 deus,
767 258 162 69 notatur
885 258 176 69 trinitas
1017 258 220 69 personarum.
1193 258 88 69 Ex
1237 258 220 69 ordinatione
1414 258 118 69 vero
1487 258 73 69 &
1516 258 250 69 praedicatione
1722 258 132 69 simul
1796 258 73 69 sit

385 323 250 59 appropriatio
588 323 156 59 duabus
698 323 187 59 personis
838 323 109 59 cum
901 323 172 59 dicitur
1026 323 94 59 in
1073 323 141 59 Psal.
1166 323 125 59 cix.
1244 323 141 59 Dixit
1338 323 172 59 dominus
1463 323 156 59 domino
1572 323 109 59 meo
1635 323 109 59 &c.
1697 323 141 59 Glos.
1775 323 94 59 Domi

384 377 108 58 nus,
451 377 134 58 pater.
545 377 121 58 Dixit
626 377 134 58 domino
720 377 94 58 meo
774 377 161 58 scilicet
895 377 134 58 filio.
989 377 108 58 Sede
1056 377 94 58 &c.
1110 377 94 58 Hic
1164 377 202 58 humanitatis
1325 377 161 58 indicium
1446 377 108 58 est.
1513 377 67 58 ⁋
1540 377 108 58 Dico
1607 377 108 58 ergo
1675 377 215 58 distinguendo

399 414 260 55 appropriationem
619 414 82 55 in
660 414 123 55 illam
742 414 110 55 quae
811 414 96 55 est
865 414 151 55 proprie
975 414 137 55 dicta,
1071 414 69 55 &
1098 414 82 55 in
1140 414 123 55 illam
1222 414 110 55 quae
1290 414 96 55 est
1345 414 178 55 improprie
1482 414 137 55 dicta,
1578 414 110 55 quod
1647 414 164 55 loquendo
1770 414 82 55 de
1811 414 82 55 ap

402 463 238 58 propriatione
596 463 164 58 proprie
715 463 149 58 dicta,
819 463 164 58 nunquam
938 463 119 58 idem
1012 463 164 58 commune
1132 463 179 58 pluribus
1266 463 223 58 appropriari
1444 463 164 58 potest,
1563 463 89 58 vt
1608 463 149 58 probat
1712 463 119 58 bene
1772 463 89 58 vlti

397 502 80 60 ma
437 502 133 60 ratio:
530 502 67 60 &
556 502 133 60 causam
650 502 106 60 illi
716 502 80 60 us
756 502 173 60 explicat.
889 502 93 60 Sed
942 502 80 60 si
982 502 106 60 quod
1049 502 93 60 vni
1102 502 160 60 personae
1222 502 93 60 est
1275 502 226 60 appropriabile
1461 502 146 60 propria
1568 502 240 60 appropriatione
1768 502 67 60 &
1794 502 80 60 ex
1821 502 53 60 se

404 547 70 49 &
432 547 169 49 secundum
559 547 99 49 se,
615 547 225 49 approprietur
798 547 155 49 alteri:
911 547 99 49 hoc
967 547 99 49 non
1024 547 99 49 est
1080 547 113 49 nisi
1151 547 85 49 ex
1193 547 254 49 appropriatione
1404 547 183 49 improprie
1545 547 141 49 dicta:
1644 547 113 49 quae
1714 547 99 49 est
1770 547 85 49 ex
1799 547 70 49 ali

404 590 104 61 quo
463 590 178 61 adiuncto
597 590 148 61 aliquo
701 590 178 61 dictorum
834 590 163 61 modorum
953 590 178 61 quatuor,
1086 590 163 61 diuisim
1205 590 104 61 vel
1264 590 222 61 coniunctim:
1442 590 133 61 inter
1531 590 119 61 quos
1605 590 119 61 illa
1664 590 208 61 appropriatio

396 637 120 58 quae
471 637 105 58 est
531 637 105 58 per
591 637 284 58 determinationem
830 637 239 58 contrahentem
1024 637 165 58 commune
1144 637 90 58 ad
1189 637 194 58 proprium,
1338 637 150 58 maxime
1443 637 194 58 improprie
1593 637 105 58 est
1638 637 224 58 appropriatio:

398 681 105 67 quia
464 681 79 67 in
503 681 105 67 illo
569 681 105 67 modo
635 681 105 67 cone
701 681 92 67 non
753 681 119 67 manet
833 681 145 67 commune
938 681 119 67 sicut
1017 681 119 67 manet
1096 681 79 67 in
1136 681 119 67 aliis
1215 681 132 67 modis:
1307 681 92 67 sed
1359 681 92 67 sit
1412 681 158 67 proprium
1531 681 132 67 amissa
1623 681 145 67 ratione
1715 681 145 67 communis.

407 721 81 64 ⁋
439 721 130 64 Quia
520 721 195 64 arguitur
666 721 146 64 primo
764 721 97 64 in
812 721 227 64 contrarium
991 721 97 64 de
1040 721 260 64 aeternitate,
1250 721 130 64 quod
1332 721 114 64 sit
1396 721 292 64 appropriabilis
1640 721 195 64 spiritum
1770 721 97 64 san-

415 786 98 54 to:
471 786 112 54 quia
541 786 98 54 non
597 786 126 54 habet
682 786 168 54 terminum
808 786 168 54 alicuius
934 786 225 54 productionis
1117 786 70 54 a
1145 786 84 54 se
1187 786 225 54 procedentis:
1370 786 126 54 sicut
1454 786 98 54 nec
1510 786 197 54 aeternitas
1664 786 126 54 habet
1735 786 140 54 terminum

402 819 226 64 durationis:
583 819 226 64 quemadmodum
763 819 241 64 appropriatur
959 819 136 64 patri
1050 819 121 64 quia
1125 819 105 64 non
1185 819 136 64 habet
1276 819 211 64 principium
1441 819 75 64 a
1471 819 121 64 quo,
1547 819 136 64 sicut
1637 819 211 64 aeternitas
1788 819 75 64 non

401 867 127 60 habet
486 867 198 60 durationis
641 867 170 60 initium:
768 867 113 60 Dico
839 867 113 60 quod
910 867 99 60 non
966 867 99 60 est
1023 867 113 60 ita:
1094 867 99 60 nec
1150 867 99 60 est
1207 867 155 60 simile:
1320 867 113 60 quia
1390 867 155 60 commune
1503 867 240 60 appropriabile
1701 867 99 60 non
1758 867 99 60 est
1800 867 71 60 se-

395 909 143 70 cundum
495 909 143 70 dicta,
594 909 114 70 nisi
666 909 100 70 per
723 909 243 70 similitudinem
923 909 114 70 eius
994 909 86 70 ad
1037 909 171 70 proprium
1165 909 143 70 illius
1265 909 100 70 cui
1322 909 128 70 debet
1408 909 228 70 appropriari.
1593 909 114 70 Nunc
1664 909 128 70 autem
1750 909 86 70 ad
1793 909 100 70 pro

399 965 133 53 prium
488 965 74 53 &
517 965 88 53 ad
561 965 177 53 notionem
694 965 221 53 pertinentem
870 965 88 53 ad
915 965 206 53 dignitatem
1077 965 177 53 pertinet
1209 965 118 53 quod
1283 965 133 53 pater
1371 965 103 53 non
1430 965 103 53 est
1489 965 88 53 ab
1533 965 118 53 alio
1607 965 206 53 principio.
1769 965 88 53 Ad
1798 965 59 53 di

409 1007 172 59 pnitatem
537 1007 129 59 autem
623 1007 172 59 spiritus
752 1007 143 59 sancti
852 1007 100 59 non
909 1007 172 59 pertinet
1038 1007 114 59 quod
1109 1007 86 59 ab
1152 1007 114 59 ipso
1224 1007 100 59 non
1281 1007 100 59 sit
1338 1007 143 59 alius,
1438 1007 86 59 vt
1481 1007 172 59 superius
1610 1007 229 59 determinatum
1781 1007 86 59 est.

396 1049 168 61 Propter
518 1049 123 61 quod
595 1049 107 61 per
656 1049 260 61 similitudinem
870 1049 92 61 ad
916 1049 107 61 non
978 1049 153 61 habere
1085 1049 184 61 terminum
1223 1049 92 61 in
1269 1049 168 61 spiritu
1391 1049 168 61 sancto,
1514 1049 123 61 illi
1590 1049 107 61 non
1652 1049 153 61 potest
1743 1049 123 61 appro-

408 1091 150 62 priari
513 1091 225 62 aeternitas:
694 1091 135 62 sicut
784 1091 241 62 appropriatur
979 1091 135 62 patri
1069 1091 105 62 per
1129 1091 256 62 similitudinem
1340 1091 90 62 ad
1385 1091 105 62 non
1445 1091 150 62 habere
1550 1091 210 62 principium
1716 1091 90 62 in
1746 1091 120 62 patre.

415 1132 71 69 ⁋
443 1132 85 69 Ad
486 1132 170 69 secundum
613 1132 113 69 quod
684 1132 141 69 vnitas
783 1132 113 69 quae
853 1132 226 69 appropriatur
1037 1132 127 69 patri
1122 1132 127 69 etiam
1207 1132 226 69 appropriatur
1391 1132 170 69 spiritui
1518 1132 156 69 sancto:
1632 1132 113 69 Dico
1702 1132 113 69 quod
1759 1132 113 69 falsum

390 1178 109 64 est.
459 1178 82 64 Ad
500 1178 205 64 probationem
664 1178 123 64 eius,
746 1178 109 64 quod
814 1178 164 64 secundum
937 1178 191 64 Augustinus
1088 1178 164 64 spiritus
1211 1178 150 64 sanctus
1320 1178 205 64 appropriate
1484 1178 137 64 vnitas
1580 1178 109 64 est:
1648 1178 109 64 Dico
1717 1178 109 64 quod
1771 1178 96 64 verum

398 1225 115 66 est:
469 1225 100 66 sed
527 1225 86 66 in
570 1225 115 66 alia
642 1225 258 66 significatione
857 1225 187 66 vnitatis.
1000 1225 100 66 Est
1058 1225 115 66 enim
1130 1225 158 66 quaedam
1244 1225 144 66 vnitas
1345 1225 258 66 singularitatis
1560 1225 100 66 qua
1618 1225 172 66 secundum
1732 1225 144 66 superius

406 1265 90 65 de
451 1265 239 65 relationibus
645 1265 209 65 communibus
809 1265 224 65 determinata
988 1265 239 65 intelligitur
1182 1265 119 65 vnum
1256 1265 119 65 quod
1331 1265 224 65 simpliciter
1510 1265 75 65 &
1540 1265 179 65 absolute
1674 1265 164 65 dicitur
1778 1265 90 65 vnu.

406 1314 85 65 Et
448 1314 184 65 consistit
590 1314 113 65 haec
661 1314 142 65 vnitas
760 1314 85 65 in
803 1314 170 65 simplici
930 1314 71 65 &
959 1314 142 65 omnino
1058 1314 184 65 absoluto:
1200 1314 71 65 &
1228 1314 113 65 ista
1299 1314 99 65 est
1356 1314 113 65 quae
1427 1314 85 65 in
1469 1314 156 65 diuinis
1582 1314 170 65 communis
1710 1314 113 65 est:
1781 1314 71 65 &
1809 1314 85 65 ap

395 1360 212 61 propriatur
561 1360 121 61 soli
637 1360 136 61 patri
728 1360 182 61 secundum
864 1360 151 61 dictum
970 1360 151 61 modum.
1076 1360 121 61 Alia
1152 1360 121 61 vero
1227 1360 106 61 est
1288 1360 151 61 vnitas
1394 1360 166 61 vnionis
1515 1360 121 61 quae
1591 1360 197 61 consistit
1742 1360 91 61 in
1787 1360 106 61 qua

399 1403 105 48 dam
459 1403 150 48 vnione
564 1403 165 48 plurium
683 1403 135 48 inter
773 1403 105 48 se:
833 1403 120 48 quae
908 1403 135 48 etiam
998 1403 105 48 est
1058 1403 180 48 communis
1192 1403 90 48 in
1237 1403 180 48 diuinis:
1372 1403 75 48 &
1402 1403 240 48 appropriatur
1597 1403 180 48 spiritui
1731 1403 165 48 sancto:

391 1448 140 63 sicut
485 1448 78 63 &
516 1448 218 63 concordia.
687 1448 125 63 Vnde
765 1448 125 63 post
843 1448 156 63 posita
952 1448 93 63 in
998 1448 202 63 argumento
1154 1448 187 63 continue
1294 1448 187 63 adiungit
1434 1448 233 63 Augustinus,
1621 1448 93 63 vt
1668 1448 202 63 repetendo
1808 1448 62 63 si

396 1492 102 67 nem
455 1492 146 67 illius
557 1492 160 67 dicamus
674 1492 175 67 secundum
805 1492 146 67 ipsum.
907 1492 204 67 Manifestum
1068 1492 102 67 est
1126 1492 117 67 quod
1199 1492 102 67 non
1257 1492 102 67 est
1316 1492 160 67 aliquis
1432 1492 146 67 duorum
1534 1492 190 67 (scilicet
1680 1492 131 67 pater
1768 1492 131 67 autem

396 1535 167 62 filius)
517 1535 91 62 id
563 1535 106 62 quo
624 1535 167 62 vterque
745 1535 243 62 coniungitur:
943 1535 106 62 quo
1004 1535 167 62 genitus
1125 1535 76 62 a
1156 1535 182 62 gignente
1292 1535 213 62 diligitur,
1460 1535 243 62 genitoremque
1657 1535 122 62 suum
1718 1535 152 62 diligit:

402 1577 158 66 suntque
517 1577 101 66 non
574 1577 259 66 participatione
791 1577 101 66 sed
848 1577 173 66 essentia
978 1577 115 66 sua,
1050 1577 130 66 neque
1136 1577 115 66 dono
1208 1577 202 66 superioris
1367 1577 173 66 alicuius
1496 1577 101 66 sed
1554 1577 101 66 suo
1612 1577 158 66 proprio
1713 1577 158 66 seruantes

403 1629 172 65 vnitatem
532 1629 172 65 spiritus
660 1629 86 65 in
703 1629 157 65 vinculo
818 1629 143 65 pacis:
918 1629 115 65 quod
990 1629 157 65 imitari
1104 1629 100 65 per
1161 1629 172 65 gratiam:
1290 1629 72 65 &
1319 1629 86 65 ad
1362 1629 115 65 deum
1433 1629 72 65 &
1462 1629 86 65 ad
1505 1629 100 65 nos
1562 1629 129 65 ipsos
1648 1629 172 65 nitemur.
1777 1629 72 65 &
1806 1629 86 65 in

404 1665 105 76 fra
464 1665 120 76 post
539 1665 180 76 modicum.
674 1665 180 76 Spiritus
809 1665 120 76 ergo
884 1665 165 76 sanctus
1004 1665 165 76 commune
1124 1665 165 76 aliquid
1244 1665 105 76 est
1304 1665 150 76 patris
1409 1665 75 76 &
1439 1665 150 76 filii:
1544 1665 105 76 &c.
1604 1665 90 76 vt
1649 1665 135 76 supra
1739 1665 90 76 in
1769 1665 105 76 vlti-

400 1711 97 71 mo
448 1711 209 71 argumento
609 1711 241 71 quaestionis
802 1711 209 71 immediate
947 1711 241 71 praecedentis.

798 1869 130 80 lso
873 1869 112 80 a.
929 1869 93 80 &
966 1869 261 80 XLarticulo
1171 1869 223 80 hucusque
1338 1869 149 80 quae
1431 1869 93 80 &
1468 1869 186 80 qualia
1599 1869 112 80 de
1655 1869 130 80 deo
1729 1869 112 80 in
1785 1869 112 80 se
1822 1869 56 80 &

815 1932 173 51 absolute
944 1932 115 51 sunt
1016 1932 245 51 intelligenda:
1218 1932 173 51 sequitur
1348 1932 144 51 vltimo
1448 1932 86 51 in
1492 1932 101 51 hac
1549 1932 130 51 parte
1636 1932 158 51 nostrae
1736 1932 130 51 disputa

804 1979 144 59 tionis
904 1979 202 59 ordinariae
1063 1979 159 59 quomodo
1178 1979 202 59 intellecta
1337 1979 86 59 de
1380 1979 86 59 eo
1423 1979 115 59 sunt
1495 1979 216 59 proferenda.
1668 1979 86 59 Et
1711 1979 130 59 primo
1798 1979 101 59 quo

805 2030 98 52 ad
854 2030 179 52 illorum
984 2030 309 52 significationem
1244 2030 130 52 siue
1325 2030 260 52 nominationem
1537 2030 114 52 per
1602 2030 163 52 nomina
1699 2030 179 52 incomple-

804 2067 106 72 xa.
864 2067 166 72 Secundo
985 2067 106 72 quo
1046 2067 91 72 ad
1091 2067 166 72 illorum
1212 2067 272 72 praedicationes
1438 2067 106 72 per
1499 2067 257 72 propositiones
1695 2067 181 72 complexas.

810 2114 154 58 Circa
913 2114 172 58 primum
1033 2114 240 58 quaeruntur
1204 2114 172 58 vndecim.

810 2157 154 74 Primum
918 2157 124 74 est:
995 2157 139 74 vtrum
1088 2157 124 74 deus
1165 2157 77 74 &
1196 2157 124 74 quae
1273 2157 93 74 in
1319 2157 124 74 ipso
1396 2157 77 74 &
1427 2157 93 74 de
1474 2157 124 74 ipso
1551 2157 278 74 intelliguntur,
1767 2157 108 74 signi

811 2199 144 63 ficari
911 2199 159 63 possint
1027 2199 144 63 nomine
1113 2199 130 63 vocali.

803 2222 180 80 Secundum
938 2222 120 80 est:
1013 2222 135 80 vtrum
1102 2222 225 80 significari
1282 2222 165 80 possint
1402 2222 165 80 nomibus
1522 2222 195 80 impositis
1656 2222 180 80 creaturis.

806 2288 158 80 Tertium:
924 2288 118 80 vtrum
1003 2288 132 80 nomina
1095 2288 224 80 significantia
1279 2288 105 80 deum
1345 2288 66 80 &
1371 2288 184 80 creaturas,
1516 2288 145 80 vniuoce
1621 2288 197 80 significent
1766 2288 105 80 illos.

414 2335 162 60 Quartum:
536 2335 122 60 vtrum
617 2335 135 60 nomina
712 2335 230 60 significantia
901 2335 108 60 deum
968 2335 68 60 &
995 2335 176 60 creaturas
1131 2335 203 60 communiter,
1293 2335 203 60 significent
1455 2335 122 60 illos
1536 2335 108 60 pure
1590 2335 162 60 aequiuoce.

414 2377 179 63 Quintum:
549 2377 135 63 vtrum
638 2377 105 63 per
698 2377 135 63 prius
788 2377 224 63 significent
967 2377 120 63 deum
1042 2377 120 63 quam
1117 2377 209 63 creaturas,
1282 2377 90 63 an
1311 2377 165 63 conuerso.

395 2415 166 87 Sextum:
516 2415 136 87 vtrum
607 2415 151 87 nomina
713 2415 257 87 significantia
925 2415 121 87 deum
1000 2415 76 87 &
1030 2415 121 87 quae
1106 2415 121 87 sunt
1182 2415 91 87 in
1227 2415 106 87 eo,
1288 2415 166 87 possint
1409 2415 121 87 illa
1485 2415 227 87 significare
1651 2415 227 87 indifferenter

408 2467 87 55 in
452 2467 189 55 abstracto
598 2467 73 55 &
627 2467 87 55 in
656 2467 160 55 concreto.

403 2502 184 86 Septimum:
545 2502 128 86 vtrum
630 2502 227 86 congruentius
814 2502 213 86 significent
984 2502 113 86 illa
1055 2502 85 86 in
1098 2502 227 86 abstractione
1282 2502 113 86 quam
1353 2502 85 86 in
1395 2502 227 86 concretione.

401 2556 193 50 Octauum:
546 2556 145 50 vtrum
643 2556 129 50 deus
723 2556 161 50 aliquo
836 2556 161 50 nomine
949 2556 177 50 proprie
1078 2556 193 50 nominari
1207 2556 145 50 possit.

398 2594 153 87 Nonum:
505 2594 137 87 vtrum
596 2594 153 87 possit
703 2594 122 87 esse
779 2594 168 87 aliquod
901 2594 137 87 nomen
993 2594 183 87 proprium
1130 2594 107 87 deo
1191 2594 107 87 quo
1252 2594 229 87 significari
1436 2594 107 87 aut
1497 2594 183 87 nominari
1619 2594 137 87 possit.

393 2641 184 65 Decimum:
531 2641 138 65 vtrum
623 2641 153 65 verius
730 2641 123 65 deus
807 2641 245 65 intelligatur
1006 2641 123 65 quam
1083 2641 245 65 significetur
1282 2641 107 65 aut
1328 2641 184 65 nominetur.

388 2678 220 77 Vndecimum:
561 2678 142 77 vtrum
656 2678 157 77 nomina
766 2678 94 77 de
813 2678 110 77 deo
876 2678 173 77 aliquid
1002 2678 94 77 de
1049 2678 126 77 ipso
1128 2678 236 77 significent
1316 2678 220 77 priuatiue,
1489 2678 94 77 an
1521 2678 173 77 positiue.
