2017 3192
406 235 186 67 creaturis
549 235 86 67 ad
592 235 157 67 diuina:
706 235 129 67 causa
792 235 215 67 seductionis
964 235 72 67 &
993 235 157 67 erroris
1107 235 157 67 ipsorum
1222 235 100 67 est
1279 235 86 67 in
1322 235 129 67 ipsis
1393 235 72 67 sol

409 302 107 47 Quod
476 302 121 47 tamen
556 302 94 47 non
610 302 94 47 est
663 302 94 47 ita
717 302 80 47 vt
757 302 147 47 putant,
864 302 147 47 dicente
971 302 188 47 Commneator
1119 302 121 47 super
1199 302 121 47 illud
1279 302 147 47 Boethii
1386 302 80 47 de
1427 302 134 47 Trini.
1507 302 67 47 ca.

400 344 84 50 in
442 344 112 50 illo
512 344 112 50 vere
583 344 211 50 substantia:
751 344 98 50 sed
808 344 127 50 vltra
892 344 225 50 substantiam.
1075 344 112 50 ldem
1145 344 169 50 qualitas
1271 344 98 50 &c.
1328 344 127 50 Conm.
1412 344 127 50 Quasi
1496 344 112 50 vere
1567 344 112 50 quae
1623 344 56 50 de

403 390 97 60 non
459 390 111 60 sunt
528 390 111 60 quod
598 390 208 60 nominantur.
764 390 97 60 Nam
820 390 111 60 quia
889 390 97 60 non
945 390 97 60 est
1001 390 125 60 tanta
1084 390 181 60 dictionum
1223 390 125 60 copia
1306 390 83 60 vt
1348 390 195 60 quaecumque
1487 390 97 60 suisi

397 439 157 49 gnari,
507 439 173 49 humanae
633 439 220 49 locutionis
806 439 126 49 vsus
884 439 157 49 maxime
994 439 79 49 a
1025 439 236 49 naturalibus
1214 439 94 49 ex
1261 439 157 49 aliqua
1371 439 188 49 rationis
1497 439 188 49 proportion

412 480 129 48 fert:
498 480 86 48 vt
541 480 129 48 sicut
627 480 158 48 dicimus
742 480 144 48 corpus
843 480 129 48 album
929 480 158 48 magnum,
1044 480 144 48 corpus
1145 480 216 48 substantia,
1317 480 129 48 album
1403 480 201 48 qualitate,
1547 480 43 48 n

403 527 111 49 ita
467 527 174 49 dicimus
593 527 127 49 Deus
673 527 158 49 iustus
784 527 190 49 maximus:
926 527 143 49 quasi
1021 527 158 49 dictum
1132 527 111 49 sit
1196 527 127 49 deus
1275 527 238 49 substantia:
1465 527 158 49 iustus
1576 527 222 49 qualitate:
1734 527 143 49 maximus

408 573 198 51 quantitate:
566 573 93 51 cum
619 573 119 51 tamen
699 573 119 51 nihil
778 573 119 51 horum
857 573 119 51 rerum
937 573 93 51 aut
989 573 145 51 generis
1095 573 212 51 proprietate:
1267 573 93 51 sed
1320 573 132 51 tantum
1412 573 225 51 proportionali
1584 573 40 51 i

394 619 147 44 camus.
497 619 88 44 Et
541 619 118 44 Hil.
615 619 103 44 Ii.
674 619 132 44 iiii.
762 619 88 44 de
806 619 147 44 Trini.
909 619 88 44 in
953 619 206 44 principio.
1115 619 103 44 Non
1173 619 191 44 ignoramus
1320 619 88 44 ad
1364 619 103 44 res
1409 619 73 44 diu

399 661 124 47 minum
482 661 207 47 elocutionem
647 661 124 47 neque
730 661 152 47 naturae
840 661 152 47 humanae
950 661 234 47 compositionem
1143 661 124 47 posse
1226 661 193 47 sufficere:
1377 661 110 47 quod
1446 661 110 47 enim
1501 661 124 47 inenarr

407 704 173 46 ficantiae
540 704 159 46 alicuius
659 704 120 46 finem
739 704 66 46 &
765 704 120 46 modum
845 704 93 46 non
898 704 133 46 habet.
991 704 93 46 Cum
1044 704 120 46 tamen
1124 704 80 46 de
1164 704 146 46 naturis
1270 704 199 46 caelestibus
1416 704 80 46 seri

396 748 168 51 mentium
518 748 244 51 continentur,
716 748 122 51 vsui
792 748 168 51 communi
914 748 76 51 &
944 748 168 51 naturae
1066 748 76 51 &
1097 748 183 51 sermonis
1234 748 122 51 sunt
1310 748 213 51 eloquenda:
1478 748 107 51 non
1539 748 152 51 vtique
1630 748 46 51 o

405 802 153 53 congrua:
520 802 89 53 sed
571 802 141 53 ingenii
674 802 128 53 nostri
763 802 217 53 imbecillitati
942 802 192 53 necessaria:
1095 802 115 53 rebus
1172 802 153 53 scilicet
1287 802 64 53 &
1313 802 128 53 verbis
1402 802 141 53 nostris
1504 802 77 53 ea
1543 802 102 53 quae
1594 802 38 53 &

412 842 175 49 telligimus
549 842 162 49 locuturi.
674 842 100 49 Vnde
736 842 75 49 ad
774 842 187 49 praecauenda
924 842 162 49 praedicta
1049 842 100 49 quae
1111 842 175 49 contingunt
1248 842 187 49 haereticis,
1398 842 112 49 dicit
1473 842 175 49 Augustinus
1611 842 75 49 de
1648 842 125 49 Trini.
1736 842 87 49 ix.
1786 842 87 49 ca.
1823 842 50 49 i.

404 881 98 56 Non
460 881 155 56 aliquid
573 881 84 56 de
615 881 183 56 trinitate
755 881 155 56 dicamus
867 881 112 56 quod
938 881 98 56 non
994 881 169 56 creatori
1120 881 98 56 sed
1177 881 183 56 creaturae
1317 881 140 56 potius
1415 881 183 56 conveniat
1556 881 98 56 aut

396 934 79 55 ne
435 934 159 55 figatur.
555 934 79 55 Et
594 934 93 55 li.
647 934 106 55 vii.
714 934 93 55 ca.
766 934 119 55 iiii.
846 934 159 55 Quisques
965 934 106 55 deum
1031 934 159 55 cogitat,
1150 934 66 55 &
1177 934 132 55 nondum
1270 934 132 55 potest
1362 934 132 55 omnino
1455 934 159 55 inuenire
1574 934 106 55 quid
1627 934 53 55 si

415 976 136 60 caueat
511 976 150 60 quantum
619 976 136 60 potest
715 976 82 60 de
755 976 109 60 illo
823 976 150 60 sentire
932 976 109 60 quid
1000 976 95 60 non
1054 976 109 60 sit.
1122 976 82 60 Si
1163 976 109 60 enim
1231 976 122 60 verba
1313 976 68 60 a
1340 976 177 60 creaturis
1476 976 177 60 translata
1612 976 82 60 ad
1639 976 41 60 e

409 1018 118 52 aliam
487 1018 249 52 significationem
697 1018 105 52 rei.
762 1018 157 52 scilicet
880 1018 209 52 eminentioris
1050 1018 223 52 intelligantur
1234 1018 79 52 in
1273 1018 118 52 illis
1351 1018 105 52 quam
1417 1018 79 52 in
1456 1018 183 52 creaturis,
1600 1018 92 52 non
1652 1018 105 52 sunt
1718 1018 118 52 causa
1783 1018 92 52 sedu-

410 1067 158 45 ctionis,
529 1067 92 45 sed
581 1067 132 45 potius
674 1067 224 45 elucidationis
858 1067 185 45 veritatis:
1004 1067 158 45 secundum
1122 1067 106 45 quod
1188 1067 119 45 supra
1268 1067 172 45 articulo.
1399 1067 92 45 xx.
1452 1067 198 45 quaestione.
1597 1067 40 45 i

415 1106 185 54 locutionis
560 1106 132 54 sacrae
653 1106 185 54 scripturae
798 1106 172 54 expositum
930 1106 106 54 est.
996 1106 159 54 secundum
1115 1106 106 54 quod
1181 1106 119 54 etiam
1260 1106 119 54 docet
1339 1106 106 54 Hil.
1405 1106 145 54 dicens.
1511 1106 92 54 ii.
1564 1106 79 54 de
1604 1106 132 54 Trini.
1696 1106 106 54 cap.
1762 1106 92 54 ii.
1802 1106 79 54 Quia

407 1155 208 51 malignitas
571 1155 194 51 instinctu
720 1155 208 51 diabolicae
884 1155 253 51 fraudulentiae
1092 1155 194 51 excaecata
1241 1155 194 51 veritatem
1390 1155 134 51 rerum
1479 1155 104 51 per
1524 1155 89 51 natu

407 1199 117 58 dit:
481 1199 103 58 nos
539 1199 161 58 naturas
657 1199 191 58 nominibus
804 1199 220 58 proferamus:
980 1199 103 58 non
1038 1199 220 58 frustrentur
1215 1199 161 58 naturae
1332 1199 264 58 proprietatibus
1552 1199 176 58 nominum:
1684 1199 103 58 sed
1743 1199 132 58 iuxta
1816 1199 59 58 na

412 1240 120 55 turae
492 1240 254 55 significationem
705 1240 134 55 nomina
799 1240 214 55 coarctentur.
973 1240 107 55 Dons
1039 1240 174 55 baptizans
1173 1240 134 55 gentes
1266 1240 80 55 in
1306 1240 134 55 nomine
1400 1240 134 55 patris
1493 1240 67 55 &
1520 1240 120 55 filii
1587 1240 40 55 &

417 1290 148 48 posuit
521 1290 162 48 naturae
639 1290 162 48 nomina.
757 1290 118 48 Vnde
831 1290 133 48 talis
919 1290 207 48 translatio
1082 1290 103 48 seu
1141 1290 192 48 deriuatio
1288 1290 162 48 nominum
1407 1290 74 48 a
1436 1290 192 48 creaturis
1584 1290 89 48 ad
1628 1290 148 48 diuina
1731 1290 103 48 est
1776 1290 103 48 quasi

408 1340 158 50 quaedam
523 1340 158 50 nominum
638 1340 86 50 ad
681 1340 245 50 significandum
882 1340 201 50 impositio.
1069 1340 86 50 Ad
1113 1340 187 50 secundum,
1256 1340 115 50 quod
1328 1340 86 50 in
1371 1340 158 50 diuinis
1487 1340 158 50 oportet
1602 1340 101 50 non
1659 1340 144 50 deduci
1760 1340 86 50 ad
1789 1340 86 50 ima-

406 1384 149 60 gines:
510 1384 119 60 Dico
585 1384 119 60 quod
659 1384 89 60 ad
704 1384 179 60 imagines
838 1384 194 60 contingit
987 1384 149 60 deduci
1091 1384 223 60 dupliciter.
1270 1384 104 60 Vno
1330 1384 119 60 modo
1404 1384 194 60 sentiendo
1553 1384 119 60 esse
1628 1384 89 60 in
1672 1384 164 60 diuinis
1777 1384 89 60 quod

402 1428 217 50 percipitur
572 1428 124 50 esse
649 1428 93 50 in
695 1428 232 50 imaginibus.
881 1428 108 50 sic
943 1428 155 50 deduci
1051 1428 186 50 imagines
1190 1428 77 50 &
1221 1428 201 50 nominibus
1376 1428 201 50 impositis
1531 1428 201 50 creaturis
1670 1428 201 50 significare

409 1469 129 50 deum,
495 1469 101 50 est
552 1469 129 50 causa
639 1469 158 50 erroris
753 1469 72 50 &
782 1469 230 50 seductionis,
969 1469 86 50 vt
1012 1469 144 50 dictum
1113 1469 115 50 est.
1184 1469 115 50 Alio
1256 1469 115 50 modo
1328 1469 187 50 sentiendo
1472 1469 101 50 per
1529 1469 216 50 similitudii

403 1517 154 46 nitatem
515 1517 112 46 esse
585 1517 182 46 eminenter
724 1517 112 46 tale
794 1517 112 46 quod
864 1517 84 46 in
906 1517 154 46 diuinis
1018 1517 126 46 quale
1102 1517 196 46 percipitur
1255 1517 112 46 esse
1325 1517 84 46 in
1367 1517 182 46 creaturis
1507 1517 112 46 siue
1577 1517 84 46 in
1619 1517 210 46 imaginibus,
1786 1517 98 46 sic
1828 1517 56 46 de

403 1562 110 47 duci
472 1562 83 47 ad
513 1562 179 47 imagines,
651 1562 69 47 &
678 1562 179 47 nominibus
816 1562 179 47 impositis
953 1562 179 47 creaturis
1091 1562 206 47 significare
1256 1562 124 47 deum,
1339 1562 83 47 vt
1380 1562 179 47 similiter
1517 1562 138 47 dictum
1614 1562 110 47 est:
1682 1562 179 47 nequaquam
1806 1562 69 47 est

413 1608 126 50 causa
497 1608 210 50 seductionis
665 1608 70 50 &
693 1608 168 50 erroris:
818 1608 98 50 sed
874 1608 140 50 potius
972 1608 210 50 directionis
1140 1608 84 50 in
1182 1608 196 50 cognitione
1336 1608 182 50 veritatis
1476 1608 126 50 circa
1559 1608 154 50 diuina.
1699 1608 84 50 Et
1741 1608 168 50 secundum

407 1647 100 55 hoc
464 1647 201 55 concedenda
622 1647 115 55 sunt
693 1647 100 55 duo
751 1647 186 55 argumenta
894 1647 86 55 in
937 1647 215 55 contrarium:
1109 1647 158 55 praeter
1223 1647 100 55 hoc
1281 1647 115 55 quod
1352 1647 172 55 secundum
1481 1647 158 55 nititur
1596 1647 158 55 probare
1710 1647 115 55 quod
1768 1647 100 55 solis

397 1692 179 55 nominibus
535 1692 179 55 impositis
672 1692 179 55 creaturis
810 1692 110 55 deus
879 1692 206 55 significari
1044 1692 151 55 possit:
1154 1692 110 55 quod
1223 1692 96 55 non
1278 1692 96 55 est
1333 1692 138 55 verum.
1429 1692 124 55 Licet
1511 1692 110 55 enim
1580 1692 206 55 significare
1745 1692 151 55 aliquid

407 1737 86 58 de
450 1737 101 58 deo
507 1737 101 58 non
565 1737 172 58 possumus
694 1737 86 58 in
737 1737 172 58 speciali
866 1737 115 58 quod
938 1737 187 58 pertineat
1082 1737 86 58 ad
1125 1737 230 58 perfectionem
1312 1737 158 58 naturae
1427 1737 129 58 eius:
1513 1737 187 58 cuiusmodi
1657 1737 101 58 est
1700 1737 172 58 sapientia-

395 1780 191 59 bonitas,
538 1780 207 59 potestas,
697 1780 80 59 &
729 1780 223 59 huiusmodi:
904 1780 127 59 nisi
984 1780 207 59 nominibus
1143 1780 175 59 sumptis
1270 1780 95 59 ex
1318 1780 223 59 creaturis:
1493 1780 80 59 &
1525 1780 111 59 hoc
1589 1780 159 59 (sicut
1700 1780 111 59 iam
1748 1780 127 59 dictum

402 1831 113 55 est)
473 1831 99 55 per
529 1831 212 55 vicinitatem
699 1831 226 55 perfectionum
882 1831 212 55 consimilium
1052 1831 85 55 in
1094 1831 198 55 creaturis:
1249 1831 99 55 ita
1306 1831 113 55 quod
1377 1831 99 55 non
1433 1831 170 55 possimus
1560 1831 212 55 significare
1730 1831 141 55 nomine
1814 1831 71 55 ali

390 1878 129 40 cuius
475 1878 86 40 in
518 1878 186 40 creaturis
661 1878 186 40 veritatem
804 1878 229 40 perfectionis
990 1878 157 40 diuinae
1104 1878 200 40 essentiae:
1262 1878 114 40 quia
1333 1878 100 40 non
1390 1878 186 40 respondet
1533 1878 86 40 ei
1576 1878 100 40 per
1633 1878 186 40 completam
1762 1878 100 40 vici-

391 1917 172 58 nitatem
517 1917 172 58 aliquid
642 1917 94 58 in
689 1917 203 58 creatura:
845 1917 110 58 nec
908 1917 188 58 possumus
1049 1917 125 58 illi
1127 1917 141 58 nomen
1221 1917 188 58 imponere
1362 1917 94 58 ex
1409 1917 172 58 notitia
1534 1917 110 58 qua
1596 1917 235 58 cognoscitur
1784 1917 94 58 de
1815 1917 63 58 re

402 1964 116 48 quid
475 1964 116 48 sit:
548 1964 116 48 quia
620 1964 102 48 (vt
678 1964 145 48 dictum
780 1964 116 48 est)
852 1964 232 48 perfectionem
1041 1964 174 48 virtutis
1172 1964 160 48 diuinae
1288 1964 189 48 essentiae
1433 1964 131 48 solus
1520 1964 116 48 deus
1592 1964 261 48 comprehensione
1795 1964 73 48 po-

401 2012 121 45 test
476 2012 226 45 cognoscere:
657 2012 181 45 possumus
793 2012 136 45 tamen
884 2012 121 45 illi
959 2012 136 45 nomen
1049 2012 181 45 imponere
1185 2012 90 45 ex
1230 2012 166 45 notitia
1351 2012 106 45 qua
1411 2012 106 45 per
1472 2012 196 45 creaturas
1623 2012 181 45 possumus
1758 2012 151 45 cogno-

400 2050 129 58 scere
486 2050 86 58 an
529 2050 101 58 sit
587 2050 72 58 &
615 2050 115 58 quid
687 2050 101 58 sit
745 2050 144 58 saltem
845 2050 86 58 in
888 2050 173 58 generali
1018 2050 201 58 attributo,
1176 2050 86 58 vt
1219 2050 144 58 dictum
1320 2050 101 58 est
1377 2050 144 58 supra.
1478 2050 86 58 Et
1521 2050 101 58 sic
1578 2050 187 58 nominamus
1722 2050 129 58 ipsum
1794 2050 72 58 hoc

401 2102 155 49 nomine
509 2102 139 49 deus,
602 2102 108 49 non
663 2102 93 49 ex
710 2102 155 49 aliqua
818 2102 186 49 naturali
957 2102 232 49 congruentia
1143 2102 139 49 huius
1236 2102 139 49 vocis
1329 2102 139 49 deus,
1421 2102 124 49 quae
1499 2102 108 49 est
1561 2102 170 49 quatuor
1684 2102 217 49 literarum:

409 2147 110 57 quia
478 2147 124 57 nulla
561 2147 138 57 potest
657 2147 110 57 esse
726 2147 165 57 secundum
850 2147 193 57 praedicta:
1001 2147 96 57 sed
1056 2147 179 57 solummodo
1194 2147 83 57 ad
1236 2147 179 57 placitum.
1373 2147 96 57 Aut
1428 2147 83 57 si
1470 2147 96 57 vox
1525 2147 138 57 aliqua
1621 2147 207 57 naturaliter
1786 2147 83 57 in
1814 2147 55 57 se

414 2190 98 55 vel
470 2190 84 55 in
512 2190 140 55 aliqua
610 2190 210 55 proprietate
778 2190 98 55 sua
834 2190 182 55 convenire
974 2190 140 55 posset
1072 2190 154 55 diuinae
1184 2190 182 55 essentiae
1324 2190 98 55 aut
1380 2190 140 55 alicui
1478 2190 210 55 proprietati
1646 2190 126 55 eius:
1730 2190 98 55 aut
1772 2190 98 55 solus

407 2231 117 51 deus
481 2231 132 51 nomen
569 2231 132 51 illud
657 2231 132 51 vocis
745 2231 191 51 congruens
891 2231 220 51 perfectioni
1067 2231 117 51 suae
1141 2231 191 51 essentiae
1287 2231 176 51 imponere
1419 2231 161 51 posset:
1537 2231 88 51 vt
1581 2231 161 51 dicitur
1698 2231 132 51 supra
1786 2231 88 51 de
1815 2231 59 51 at

408 2282 165 44 tributis
532 2282 178 44 articulo.
669 2282 137 44 xxxii,
765 2282 206 44 quaestione.
930 2282 123 44 iiii.
1012 2282 96 44 aut
1067 2282 206 44 intellectus
1231 2282 137 44 beatus
1327 2282 192 44 quicumque:
1478 2282 69 44 &
1506 2282 82 44 si
1547 2282 110 44 tale
1615 2282 123 44 nomen
1698 2282 96 44 deo
1739 2282 137 44 naturali

411 2327 150 49 origine
520 2327 95 49 per
575 2327 232 49 similitudinem
766 2327 123 49 vocis
847 2327 82 49 ad
888 2327 95 49 rem
943 2327 218 49 significatam
1120 2327 95 49 iam
1174 2327 95 49 sit
1229 2327 191 49 impositum:
1379 2327 109 49 puto
1447 2327 109 49 quod
1515 2327 95 49 sit
1569 2327 123 49 illud
1651 2327 109 49 quod
1719 2327 123 49 dicit
1787 2327 82 49 Rabi

408 2365 152 65 Moyses
514 2365 121 65 fore
590 2365 136 65 nomen
681 2365 273 65 Tetragrammaton
908 2365 106 65 deo
969 2365 258 65 appropriatum.
1181 2365 91 65 de
1226 2365 106 65 quo
1287 2365 152 65 dictum
1393 2365 106 65 est
1454 2365 136 65 satis
1545 2365 182 65 secundum
1681 2365 121 65 Rabi
1742 2365 136 65 Moyxsen

408 2407 86 57 in
451 2407 128 57 dicta
536 2407 214 57 quaestione:
707 2407 71 57 &
736 2407 157 57 amplius
850 2407 228 57 declarabitur
1035 2407 86 57 in
1078 2407 171 57 sequenti
1206 2407 171 57 articulo
1335 2407 214 57 quaestione.
1492 2407 71 57 ix.

688 2459 125 63 Irca
766 2459 171 63 Tertium
891 2459 187 63 arguitur
1031 2459 125 63 quod
1109 2459 156 63 nomina
1218 2459 265 63 significantia
1437 2459 125 63 deum
1515 2459 78 63 &
1546 2459 203 63 creaturas
1702 2459 109 63 non
1748 2459 125 63 signi-

689 2505 155 47 ficant
797 2505 124 47 illa
874 2505 186 47 vniuoce,
1013 2505 139 47 Primo
1106 2505 124 47 sic.
1184 2505 93 47 In
1230 2505 124 47 omni
1307 2505 155 47 genere
1416 2505 77 47 &
1447 2505 155 47 ordine
1555 2505 139 47 rerum
1648 2505 124 47 vnum
1725 2505 108 47 est
1787 2505 124 47 ante

688 2552 143 50 multa.
788 2552 129 50 iuxta
874 2552 129 50 illud
960 2552 115 50 Dio.
1032 2552 100 50 ca.
1089 2552 129 50 iiii.
1175 2552 86 50 de
1218 2552 158 50 diuinis
1333 2552 100 50 no.
1390 2552 115 50 Dyas
1462 2552 100 50 non
1519 2552 215 50 principium.
1692 2552 129 50 Monas
1778 2552 129 50 autem

680 2592 149 51 totius
785 2592 149 51 dyadis
889 2592 224 51 principium.
1068 2592 90 51 In
1113 2592 149 51 ordine
1218 2592 134 51 autem
1307 2592 239 51 producentium
1502 2592 75 51 &
1531 2592 224 51 productorum
1696 2592 164 51 productio

689 2640 146 47 equoce
791 2640 131 47 ponit
879 2640 189 47 omnimodam
1024 2640 233 47 pluralitatem
1214 2640 131 47 inter
1301 2640 218 47 producentem
1476 2640 73 47 &
1505 2640 189 47 productum
1651 2640 160 47 propter
1753 2640 117 47 dissi

638 2687 226 73 militudinem
818 2687 226 73 producentis
999 2687 90 73 ad
1044 2687 211 73 productum.
1209 2687 105 73 Sol
1270 2687 120 73 enim
1345 2687 105 73 non
1405 2687 150 73 calore
1510 2687 165 73 generat
1630 2687 180 73 calorem.
1751 2687 120 73 Produ
