2017 3143
407 232 74 78 â‹
437 232 208 78 Argumentum
600 232 89 78 in
645 232 193 78 oppositum
794 232 178 78 procedit
927 232 89 78 de
972 232 89 78 eo
1017 232 119 78 quod
1091 232 104 78 est
1150 232 104 78 per
1210 232 134 78 prius
1299 232 164 78 nominis
1418 232 238 78 impositione,
1611 232 74 78 &
1641 232 134 78 bene.
1730 232 104 78 Sic
1775 232 89 78 enim

405 293 138 58 nomen
496 293 107 58 per
558 293 138 58 prius
649 293 153 58 semper
756 293 183 58 convenit
894 293 214 58 principali
1062 293 107 58 cui
1123 293 138 58 primo
1215 293 107 58 est
1276 293 199 58 impositum
1429 293 122 58 quam
1505 293 107 58 cui
1566 293 107 58 per
1612 293 260 58 transumptionem.

410 340 108 55 Non
471 340 108 55 sic
533 340 139 55 autem
625 340 92 55 de
671 340 108 55 per
733 340 139 55 prius
825 340 216 55 famositate
995 340 77 55 &
1025 340 216 55 dignitate:
1195 340 92 55 vt
1241 340 139 55 prius
1333 340 154 55 dictum
1426 340 92 55 est.

669 374 121 71 lrca
744 374 151 71 sextum
850 374 181 71 arguitur
986 374 136 71 primo
1077 374 121 71 quod
1152 374 151 71 nomina
1258 374 121 71 deum
1333 374 106 71 vel
1394 374 121 71 quae
1469 374 91 71 in
1515 374 121 71 ipso
1590 374 121 71 sunt
1650 374 227 71 significantia

667 428 93 61 non
720 428 146 61 possunt
826 428 199 61 significare
985 428 106 61 illa
1051 428 79 61 in
1091 428 132 61 altero
1183 428 146 61 illorum
1289 428 132 61 duorum
1382 428 146 61 modorum
1488 428 119 61 tantu
1567 428 159 61 scilicet
1687 428 93 61 vel
1740 428 79 61 in
1766 428 106 61 abstra

666 472 96 61 cto
721 472 96 61 vel
776 472 82 61 in
817 472 179 61 concreto,
955 472 96 61 nec
1010 472 234 61 indifferenter
1202 472 82 61 in
1244 472 165 61 vtroque:
1367 472 110 61 sic.
1436 472 220 61 significatio
1615 472 151 61 nominis
1725 472 124 61 debet
1793 472 69 61 con

666 519 140 51 uenire
764 519 70 51 &
792 519 195 51 respondere
945 519 98 51 rei
1001 519 223 51 significatae
1182 519 126 51 sicut
1266 519 140 51 signum
1364 519 167 51 signato,
1489 519 84 51 ad
1531 519 112 51 quid
1601 519 84 51 se
1643 519 140 51 habent
1740 519 126 51 sicut
1810 519 70 51 si-

658 550 115 72 gnum
730 550 72 72 &
758 550 187 72 signatum.
902 550 101 72 sed
960 550 115 72 deus
1032 550 101 72 per
1090 550 86 72 se
1133 550 158 72 idipsum
1248 550 101 72 est
1305 550 72 72 &
1334 550 144 72 summum
1435 550 130 72 vnum,
1521 550 72 72 &
1550 550 101 72 hoc
1608 550 101 72 quo
1665 550 86 72 ad
1709 550 115 72 rem,
1781 550 72 72 &
1795 550 72 72 quo

658 606 98 69 gad
714 606 126 69 modum
798 606 112 69 rei,
868 606 70 69 &
896 606 182 69 similiter
1036 606 168 69 quicquid
1162 606 98 69 est
1218 606 84 69 in
1260 606 98 69 eo,
1317 606 168 69 secundum
1443 606 168 69 superius
1569 606 210 69 determinata
1737 606 84 69 de
1765 606 112 69 vnita-

665 650 91 50 te
710 650 121 50 dei.
786 650 106 50 Cum
847 650 121 50 ergo
923 650 137 50 nomen
1014 650 228 50 significans
1196 650 137 50 ipsum
1287 650 167 50 idipsum
1409 650 106 50 per
1469 650 91 50 se
1515 650 137 50 debet
1606 650 121 50 esse
1682 650 76 50 &
1712 650 106 50 quo
1773 650 91 50 ad
1803 650 76 50 rem

408 701 75 52 &
438 701 106 52 quo
498 701 90 52 ad
544 701 136 52 modum
634 701 181 52 nominis:
770 701 106 52 sed
830 701 106 52 non
890 701 106 52 est
951 701 121 52 idem
1026 701 136 52 modus
1116 701 166 52 nominis
1237 701 226 52 significare
1418 701 90 52 in
1463 701 181 52 concreto
1599 701 75 52 &
1629 701 90 52 in
1674 701 211 52 abstracto:
1825 701 60 52 er

411 747 87 58 go
454 747 101 58 aut
512 747 159 58 alterum
627 747 130 58 modum
714 747 144 58 tantum
814 747 130 58 debet
901 747 144 58 habere
1002 747 130 58 nomen
1089 747 216 58 significans
1262 747 115 58 deum
1334 747 101 58 aut
1392 747 159 58 aliquid
1507 747 115 58 quod
1579 747 101 58 est
1637 747 87 58 in
1680 747 173 58 diuinis:
1810 747 101 58 aut

420 793 180 46 neutrum,
555 793 120 46 quia
630 793 105 46 non
690 793 150 46 potest
795 793 150 46 habere
901 793 195 46 vtrumque.
1051 793 105 46 sed
1111 793 105 46 non
1171 793 180 46 neutrum:
1306 793 120 46 quia
1381 793 165 46 aliquem
1501 793 135 46 debet
1592 793 165 46 habere.
1712 793 75 46 &
1742 793 105 46 non
1787 793 90 46 sunt

428 836 157 49 plures.
542 836 114 49 ergo
614 836 143 49 tantum
714 836 157 49 alterum
828 836 157 49 illorum
943 836 143 49 habere
1043 836 143 49 debet.
1143 836 72 49 â‹
1172 836 157 49 Secundo
1286 836 172 49 arguitur
1415 836 86 49 ex
1458 836 129 49 eodem
1544 836 129 49 medio
1630 836 114 49 quod
1701 836 100 49 non
1744 836 129 49 possunt

413 874 201 58 significare
573 874 107 58 illa
640 874 107 58 nisi
707 874 80 58 in
747 874 214 58 abstractione
921 874 147 58 tantum,
1028 874 107 58 sic.
1095 874 214 58 Significatio
1269 874 147 58 nominis
1376 874 120 58 debet
1456 874 174 58 convenire
1590 874 67 58 &
1617 874 187 58 respondere
1764 874 94 58 rei
1804 874 67 58 si-

411 923 222 61 gnificatae.
589 923 104 61 sed
648 923 119 61 deus
723 923 74 61 &
752 923 178 61 quicquid
886 923 104 61 est
945 923 89 61 in
989 923 89 61 eo
1034 923 267 61 simplicissimum
1256 923 163 61 aliquid
1375 923 119 61 est.
1449 923 133 61 solum
1538 923 119 61 ergo
1612 923 119 61 modo
1671 923 208 61 simplicissi-

423 958 83 60 mo
465 958 208 60 significari
631 958 125 60 debet
714 958 97 60 per
770 958 139 60 nomen.
867 958 97 60 sed
922 958 125 60 talis
1005 958 97 60 non
1061 958 97 60 est
1116 958 111 60 nisi
1186 958 125 60 modus
1269 958 111 60 ille
1338 958 97 60 qui
1394 958 97 60 est
1449 958 83 60 in
1491 958 236 60 abstractione,
1685 958 83 60 eo
1726 958 111 60 quod
1782 958 97 60 signi

427 1007 129 55 ficat
513 1007 216 55 simpliciter
685 1007 101 55 rem
743 1007 144 55 ipsam:
843 1007 115 55 puta
915 1007 158 55 deitas.
1030 1007 129 55 Nomen
1116 1007 129 55 autem
1203 1007 86 55 in
1246 1007 216 55 concretione
1418 1007 201 55 significat
1576 1007 172 55 habentem
1706 1007 144 55 illam:
1792 1007 86 55 puta

415 1049 122 58 deus.
497 1049 95 58 Non
551 1049 95 58 est
606 1049 109 58 enim
674 1049 109 58 deus
742 1049 109 58 nisi
810 1049 109 58 quia
878 1049 122 58 habet
959 1049 82 58 in
1000 1049 82 58 se
1041 1049 177 58 deitatem.
1177 1049 190 58 simplicior
1326 1049 122 58 autem
1408 1049 95 58 est
1462 1049 122 58 ratio
1544 1049 163 58 deitatis
1666 1049 82 58 vt
1707 1049 136 58 deitas
1789 1049 95 58 illam

434 1094 84 62 uam
482 1094 121 62 habens
567 1094 84 62 eam
615 1094 72 62 vt
651 1094 121 62 habens
736 1094 97 62 est:
796 1094 97 62 quia
856 1094 109 62 ratio
929 1094 97 62 haec
989 1094 145 62 continet
1098 1094 84 62 duo
1146 1094 145 62 scilicet
1255 1094 121 62 habere
1339 1094 60 62 &
1363 1094 145 62 habitum,
1472 1094 97 62 illa
1532 1094 109 62 autem
1605 1094 84 62 non
1653 1094 97 62 nisi
1713 1094 133 62 vnicum.
1798 1094 72 62 ergo

432 1139 91 58 &c.
484 1139 65 58 â‹
510 1139 78 58 In
549 1139 181 58 contrarium
691 1139 91 58 est
743 1139 117 58 vsus,
821 1139 91 58 qui
873 1139 91 58 rem
925 1139 181 58 quancumque
1067 1139 65 58 &
1093 1139 78 58 in
1132 1139 143 58 diuinis
1236 1139 65 58 &
1262 1139 78 58 in
1301 1139 169 58 creaturis
1430 1139 143 58 nominat
1534 1139 143 58 vtroque
1638 1139 91 58 mod
1690 1139 156 58 scilicet
1806 1139 65 58 &
1832 1139 78 58 in

416 1189 216 69 abstractione
591 1189 67 69 &
618 1189 81 69 in
658 1189 216 69 concretione,
834 1189 148 69 dicendo
942 1189 135 69 deitas
1036 1189 121 69 deus,
1117 1189 189 69 paternitas
1266 1189 135 69 pater,
1360 1189 175 69 sapientia
1495 1189 162 69 sapiens.
1617 1189 67 69 &
1644 1189 94 69 sic
1698 1189 81 69 de
1725 1189 148 69 caeteris.

437 1253 86 78 â‹
471 1253 138 78 Dico
557 1253 138 78 quod
644 1253 155 78 licet
747 1253 207 78 secundum
902 1253 241 78 Augustinus
1091 1253 138 78 vii.
1178 1253 103 78 de
1229 1253 224 78 trinitate
1402 1253 224 78 loquentem
1574 1253 103 78 de
1626 1253 224 78 nominibus
1781 1253 103 78 deum

427 1315 278 58 significantibus,
663 1315 153 58 excedit
774 1315 250 58 supereminentia
983 1315 208 58 diuinitatis
1149 1315 153 58 vsitati
1260 1315 153 58 eloquii
1371 1315 194 58 facultatem
1524 1315 153 58 (verius
1635 1315 111 58 enim
1705 1315 97 58 est
1760 1315 111 58 quam
1816 1315 69 58 co-

432 1369 163 56 gitatur:
555 1369 109 56 quod
623 1369 122 56 debet
704 1369 177 56 declarari
840 1369 163 56 loquendo
963 1369 82 56 de
1004 1369 190 56 cognitione
1153 1369 95 56 dei
1208 1369 68 56 a
1235 1369 163 56 creatura
1357 1369 245 56 intellectuali.
1561 1369 68 56 &
1588 1369 109 56 ideo
1656 1369 122 56 sicut
1738 1369 122 56 nulla
1806 1369 68 56 vox

432 1414 144 54 potest
533 1414 144 54 habere
634 1414 188 54 naturalem
778 1414 231 54 congruentiam
966 1414 202 54 perfectam:
1125 1414 87 54 vt
1168 1414 202 54 similitudo
1327 1414 130 54 vocis
1413 1414 72 54 &
1442 1414 101 54 rei
1500 1414 144 54 possit
1601 1414 116 54 esse
1673 1414 202 54 originalis
1818 1414 72 54 cau

422 1453 86 54 sa
465 1453 114 54 siue
536 1453 129 54 ratio
622 1453 229 54 significandi
808 1453 129 54 deum:
894 1453 86 54 vt
936 1453 157 54 habitum
1051 1453 100 54 est
1108 1453 143 54 supra:
1208 1453 100 54 sic
1265 1453 143 54 nullus
1365 1453 100 54 est
1422 1453 129 54 modus
1508 1453 229 54 significandi
1694 1453 129 54 eius,
1780 1453 100 54 qui
1823 1453 57 54 ei

422 1502 185 51 perfecte
560 1502 200 51 congruat)
714 1502 123 51 quia
791 1502 138 51 tamen
883 1502 123 51 deum
960 1502 154 51 quoquo
1068 1502 123 51 modo
1145 1502 215 51 concipimus
1314 1502 77 51 &
1345 1502 215 51 cogitamus,
1514 1502 77 51 &
1545 1502 200 51 similiter
1698 1502 92 51 ea
1745 1502 123 51 quae
1821 1502 92 51 in

419 1546 118 52 ipso
493 1546 133 52 sunt.
582 1546 148 52 Aliter
685 1546 118 52 enim
759 1546 104 52 eum
818 1546 192 52 nequaquam
966 1546 177 52 diligere
1099 1546 74 52 &
1129 1546 104 52 per
1188 1546 133 52 fidem
1277 1546 148 52 colere
1380 1546 192 52 possemus.
1528 1546 177 52 Secundum
1661 1546 222 52 Philosophum
1824 1546 59 52 au

426 1591 105 49 tem
486 1591 90 49 in
531 1591 135 49 libro
621 1591 120 49 peri
696 1591 150 49 herme.
802 1591 135 49 Voces
892 1591 120 49 sunt
967 1591 135 49 notae
1057 1591 255 49 intellectuum,
1267 1591 75 49 &
1297 1591 135 49 earum
1387 1591 195 49 passionum
1538 1591 120 49 quae
1613 1591 90 49 de
1658 1591 135 49 rebus
1748 1591 120 49 sunt
1823 1591 90 49 in

414 1629 151 56 anima,
520 1629 121 56 quae
595 1629 121 56 sunt
671 1629 211 56 conceptus:
837 1629 75 56 &
867 1629 136 56 verba
957 1629 181 56 mentalia
1093 1629 166 56 nullius
1214 1629 166 56 linguae
1335 1629 136 56 sunt:
1425 1629 75 56 &
1455 1629 136 56 notae
1546 1629 136 56 rerum
1637 1629 181 56 proximae
1772 1629 75 56 &
1787 1629 91 56 imme

417 1675 158 55 diatae:
531 1675 115 55 quae
603 1675 86 55 si
646 1675 86 55 de
689 1675 86 55 re
732 1675 86 55 in
775 1675 129 55 mente
861 1675 100 55 non
919 1675 158 55 essent,
1034 1675 129 55 notas
1120 1675 100 55 rei
1177 1675 158 55 vocales
1292 1675 86 55 ad
1335 1675 244 55 significandum
1536 1675 100 55 res
1593 1675 172 55 quaerere
1722 1675 100 55 non
1765 1675 115 55 posse-

432 1716 118 54 mus.
506 1716 162 54 Propter
624 1716 118 54 quod
697 1716 192 54 conceptus
845 1716 177 54 mentales
977 1716 133 54 medii
1066 1716 118 54 sunt
1139 1716 133 54 inter
1228 1716 133 54 verba
1316 1716 162 54 vocalia
1434 1716 74 54 &
1464 1716 103 54 res
1522 1716 236 54 significatas
1714 1716 103 54 per
1758 1716 118 54 ipsas.

429 1766 101 53 Non
486 1766 115 53 dico
558 1766 130 53 media
644 1766 86 53 in
688 1766 245 53 significando,
889 1766 130 53 quasi
975 1766 130 53 verba
1062 1766 158 53 vocalia
1177 1766 101 53 non
1234 1766 216 53 significent
1407 1766 101 53 res
1465 1766 115 53 nisi
1537 1766 173 53 mediante
1652 1766 230 53 significatione

425 1810 184 55 dictorum
563 1810 230 55 conceptuum,
747 1810 107 55 sic
808 1810 123 55 quod
885 1810 199 55 immediate
1038 1810 230 55 significent
1222 1810 153 55 dictos
1329 1810 215 55 conceptus:
1498 1810 123 55 quia
1574 1810 138 55 verba
1666 1810 169 55 vocalia
1774 1810 107 55 imme-

424 1858 129 48 diate
510 1858 115 48 sunt
581 1858 129 48 signa
667 1858 129 48 rerum
753 1858 143 48 quando
853 1858 215 48 proferuntur
1025 1858 86 48 ad
1068 1858 172 48 docendum
1197 1858 86 48 ea
1240 1858 115 48 quae
1311 1858 115 48 sunt
1383 1858 86 48 in
1426 1858 129 48 rebus
1512 1858 129 48 nobis
1598 1858 186 48 latentia,
1741 1858 129 48 sicut
1812 1858 72 48 im-

422 1899 174 52 mediate
549 1899 127 52 sunt
628 1899 143 52 signa
723 1899 222 52 conceptuum
898 1899 159 52 quando
1009 1899 238 52 proferuntur
1199 1899 95 52 ad
1247 1899 222 52 indicandum
1421 1899 222 52 conceptuum
1596 1899 206 52 loquentis
1738 1899 159 52 occulta.

425 1939 90 52 in
470 1939 150 52 quibus
575 1939 150 52 duobus
680 1939 195 52 consistit
831 1939 120 52 vsus
906 1939 195 52 verborum:
1056 1939 120 52 quia
1131 1939 195 52 solummodo
1281 1939 165 52 propter
1401 1939 165 52 alterum
1522 1939 165 52 illorum
1642 1939 240 52 requiruntur.
1822 1939 60 52 Et

423 1984 165 55 secundum
547 1984 110 55 quod
616 1984 124 55 dicit
698 1984 193 55 Augustinus
850 1984 83 55 in
891 1984 206 55 Dialectica.
1056 1984 83 55 c.
1097 1984 138 55 xiiii.
1193 1984 110 55 Vsum
1262 1984 151 55 appello
1372 1984 124 55 illum
1455 1984 151 55 propter
1565 1984 110 55 quem
1633 1984 124 55 verba
1702 1984 179 55 agnoscimus.

435 2030 121 55 Quis
511 2030 121 55 enim
586 2030 136 55 verba
677 2030 166 55 propter
798 2030 136 55 verba
889 2030 212 55 conquirit:
1055 2030 121 55 Quia
1131 2030 151 55 igitur
1237 2030 197 55 conceptus
1388 2030 212 55 necessario
1554 2030 121 55 sunt
1630 2030 136 55 medii
1721 2030 91 55 in
1751 2030 136 55 quaerem

426 2073 81 57 do
466 2073 121 57 verba
547 2073 148 57 vocalia
655 2073 121 57 inter
736 2073 94 57 res
790 2073 67 57 &
817 2073 121 57 verba
898 2073 121 57 illas
978 2073 243 57 significantia,
1181 2073 189 57 necessario
1329 2073 135 57 igitur
1423 2073 162 57 secundum
1545 2073 121 57 modum
1626 2073 189 57 conceptuum
1774 2073 135 57 forma-

427 2122 138 54 torum
519 2122 92 54 de
565 2122 138 54 rebus
657 2122 154 54 habent
765 2122 138 54 verba
857 2122 92 54 in
903 2122 108 54 sua
965 2122 246 54 institutione
1165 2122 184 54 formari:
1303 2122 92 54 vt
1349 2122 138 54 modus
1441 2122 184 54 verborum
1580 2122 215 54 respondeat
1749 2122 123 54 modo
1810 2122 77 54 con

431 2161 179 59 ceptuum.
565 2161 104 59 Qui
625 2161 119 59 enim
699 2161 208 59 perfectius
863 2161 74 59 &
893 2161 208 59 expressius
1056 2161 104 59 rem
1116 2161 194 59 concipit,
1265 2161 208 59 perfectius
1429 2161 74 59 &
1458 2161 208 59 expressius
1622 2161 104 59 eam
1682 2161 149 59 verbis
1771 2161 119 59 expri-

429 2205 115 58 mere
500 2205 157 58 potest.
615 2205 86 58 Si
658 2205 143 58 igitur
758 2205 143 58 diuina
858 2205 143 58 verbis
958 2205 186 58 vocalibus
1102 2205 115 58 sunt
1173 2205 215 58 exprimenda.
1345 2205 172 58 secundum
1474 2205 129 58 illum
1560 2205 129 58 modum
1646 2205 115 58 ergo
1717 2205 157 58 necesse
1817 2205 72 58 est

420 2248 110 63 illa
489 2248 151 63 exprimi
599 2248 165 63 secundum
722 2248 110 63 quem
791 2248 233 63 concipiuntur,
983 2248 96 63 ita
1038 2248 110 63 quod
1107 2248 82 63 si
1148 2248 110 63 quis
1216 2248 178 63 concipiat
1354 2248 110 63 illa
1422 2248 110 63 modo
1491 2248 110 63 illo
1560 2248 96 63 cui
1614 2248 124 63 solum
1697 2248 178 63 congruunt
1820 2248 69 63 abs

435 2301 153 49 tracta,
547 2301 112 49 tunc
616 2301 181 49 solummodo
756 2301 112 49 illa
826 2301 98 49 vel
881 2301 84 49 ab
923 2301 112 49 illo
993 2301 140 49 verbis
1091 2301 195 49 abstractis
1244 2301 112 49 sunt
1314 2301 237 49 significanda:
1509 2301 84 49 vt
1551 2301 126 49 forte
1635 2301 112 49 soli
1705 2301 98 49 deo
1760 2301 98 49 aut
1802 2301 84 49 deo&

426 2341 156 56 angelis
539 2341 71 56 &
568 2341 241 56 intellectibus
766 2341 156 56 beatis.
879 2341 85 56 Si
922 2341 113 56 vero
993 2341 156 56 aliquis
1106 2341 184 56 concipiat
1248 2341 113 56 illa
1319 2341 113 56 modo
1390 2341 113 56 illo
1461 2341 99 56 cui
1517 2341 128 56 solum
1602 2341 184 56 congruunt
1730 2341 156 56 concreta,

438 2386 188 53 solummodo
582 2386 116 53 illa
655 2386 101 53 vel
713 2386 87 53 ab
756 2386 116 53 illo
829 2386 145 53 verbis
930 2386 188 53 concretis
1075 2386 116 53 sunt
1148 2386 246 53 significanda:
1351 2386 87 53 vt
1394 2386 188 53 contingit
1539 2386 87 53 in
1583 2386 145 53 homine
1684 2386 174 53 viatore.
1800 2386 87 53 Quia

434 2428 108 54 enim
501 2428 81 54 vt
541 2428 162 54 superius
663 2428 189 54 declaratum
811 2428 108 54 est,
878 2428 94 54 pro
932 2428 121 54 statu
1013 2428 121 54 vitae
1094 2428 189 54 praesentis
1242 2428 175 54 diuinorum
1377 2428 162 54 notitiam
1498 2428 94 54 non
1552 2428 108 54 nisi
1619 2428 81 54 ex
1660 2428 175 54 creaturis
1781 2428 108 54 conci-

430 2477 127 52 pit:
509 2477 190 52 secundum
652 2477 142 52 modum
747 2477 127 52 ergo
826 2477 111 52 quo
889 2477 95 52 in
937 2477 206 52 creaturis
1095 2477 190 52 concipit
1237 2477 253 52 significanda
1443 2477 111 52 per
1506 2477 158 52 nomina
1617 2477 253 52 transferenda
1823 2477 95 52 ad

431 2519 151 63 diuina
536 2519 181 63 secundum
672 2519 135 63 illum
762 2519 135 63 modum
852 2519 166 63 oportet
973 2519 120 63 illa
1048 2519 105 63 per
1108 2519 135 63 vocem
1199 2519 181 63 exprimat
1334 2519 90 63 in
1379 2519 181 63 diuinis.
1515 2519 120 63 Quia
1590 2519 120 63 ergo
1665 2519 120 63 homo
1725 2519 151 63 concipit

429 2563 91 54 in
474 2563 196 54 creaturis
625 2563 151 54 diuina
731 2563 75 54 &
761 2563 121 54 modo
836 2563 196 54 abstracto
987 2563 75 54 &
1017 2563 121 54 modo
1093 2563 196 54 concreto:
1243 2563 121 54 puta
1319 2563 181 54 deitatem
1455 2563 75 54 &
1485 2563 136 54 deum,
1575 2563 196 54 iustitiam
1726 2563 75 54 &
1741 2563 136 54 iustum,

430 2608 75 53 &
460 2608 105 53 sic
520 2608 90 53 de
565 2608 195 53 caeteris:
716 2608 150 53 igitur
821 2608 75 53 &
851 2608 120 53 modo
926 2608 180 53 concreto
1061 2608 120 53 siue
1136 2608 90 53 in
1182 2608 241 53 concretione,
1377 2608 75 53 &
1407 2608 120 53 modo
1482 2608 195 53 abstracto
1632 2608 120 53 siue
1708 2608 90 53 in
1738 2608 135 53 abstra-

424 2647 154 72 ctione
531 2647 262 72 indifferenter
747 2647 123 72 sunt
824 2647 92 72 ab
870 2647 154 72 homine
978 2647 154 72 diuina
1086 2647 139 72 verbo
1178 2647 123 72 siue
1255 2647 154 72 nomine
1363 2647 154 72 vocali
1471 2647 231 72 exprimenda.
1656 2647 92 72 Et
1702 2647 108 72 sic
1764 2647 108 72 cum
1810 2647 77 72 ver
