2017 3140
146 232 107 76 quo
207 232 77 76 &
238 232 92 76 id
284 232 123 76 quod
360 232 107 76 est
421 232 77 76 &
452 232 92 76 id
498 232 107 76 quo
559 232 107 76 est
621 232 245 76 significatur
820 232 92 76 ea
866 232 92 76 vi
912 232 107 76 qua
973 232 184 76 concreta
1111 232 123 76 reri
1187 232 153 76 debet,
1295 232 214 76 diligenter
1448 232 153 76 attendat

147 301 122 52 quid
223 301 168 52 proprie
345 301 122 52 sibi
421 301 107 52 vel
482 301 122 52 quod
559 301 107 52 est
620 301 107 52 vel
681 301 107 52 quo
742 301 107 52 est
803 301 244 52 concretionis
1001 301 198 52 consortio
1154 301 168 52 exigat.
1276 301 122 52 Quod
1352 301 198 52 intelligo
1504 301 107 52 sic
1550 301 46 52 &

139 336 106 59 quo
199 336 91 59 ad
245 336 257 59 nominationem:
457 336 136 59 sicut
548 336 76 59 &
578 336 91 59 ad
623 336 272 59 speculationem.
850 336 91 59 de
896 336 106 59 qua
956 336 121 59 ipse
1032 336 182 59 intendit
1168 336 182 59 subdens.
1304 336 91 59 Et
1350 336 121 59 quid
1410 336 182 59 caeterarum

154 397 235 51 peculationum
346 397 132 51 locis
434 397 221 51 communicet.
610 397 88 51 In
654 397 162 51 diuinis
772 397 147 51 (dicit
875 397 235 51 Commentator)
1066 397 118 51 quae
1140 397 103 51 non
1199 397 88 51 in
1243 397 206 51 disciplina
1405 397 132 51 etiam
1493 397 88 51 re
1522 397 74 51 ips

146 431 84 51 sa
188 431 182 51 abstracta
328 431 112 51 sunt
398 431 279 51 intellectualiter
635 431 154 51 oportet
747 431 168 51 versari.
873 431 84 51 i.
914 431 84 51 ex
956 431 168 51 propriis
1082 431 210 51 theologorum
1250 431 196 51 rationibus
1403 431 112 51 illa
1459 431 140 51 concipe-

141 475 104 55 re:
201 475 74 55 &
230 475 104 55 non
290 475 89 55 ex
334 475 223 55 naturaliter
512 475 223 55 concretorum
690 475 267 55 proprietatibus
913 475 193 55 iudicare.
1062 475 89 55 Et
1106 475 104 55 ego
1165 475 119 55 dico
1240 475 134 55 iuxta
1329 475 104 55 hoc
1388 475 89 55 ad
1418 475 178 55 propositum

138 520 174 47 nostrum,
269 520 290 47 intellectualiter
516 520 160 47 oportet
632 520 218 47 conuersari.
806 520 87 47 i.
849 520 174 47 propriis
980 520 218 47 theologorum
1154 520 203 47 rationibus
1313 520 116 47 illa
1386 520 189 47 nominare:
1516 520 73 47 non

148 568 188 49 nominibus
292 568 231 49 concretorum,
480 568 173 49 scilicet
610 568 202 49 abstractis
769 568 101 49 non
826 568 202 49 concretis.
985 568 116 49 vnde
1058 568 188 49 sequitur.
1202 568 130 49 Neque
1289 568 159 49 oportet
1404 568 159 49 deduci.
1505 568 87 49 Con-

139 606 116 55 men.
211 606 116 55 Quae
283 606 116 55 vere
356 606 217 55 existentium
530 606 130 55 sunt.
617 606 87 55 Ad
660 606 188 55 imagines,
805 606 130 55 idest
892 606 87 55 ad
935 606 145 55 aliqua
1037 606 188 55 concreta:
1182 606 101 55 sed
1240 606 145 55 potius
1341 606 188 55 inspicere
1486 606 87 55 ex
1515 606 87 55 suis

138 654 208 49 rationibus
301 654 163 49 formam.
420 654 89 49 Et
464 654 104 49 ego
524 654 133 49 iuxta
613 654 104 49 hoc
672 654 133 49 dico,
761 654 89 49 ex
805 654 178 49 propriis
939 654 74 49 &
968 654 119 49 suis
1042 654 208 49 nominibus.
1206 654 193 49 Sequitur.
1354 654 119 49 Quae
1428 654 119 49 vere
1487 654 104 49 forma

141 697 101 50 non
198 697 130 50 imago
285 697 101 50 est
342 697 115 50 quae
414 697 115 50 esse
486 697 130 50 ipsum
573 697 115 50 est,
645 697 86 50 ex
688 697 101 50 qua
745 697 115 50 esse
817 697 115 50 est.
889 697 101 50 vbi
947 697 130 50 dicit
1033 697 230 50 Commentator.
1221 697 130 50 Multa
1307 697 115 50 sunt
1379 697 115 50 quae
1451 697 144 50 formae
1537 697 58 50 vo

146 739 164 53 cantur,
265 739 89 53 vt
310 739 134 53 supra
399 739 89 53 in
444 739 208 53 quaestione
607 739 193 53 penultima
756 739 238 53 praecedente.
949 739 104 53 Sic
1009 739 119 53 ergo
1083 739 119 53 quia
1158 739 134 53 modus
1247 739 238 53 significandi
1440 739 149 53 diuina
1530 739 74 53 pro

137 784 84 55 ut
179 784 140 55 habent
277 784 112 55 esse
347 784 84 55 in
389 784 154 55 seipsis
501 784 98 55 est
557 784 168 55 secundum
683 784 182 55 praedicta
823 784 224 55 principalior
1005 784 126 55 modus
1089 784 224 55 significandi
1271 784 126 55 illa:
1355 784 70 55 &
1383 784 98 55 sic
1425 784 168 55 significam

143 829 105 48 tur
203 829 120 48 modo
278 829 195 48 abstracto
429 829 256 48 congruentius:
639 829 120 48 Dico
714 829 150 48 igitur
819 829 120 48 quod
895 829 225 48 simpliciter
1075 829 241 48 congruentius
1270 829 75 48 &
1300 829 135 48 magis
1391 829 165 48 proprie
1496 829 90 48 nomi

144 872 83 61 na
186 872 138 61 diuina
283 872 208 61 significant
449 872 111 61 illa
518 872 83 61 in
560 872 222 61 abstractione
740 872 111 61 quam
809 872 83 61 in
850 872 222 61 concretione:
1030 872 125 61 prout
1113 872 166 61 procedit
1238 872 152 61 vltimum
1349 872 208 61 argumentum:
1515 872 111 61 quod

137 918 209 58 secundum
293 918 122 58 hoc
363 918 261 58 concedendum
554 918 104 58 est.

172 990 100 69 Ad
222 990 167 69 primum
339 990 100 69 in
389 990 234 69 oppositum,
573 990 134 69 quod
657 990 117 69 res
724 990 184 69 diuinae
858 990 100 69 in
908 990 100 69 se
958 990 134 69 sunt
1042 990 234 69 concretae:
1226 990 134 69 quia
1309 990 117 69 aut
1376 990 134 69 sunt
1443 990 134 69 subsi.

147 1054 129 56 stens
233 1054 100 56 aut
290 1054 86 56 in
333 1054 229 56 subsistente:
520 1054 72 56 &
548 1054 129 56 talia
634 1054 186 56 inquantum
778 1054 186 56 huiusmodi
921 1054 115 56 sunt
993 1054 186 56 concreta:
1136 1054 115 56 Dico
1208 1054 115 56 quod
1280 1054 143 56 falsum
1380 1054 100 56 est
1438 1054 115 56 nisi
1495 1054 86 56 ipsa

148 1099 115 48 sint
219 1099 201 48 composita:
377 1099 72 48 &
406 1099 86 48 ea
449 1099 115 48 quae
521 1099 115 48 sunt
593 1099 86 48 in
636 1099 129 48 illis
722 1099 158 48 habeant
836 1099 115 48 esse
908 1099 86 48 in
951 1099 100 48 eis
1009 1099 100 48 per
1066 1099 158 48 aliquam
1181 1099 258 48 compositionem.
1396 1099 144 48 Diuina
1497 1099 129 48 autem

137 1142 134 52 omnia
226 1142 119 52 siue
301 1142 119 52 sint
375 1142 194 52 supposita
524 1142 119 52 siue
599 1142 208 52 existentia
762 1142 89 52 in
807 1142 194 52 supposito
956 1142 164 52 propter
1075 1142 149 52 summam
1179 1142 253 52 simplicitatem
1388 1142 134 52 eorum
1462 1142 134 52 abstra-

144 1188 100 52 cta
201 1188 128 52 sunt.
286 1188 114 52 Vnde
358 1188 100 52 non
415 1188 100 52 est
472 1188 128 52 verum
557 1188 86 52 in
600 1188 157 52 diuinis
714 1188 114 52 quod
785 1188 200 52 subsistens
942 1188 100 52 aut
999 1188 171 52 existens
1128 1188 86 52 in
1170 1188 214 52 subsistente
1342 1188 185 52 inquantum
1470 1188 114 52 huius-

141 1235 126 48 modi,
225 1235 182 48 concretum
365 1235 112 48 sit:
435 1235 112 48 quia
505 1235 84 48 in
547 1235 154 48 diuinis
659 1235 140 48 habens
757 1235 98 48 est
813 1235 84 48 id
855 1235 112 48 quod
926 1235 168 48 habetur:
1052 1235 70 48 &
1080 1235 112 48 vnum
1150 1235 126 48 eorum
1234 1235 84 48 vt
1276 1235 154 48 habetur
1388 1235 84 48 in
1416 1235 168 48 subsisten-

133 1275 87 51 te
177 1275 175 51 secundum
308 1275 102 51 rem
366 1275 102 51 est
425 1275 146 51 aliud:
527 1275 117 51 puta
600 1275 204 51 substantia
760 1275 102 51 est
818 1275 160 51 relatio
935 1275 73 51 &
964 1275 204 51 econuerso,
1124 1275 87 51 vt
1168 1275 146 51 deitas
1270 1275 73 51 &
1299 1275 218 51 paternitas:
1473 1275 73 51 &
1488 1275 102 51 econ-

131 1324 148 49 uerso.
235 1324 163 49 Propter
354 1324 119 49 quod
428 1324 134 49 licet
517 1324 89 49 in
561 1324 163 49 talibus
680 1324 104 49 sit
739 1324 163 49 aliquid
858 1324 148 49 habens
962 1324 134 49 modum
1051 1324 252 49 subsistentis,
1259 1324 74 49 &
1288 1324 163 49 aliquid
1407 1324 134 49 modum
1481 1324 119 49 infor-

135 1366 152 51 mantis:
245 1366 124 51 nihil
328 1366 124 51 tamen
411 1366 83 51 in
452 1366 124 51 illis
535 1366 124 51 habet
618 1366 124 51 modum
700 1366 220 51 inhaerentis:
879 1366 124 51 neque
962 1366 276 51 substantialiter:
1196 1366 124 51 neque
1279 1366 262 51 accidentaliter:
1486 1366 110 51 qualem

144 1411 127 53 modum
228 1411 141 53 habent
327 1411 127 53 circa
411 1411 183 53 creaturas
552 1411 112 53 illa
622 1411 112 53 quae
692 1411 253 53 subsistentibus
903 1411 155 53 insunt.
1016 1411 155 53 Propter
1128 1411 112 53 quod
1198 1411 84 53 in
1241 1411 127 53 illis
1325 1411 127 53 solum
1409 1411 98 53 est
1465 1411 112 53 vera
1522 1411 70 53 con

141 1456 163 50 cretio.
289 1456 89 50 Ad
334 1456 193 50 secundum,
482 1456 119 50 quod
556 1456 104 50 res
616 1456 148 50 diuina
719 1456 119 50 quia
793 1456 133 50 habet
882 1456 133 50 modum
971 1456 163 50 essendi
1090 1456 252 50 perfectiorem,
1298 1456 133 50 debet
1386 1456 133 50 verbo
1475 1456 104 50 suo
1520 1456 74 50 si-

141 1493 181 65 gnificari
280 1493 111 65 modo
349 1493 222 65 significandi
530 1493 222 65 perfectiori:
710 1493 111 65 Dico
780 1493 111 65 quod
849 1493 125 65 verum
933 1493 111 65 est.
1002 1493 83 65 Et
1044 1493 97 65 cum
1099 1493 181 65 assumitur
1238 1493 111 65 quod
1307 1493 111 65 ille
1377 1493 97 65 est
1419 1493 181 65 significari

129 1550 187 42 concreto:
272 1550 115 42 Dico
344 1550 115 42 quod
416 1550 143 42 falsum
516 1550 100 42 est
573 1550 172 42 secundum
703 1550 201 42 praedicta.
860 1550 86 42 Et
903 1550 115 42 quod
975 1550 172 42 arguitur
1104 1550 115 42 quod
1176 1550 129 42 immo:
1262 1550 115 42 quia
1334 1550 129 42 modus
1420 1550 158 42 essendi
1520 1550 72 42 con

132 1592 125 51 crete
215 1592 97 51 cui
271 1592 180 51 respondet
409 1592 125 51 modus
492 1592 221 51 significandi
672 1592 180 51 concrete,
810 1592 97 51 est
866 1592 208 51 perfectior:
1032 1592 111 51 Dico
1101 1592 111 51 quod
1170 1592 125 51 verum
1253 1592 111 51 est,
1322 1592 111 51 quod
1391 1592 166 51 scilicet
1502 1592 97 51 modus

136 1632 235 48 significandi
328 1632 191 48 concrete,
475 1632 191 48 respondet
622 1632 103 48 per
681 1632 235 48 congruentiam
872 1632 74 48 &
901 1632 162 48 proprie
1019 1632 132 48 magis
1107 1632 118 48 modo
1181 1632 162 48 essendi
1299 1632 191 48 concrete,
1446 1632 118 48 quam
1519 1632 103 48 mo-

142 1677 86 53 dus
191 1677 197 53 significandi
351 1677 172 53 abstracte.
486 1677 86 53 Sed
535 1677 98 53 quod
596 1677 147 53 dicitur,
707 1677 98 53 quod
769 1677 147 53 scilicet
879 1677 111 53 modus
953 1677 135 53 essendi
1051 1677 147 53 concrete
1162 1677 86 53 sit
1211 1677 184 53 persectior:
1358 1677 98 53 Dico
1420 1677 98 53 quod
1481 1677 86 53 hoc
1518 1677 74 53 fal-

136 1714 95 59 sum
191 1714 109 59 est.
259 1714 82 59 Et
300 1714 109 59 quod
368 1714 82 59 ad
408 1714 95 59 hoc
463 1714 163 59 arguitur
585 1714 109 59 quod
653 1714 122 59 immo:
735 1714 109 59 quia
803 1714 95 59 est
857 1714 95 59 rei
911 1714 82 59 vt
952 1714 95 59 est
1007 1714 82 59 in
1047 1714 82 59 se
1088 1714 204 59 subsistens:
1251 1714 95 59 non
1306 1714 95 59 sic
1360 1714 122 59 modus
1442 1714 150 59 essendi
1537 1714 68 59 abs

141 1771 142 51 tracte:
244 1771 103 51 quia
309 1771 103 51 ille
373 1771 90 51 est
425 1771 90 51 rei
476 1771 77 51 vt
515 1771 155 51 existens
631 1771 90 51 est
683 1771 77 51 in
721 1771 116 51 alio:
799 1771 64 51 &
824 1771 155 51 nobilior
940 1771 90 51 est
992 1771 116 51 modus
1069 1771 142 51 essendi
1173 1771 90 51 rem
1224 1771 77 51 vt
1263 1771 90 51 est
1314 1771 77 51 in
1353 1771 77 51 se
1392 1771 103 51 quam
1456 1771 77 51 vt
1495 1771 90 51 est
1546 1771 77 51 in

131 1809 125 48 alio:
214 1809 111 48 Dico
284 1809 111 48 quod
353 1809 97 48 non
409 1809 125 48 solus
492 1809 125 48 modus
575 1809 153 48 essendi
686 1809 167 48 concrete
811 1809 97 48 est
867 1809 125 48 modus
950 1809 153 48 essendi
1061 1809 97 48 rei
1116 1809 83 48 vt
1158 1809 97 48 est
1213 1809 83 48 in
1255 1809 83 48 se
1297 1809 208 48 subsistens:
1463 1809 97 48 sed
1505 1809 97 48 etiam

129 1854 127 54 modus
213 1854 155 54 essendi
326 1854 197 54 abstracte:
481 1854 99 54 nec
538 1854 127 54 modus
622 1854 155 54 essendi
735 1854 169 54 concrete
862 1854 99 54 est
918 1854 141 54 solius
1017 1854 99 54 rei
1073 1854 85 54 vt
1116 1854 99 54 est
1172 1854 211 54 subsistens:
1341 1854 99 54 sed
1398 1854 127 54 etiam
1482 1854 99 54 est
1525 1854 70 54 rei

138 1900 86 52 vt
181 1900 100 52 est
238 1900 100 52 per
295 1900 229 52 inhaerentiam
482 1900 215 52 subsistenti
653 1900 201 52 insistens.
840 1900 86 52 Ad
883 1900 129 52 cuius
969 1900 215 52 intellectum
1141 1900 100 52 est
1198 1900 229 52 aduertendum,
1384 1900 115 52 quod
1441 1900 158 52 differunt

137 1942 135 49 modus
227 1942 165 49 essendi
347 1942 75 49 &
377 1942 135 49 modus
467 1942 255 49 significandi:
676 1942 120 49 quia
751 1942 135 49 modus
841 1942 240 49 significandi
1036 1942 105 49 est
1096 1942 90 49 ex
1141 1942 135 49 parte
1231 1942 165 49 nominis
1350 1942 270 49 significantis:

141 1985 59 49 &
165 1985 107 49 habet
236 1985 154 49 solummodo
355 1985 95 49 vnam
414 1985 178 49 diuisionem:
557 1985 95 49 quia
616 1985 107 49 omnis
688 1985 107 49 modus
759 1985 190 49 significandi
914 1985 131 49 nominis
1009 1985 83 49 aut
1056 1985 83 49 est
1104 1985 154 49 abstracte
1223 1985 83 49 per
1270 1985 107 49 talia
1341 1985 119 49 nomina
1425 1985 107 49 homo,
1496 1985 119 49 albus:

140 2029 87 54 aut
189 2029 150 54 concrete
302 2029 87 54 per
352 2029 112 54 talia
427 2029 125 54 nomina
514 2029 175 54 humanitas,
652 2029 137 54 albedo.
752 2029 112 54 Modus
827 2029 112 54 autem
902 2029 137 54 essendi
1002 2029 87 54 est
1052 2029 75 54 ex
1089 2029 112 54 parte
1164 2029 87 54 rei
1214 2029 212 54 significatae:
1389 2029 62 54 &
1414 2029 112 54 habet
1489 2029 100 54 duas
1539 2029 50 54 di

135 2075 172 58 uisiones:
267 2075 106 58 quia
334 2075 93 58 aut
387 2075 93 58 est
440 2075 172 58 abstracte
572 2075 66 58 &
599 2075 172 58 concrete:
731 2075 93 58 aut
784 2075 93 58 est
837 2075 212 58 subsistenter
1010 2075 66 58 &
1036 2075 212 58 insistenter:
1209 2075 66 58 &
1235 2075 93 58 hoc
1288 2075 106 58 siue
1354 2075 119 58 ipsum
1421 2075 172 58 insistenter

136 2119 153 59 sumatur
247 2119 97 59 per
303 2119 222 59 inhaerentiam
483 2119 111 59 siue
553 2119 139 59 absque
650 2119 222 59 inhaerentia.
831 2119 83 59 Et
872 2119 97 59 est
928 2119 125 59 modus
1011 2119 153 59 essendi
1123 2119 181 59 abstracte
1261 2119 153 59 duplex:
1373 2119 97 59 vel
1414 2119 167 59 abstractio

138 2165 84 54 ne
180 2165 111 54 rei,
250 2165 111 54 quae
319 2165 98 54 est
375 2165 125 54 solum
459 2165 84 54 in
500 2165 153 54 diuinis
612 2165 139 54 omnino
709 2165 223 54 simplicibus:
890 2165 111 54 siue
960 2165 111 54 ipsa
1030 2165 167 54 existant
1155 2165 223 54 subsistenter
1336 2165 70 54 &
1364 2165 84 54 in
1406 2165 84 54 se
1448 2165 84 54 vt
1476 2165 111 54 perso-

132 2214 103 51 nae:
197 2214 103 51 siue
261 2214 194 51 insistenter
416 2214 155 51 existant
533 2214 65 51 &
559 2214 129 51 absque
649 2214 207 51 inhaerentia,
817 2214 78 51 vt
856 2214 103 51 quae
921 2214 103 51 sunt
985 2214 78 51 in
1024 2214 168 51 personis:
1153 2214 90 51 vel
1205 2214 207 51 abstractione
1373 2214 168 51 rationis,
1502 2214 103 51 quae

140 2250 106 59 est
200 2250 136 59 solum
291 2250 91 59 in
336 2250 136 59 rebus
427 2250 166 59 creatis
548 2250 227 59 naturalibus
729 2250 76 59 &
759 2250 257 59 mathematicis.
971 2250 91 59 de
1016 2250 106 59 quo
1076 2250 136 59 nihil
1167 2250 91 59 ad
1212 2250 196 59 praesens.
1363 2250 136 59 Modus
1454 2250 136 59 autem
1530 2250 60 59 es

131 2297 131 56 sendi
219 2297 175 56 concrete
350 2297 102 56 est
408 2297 189 56 solummodo
553 2297 87 56 in
597 2297 189 56 creaturis
742 2297 204 56 compositis
902 2297 116 56 siue
975 2297 175 56 existant
1106 2297 233 56 subsistenter
1295 2297 73 56 &
1324 2297 102 56 per
1368 2297 218 56 compositionem

141 2339 86 51 ex
184 2339 144 51 aliis,
285 2339 115 51 siue
357 2339 173 51 existant
486 2339 216 51 insistenter
659 2339 72 51 &
688 2339 101 51 per
745 2339 230 51 inhaerentiam
933 2339 72 51 &
961 2339 245 51 compositionem
1163 2339 101 51 cum
1221 2339 144 51 aliis.
1321 2339 115 51 Dico
1393 2339 115 51 ergo
1465 2339 86 51 ad
1494 2339 101 51 assum

139 2389 118 55 ptum,
217 2389 105 55 quod
283 2389 79 55 si
322 2389 118 55 solus
401 2389 118 55 modus
479 2389 144 55 essendi
584 2389 157 55 concrete
702 2389 118 55 esset
780 2389 131 55 solius
872 2389 92 55 rei
924 2389 209 55 subsistentis
1095 2389 65 55 &
1121 2389 183 55 existentis
1265 2389 79 55 in
1304 2389 79 55 se
1343 2389 105 55 siue
1409 2389 79 55 vt
1448 2389 118 55 talis
1513 2389 79 55 est:

141 2436 70 51 &
169 2436 97 51 non
225 2436 125 51 esset
308 2436 97 51 res
364 2436 181 51 insistens
503 2436 97 51 per
559 2436 237 51 inhaerentiam:
754 2436 97 51 nec
809 2436 125 51 modus
893 2436 153 51 essendi
1004 2436 181 51 abstracte
1143 2436 125 51 esset
1227 2436 167 51 alicuius
1352 2436 97 51 rei
1394 2436 195 51 subsistentis

137 2478 70 54 &
165 2478 197 54 existentis
319 2478 84 54 in
362 2478 84 54 se
404 2478 112 54 siue
474 2478 84 54 vt
516 2478 98 54 est
572 2478 140 54 talis:
670 2478 98 54 sed
727 2478 126 54 esset
811 2478 140 54 solius
909 2478 98 54 rei
965 2478 211 54 insistentis
1134 2478 98 54 per
1190 2478 239 54 inhaerentiam:
1386 2478 112 54 tune
1457 2478 112 54 bene
1513 2478 70 54 ve-

129 2518 100 54 rum
186 2518 129 54 esset
272 2518 114 54 quod
343 2518 129 54 modus
429 2518 157 54 essendi
544 2518 172 54 concrete
672 2518 129 54 esset
758 2518 200 54 perfectior
916 2518 114 54 quam
987 2518 129 54 modus
1073 2518 157 54 essendi
1187 2518 200 54 abstracte.
1345 2518 100 54 Sed
1402 2518 100 54 non
1459 2518 100 54 est
1502 2518 86 54 ita,

136 2562 84 53 vt
178 2562 140 53 dictum
276 2562 112 53 est.
346 2562 84 53 Et
388 2562 112 53 quod
458 2562 168 53 arguitur
583 2562 112 53 quod
653 2562 126 53 immo,
737 2562 112 53 quia
807 2562 126 53 modus
891 2562 154 53 essendi
1003 2562 182 53 abstracte
1143 2562 98 53 non
1199 2562 98 53 est
1254 2562 98 53 rei
1310 2562 112 53 nisi
1380 2562 84 53 vt
1422 2562 98 53 est
1478 2562 84 53 in
1520 2562 98 53 in-

130 2608 214 54 tellectu:
294 2608 115 54 aut
360 2608 99 54 vt
409 2608 99 54 in
458 2608 246 54 subsistente
655 2608 99 54 vt
705 2608 230 54 denominans
885 2608 164 54 ipsum,
1000 2608 131 54 puta
1083 2608 214 54 humanitas
1247 2608 115 54 aut
1313 2608 181 54 albedo,
1428 2608 164 54 hominem:
