2017 3139
159 231 145 70 illam
255 231 113 70 cui
320 231 96 70 ad
368 231 273 70 significandum
593 231 113 70 eam
657 231 145 70 illud
754 231 209 70 imposuit:
915 231 96 70 vt
963 231 113 70 sic
1027 231 129 70 quia
1108 231 113 70 res
1172 231 129 70 quas
1252 231 209 70 ostendere
1413 231 193 70 possemus
1542 231 80 70 vel

162 292 191 61 indicando
310 292 133 61 illas
398 292 118 61 nutu
471 292 103 61 vel
530 292 133 61 signo
619 292 147 61 digiti
722 292 88 61 vt
766 292 191 61 parietem,
913 292 103 61 vel
972 292 162 61 seipsas
1090 292 88 61 vt
1134 292 88 61 si
1178 292 74 61 a
1208 292 88 61 te
1252 292 191 61 quaererem
1399 292 118 61 quid
1473 292 103 61 sit
1517 292 103 61 ambu-

152 334 134 46 lare:
242 334 209 46 surgensque
406 334 90 46 id
451 334 164 46 ageres:
570 334 105 46 non
630 334 149 46 semper
735 334 209 46 praesentes
899 334 179 46 habemus:
1033 334 194 46 nominibus
1183 334 120 46 siue
1257 334 149 46 verbis
1362 334 179 46 vteremur
1496 334 105 46 pro
1541 334 75 46 re-

152 378 123 52 bus,
228 378 138 52 prout
320 378 214 52 determinat
489 378 230 52 Philosophus
673 378 92 52 in
718 378 199 52 principio
872 378 138 52 libri
964 378 230 52 Elenchorum.
1147 378 123 52 Quae
1224 378 153 52 quidem
1331 378 153 52 nomina
1438 378 153 52 alteri
1530 378 77 52 cum

161 425 102 51 quo
220 425 190 51 loquendum
366 425 131 51 esset
453 425 131 51 signa
541 425 117 51 esse
614 425 102 51 non
672 425 161 51 possent
789 425 175 51 secundum
921 425 175 51 superius
1052 425 234 51 determinata,
1242 425 117 51 nisi
1315 425 117 51 ipse
1388 425 190 51 similiter
1519 425 88 51 pri-

152 467 96 60 us
200 467 112 60 rem
264 467 256 60 significatam
472 467 240 60 cognosceret
663 467 160 60 quoquo
775 467 144 60 modo:
871 467 80 60 &
903 467 128 60 nisi
983 467 144 60 esset
1079 467 144 60 prius
1175 467 96 60 ei
1223 467 208 60 indicatum
1382 467 160 60 quoquo
1494 467 144 60 modo:
1574 467 48 60 &

156 512 120 50 tale
231 512 135 50 nomen
321 512 135 50 talis
410 512 105 50 rei
470 512 150 50 signum
575 512 224 50 indicatiuum
754 512 150 50 esset:
859 512 75 50 &
889 512 105 50 sic
949 512 105 50 per
1009 512 254 50 consuetudinem
1218 512 135 50 quasi
1308 512 90 50 ex
1353 512 180 50 pactione
1487 512 135 50 inter
1562 512 60 50 se

146 557 152 48 omnium
252 557 106 48 qui
313 557 122 48 sunt
389 557 167 48 eiusdem
511 557 167 48 linguae
632 557 137 48 talis
724 557 106 48 vox
785 557 137 48 talem
876 557 106 48 rem
937 557 259 48 significaret.
1150 557 91 48 Et
1195 557 106 48 per
1256 557 106 48 hoc
1317 557 137 48 talis
1408 557 106 48 vox
1469 557 137 48 talem
1545 557 76 48 rem

147 603 158 52 proprie
262 603 216 52 significat:
434 603 72 52 &
463 603 115 52 illa
535 603 101 52 est
593 603 158 52 propria
708 603 115 52 eius
780 603 245 52 significatio:
981 603 115 52 quae
1053 603 86 52 si
1096 603 158 52 propter
1211 603 216 52 vocabulorum
1384 603 173 52 penuriam
1499 603 115 52 alteri

152 649 94 46 rei
205 649 215 46 consimiliter
380 649 161 46 cognitae
501 649 215 46 imponeretur:
676 649 67 46 &
702 649 94 46 sic
756 649 134 46 fieret
850 649 175 46 aequiuoca
985 649 94 46 (Eo
1038 649 107 46 enim
1105 649 107 46 quod
1173 649 134 46 plures
1267 649 107 46 sunt
1334 649 94 46 res
1388 649 107 46 quam
1455 649 134 46 nomina
1535 649 81 46 opor

150 694 113 50 tuit
221 694 142 50 eandem
320 694 127 50 vocem
405 694 127 50 plura
490 694 212 50 significare
659 694 85 50 vt
702 694 156 50 dicitur
815 694 85 50 in
858 694 184 50 principio
999 694 127 50 Elen.
1084 694 113 50 tunc
1155 694 113 50 illa
1226 694 99 50 vox
1282 694 127 50 plura
1367 694 227 50 significaret
1537 694 71 50 ae-

135 732 111 61 que
199 732 190 61 proprie,
341 732 79 61 &
373 732 143 61 esset
468 732 206 61 aequiuoca
626 732 127 61 casu
705 732 190 61 secundum
848 732 317 61 praedeterminata.
1117 732 95 61 Ex
1165 732 111 61 hoc
1228 732 127 61 ergo
1307 732 174 61 dicitur
1434 732 143 61 nomen
1513 732 95 61 pro-

146 782 107 51 prie
213 782 94 51 rem
266 782 214 51 significare,
440 782 107 51 quod
507 782 107 51 ipsi
574 782 80 51 vt
614 782 161 51 cognitae
734 782 80 51 in
774 782 134 51 seipsa
868 782 227 51 principaliter
1055 782 187 51 imponatur:
1202 782 67 51 &
1229 782 94 51 per
1283 782 214 51 impositionem
1456 782 134 51 signum
1537 782 80 51 reme

153 825 193 50 moratiuum
302 825 163 50 existat
420 825 89 50 ei
465 825 104 50 qui
524 825 134 50 talem
613 825 104 50 rem
673 825 134 50 prius
762 825 89 50 in
806 825 148 50 seipsa
910 825 208 50 cognoscit:
1074 825 74 50 &
1103 825 104 50 cum
1163 825 104 50 hoc
1222 825 134 50 etiam
1311 825 119 50 quod
1385 825 119 50 tale
1460 825 134 50 nomen
1549 825 89 50 ad

150 865 254 58 significandum
359 865 105 58 eam
419 865 194 58 impositum
568 865 134 58 fuit.
658 865 90 58 Et
703 865 164 58 econtra
822 865 134 58 nomen
912 865 164 58 dicitur
1031 865 164 58 aliquam
1151 865 105 58 rem
1211 865 179 58 signitur
1345 865 120 58 care
1420 865 194 58 improprie
1554 865 60 58 eo

151 914 110 56 quod
220 914 110 56 ipsi
289 914 97 56 non
344 914 179 56 imponitur
482 914 235 56 principaliter
676 914 124 56 prius
758 914 166 56 cognitae
883 914 83 56 in
924 914 152 56 seipsa:
1034 914 97 56 sed
1090 914 97 56 per
1145 914 235 56 similitudinem
1338 914 97 56 rei
1393 914 166 56 alterius
1517 914 97 56 aut
1559 914 55 56 vi

138 962 202 52 cinitatem
293 962 171 52 aliquam
417 962 93 52 ad
463 962 140 52 illam
556 962 109 52 rem
618 962 140 52 nomen
711 962 93 52 ab
758 962 124 52 illa
835 962 233 52 transfertur
1021 962 93 52 ad
1068 962 140 52 illam
1161 962 217 52 indicandam
1331 962 93 52 vt
1378 962 217 52 incognitam
1548 962 93 52 in

145 998 151 57 seipsa:
255 998 69 57 &
283 998 179 57 solummodo
420 998 165 57 cognitam
544 998 83 57 in
585 998 110 57 alia
654 998 83 57 ex
695 998 220 57 similitudine
874 998 96 57 aut
929 998 193 57 vicinitate
1081 998 83 57 ad
1122 998 138 57 illam.
1218 998 69 57 &
1246 998 96 57 per
1301 998 96 57 hoc
1356 998 124 57 solum
1438 998 138 57 signum
1521 998 96 57 reme-

150 1043 188 54 moratiuum
294 1043 144 54 illius
395 1043 101 54 rei
453 1043 159 54 existit
568 1043 87 54 ei
612 1043 101 54 qui
669 1043 130 54 talem
756 1043 101 54 rem
814 1043 101 54 hoc
872 1043 116 54 modo
944 1043 87 54 in
987 1043 116 54 alio
1059 1043 144 54 nouit:
1160 1043 72 54 &
1189 1043 101 54 non
1247 1043 87 54 in
1290 1043 159 54 seipsa.
1406 1043 116 54 Quia
1478 1043 87 54 si
1507 1043 101 54 forte

143 1095 133 47 nouit
232 1095 104 47 eam
291 1095 89 47 in
335 1095 163 47 seipsa:
454 1095 104 47 hoc
513 1095 163 47 accidit
631 1095 118 47 tali
705 1095 266 47 significationi
927 1095 104 47 per
986 1095 266 47 translationem.
1208 1095 133 47 verbi
1297 1095 163 47 gratia,
1415 1095 148 47 quidam
1504 1095 104 47 actus

143 1131 181 52 hominis
274 1131 197 52 proprius
422 1131 82 52 &
455 1131 197 52 cognitus
602 1131 181 52 proprie
734 1131 263 52 significatur
947 1131 197 52 secundum
1095 1131 164 52 dictum
1210 1131 148 52 modum
1308 1131 115 52 per
1374 1131 115 52 hoc
1440 1131 148 52 nomen
1522 1131 82 52 ri-

136 1176 151 51 dere:
237 1176 134 51 quod
321 1176 201 51 secundum
471 1176 168 51 dictum
589 1176 151 51 modum
689 1176 151 51 etiam
790 1176 117 51 est
857 1176 285 51 rememoratiuum
1091 1176 184 51 illius.
1226 1176 134 51 Aquo
1309 1176 151 51 tamen
1410 1176 117 51 per
1460 1176 151 51 simili-

143 1226 180 54 tudinem
274 1226 115 54 aut
339 1226 246 54 vicinitatem
536 1226 147 54 nomen
634 1226 147 54 illud
732 1226 164 54 ridere
847 1226 246 54 transfertur
1044 1226 98 54 ad
1093 1226 229 54 indicandum
1273 1226 147 54 actum
1371 1226 197 54 proprium
1502 1226 115 54 prati

139 1269 112 53 cum
203 1269 176 53 abundat
331 1269 208 53 fioribus,
490 1269 96 53 vt
538 1269 224 53 incognitum
714 1269 96 53 in
762 1269 176 53 seipso:
889 1269 112 53 sed
953 1269 144 53 solum
1049 1269 192 53 cognitum
1193 1269 112 53 per
1257 1269 271 53 similitudinem
1480 1269 112 53 aut
1528 1269 80 53 vi-

148 1311 206 51 cinitatem
307 1311 95 51 in
354 1311 127 51 illo
433 1311 127 51 actu
512 1311 111 51 qui
576 1311 111 51 est
639 1311 190 51 proprius
782 1311 190 51 hominis.
924 1311 95 51 Et
972 1311 111 51 hoc
1035 1311 127 51 modo
1114 1311 111 51 cum
1177 1311 238 51 transfertur
1367 1311 95 51 ad
1399 1311 206 51 commemoran-

151 1356 107 51 dum
212 1356 138 51 illum
304 1356 138 51 actum
396 1356 138 51 prati
488 1356 107 51 sic
550 1356 77 51 &
580 1356 107 51 non
642 1356 153 51 aliter
749 1356 199 51 cognitum:
902 1356 123 51 tunc
979 1356 138 51 illud
1071 1356 138 51 nomen
1163 1356 153 51 ridere
1271 1356 199 51 improprie
1424 1356 169 51 dicitur
1531 1356 77 51 si-

145 1401 209 53 gnificare
306 1401 145 53 actum
402 1401 145 53 prati
499 1401 113 53 aut
563 1401 129 53 esse
643 1401 161 53 signum
756 1401 273 53 rememoratiuum
981 1401 177 53 illius:
1110 1401 80 53 &
1142 1401 113 53 hoc
1206 1401 129 53 quia
1286 1401 209 53 indicando
1447 1401 80 53 &
1463 1401 145 53 rememo-

146 1443 147 48 rando
243 1443 147 48 solum
341 1443 212 48 insfinuat
504 1443 114 48 aut
569 1443 244 48 rememoratur
764 1443 147 48 actum
862 1443 179 48 similem
992 1443 114 48 aut
1057 1443 179 48 vicinum
1188 1443 147 48 actui
1285 1443 179 48 hominis
1416 1443 163 48 inesse
1513 1443 98 48 pra-

151 1487 110 46 to:
214 1487 157 46 nullam
324 1487 141 46 autem
417 1487 188 46 propriam
558 1487 188 46 notitiam
699 1487 94 46 de
746 1487 188 46 veritate
887 1487 157 46 illius
997 1487 235 46 rememorando
1184 1487 110 46 per
1247 1487 172 46 auditum
1372 1487 94 46 ad
1419 1487 157 46 mentem
1513 1487 94 46 per-

156 1528 139 56 ducit.
254 1528 84 56 Et
295 1528 84 56 si
337 1528 181 56 perducit,
476 1528 97 56 hoc
532 1528 153 56 accidit
643 1528 111 56 quia
713 1528 167 56 scilicet
838 1528 125 56 illum
922 1528 125 56 actum
1005 1528 209 56 floritionis
1172 1528 125 56 prati
1256 1528 84 56 in
1298 1528 139 56 seipso
1395 1528 125 56 prius
1479 1528 139 56 nouit:
1562 1528 56 56 pu

143 1577 97 50 ta
191 1577 177 50 videndo
320 1577 161 50 pratum
433 1577 193 50 abundare
578 1577 209 50 fioribus:
739 1577 97 50 ex
787 1577 113 50 qua
851 1577 177 50 notitia
980 1577 161 50 potuit
1093 1577 129 50 illi
1173 1577 145 50 primo
1270 1577 145 50 nomen
1367 1577 145 50 illud
1447 1577 161 50 imponere

149 1621 124 55 quod
226 1621 108 55 est
288 1621 186 55 florere:
427 1621 124 55 quod
504 1621 170 55 idcirco
628 1621 139 55 illum
721 1621 139 55 actum
813 1621 139 55 prati
906 1621 170 55 proprie
1030 1621 232 55 significat:
1215 1621 77 55 &
1246 1621 108 55 est
1308 1621 155 55 signum
1401 1621 201 55 rememorati-

140 1665 112 44 uum
204 1665 128 44 eius
284 1665 128 44 quem
363 1665 207 44 improprie
523 1665 223 44 significat
699 1665 144 44 illud
794 1665 144 44 nomen
890 1665 176 44 ridere:
1018 1665 80 44 &
1050 1665 207 44 improprie
1209 1665 112 44 est
1273 1665 160 44 signum
1369 1665 239 44 rememoratiuum

142 1710 128 52 eius
222 1710 193 52 secundum
367 1710 160 52 dictum
479 1710 160 52 modum.
591 1710 96 52 Et
639 1710 112 52 est
703 1710 128 52 iste
784 1710 144 52 modus
880 1710 209 52 improprie
1040 1710 257 52 significandi
1249 1710 160 52 diuina
1361 1710 96 52 in
1409 1710 176 52 omnibus
1522 1710 96 52 nomi

140 1753 136 46 nibus
230 1753 211 46 translatis
397 1753 75 46 a
427 1753 196 46 creaturis
578 1753 91 46 ad
623 1753 136 46 deum:
713 1753 136 46 licet
804 1753 181 46 secundum
940 1753 121 46 plus
1015 1753 75 46 &
1046 1753 151 46 minus,
1151 1753 91 46 vt
1196 1753 151 46 dictum
1302 1753 106 46 est
1363 1753 151 46 supra.
1468 1753 91 46 Et
1498 1753 106 46 habet

149 1795 113 56 ista
219 1795 184 56 impropria
361 1795 226 56 significatio
544 1795 99 56 duo
601 1795 85 56 in
643 1795 99 56 se.
699 1795 141 56 Quorum
798 1795 141 56 primum
897 1795 99 56 est
954 1795 113 56 quod
1024 1795 127 56 nomen
1109 1795 212 56 transfertur
1278 1795 85 56 ab
1321 1795 113 56 illo
1391 1795 113 56 quod
1462 1795 155 56 proprie
1561 1795 56 56 si

146 1843 170 52 gnificat
274 1843 85 52 ad
316 1843 128 52 illud
402 1843 114 52 quod
473 1843 185 52 improprie
615 1843 213 52 significat.
785 1843 170 52 Secundum
913 1843 114 52 vero
984 1843 99 52 est
1041 1843 114 52 quod
1112 1843 128 52 nomen
1197 1843 114 52 quod
1268 1843 99 52 per
1325 1843 256 52 rememorationem
1524 1843 85 52 pri-

140 1892 90 47 mo
185 1892 180 47 perducit
320 1892 195 47 audientem
470 1892 90 47 ad
515 1892 240 47 concipiendum
710 1892 180 47 notitiam
845 1892 150 47 claram
951 1892 105 47 rei
1011 1892 120 47 quam
1086 1892 165 47 proprie
1206 1892 225 47 significat:
1386 1892 135 47 etiam
1476 1892 165 47 secundo

143 1929 163 51 perducit
266 1929 95 51 per
320 1929 245 51 rememorationem
524 1929 177 51 audientem
660 1929 95 51 non
715 1929 82 51 ad
756 1929 218 51 percipiendum
933 1929 136 51 claram
1028 1929 163 51 notitiam
1150 1929 95 51 rei
1205 1929 82 51 in
1246 1929 136 51 seipsa
1341 1929 109 51 quam
1409 1929 150 51 proprie
1504 1929 109 51 signi-

142 1974 118 50 ficat:
225 1974 83 50 sed
272 1974 153 50 solummodo
390 1974 71 50 ad
425 1974 189 50 percipiendum
579 1974 142 50 notitiam
685 1974 94 50 eius
744 1974 153 50 obscuram:
862 1974 59 50 &
885 1974 83 50 hoc
933 1974 83 50 per
980 1974 201 50 similitudinem
1145 1974 83 50 aut
1192 1974 177 50 vicinitatem
1334 1974 118 50 ipsius
1416 1974 71 50 ad
1452 1974 83 50 rem
1499 1974 94 50 quam
1546 1974 59 50 pro

139 2017 104 56 prie
204 2017 182 56 significat
347 2017 78 56 id
386 2017 78 56 ad
425 2017 117 56 cuius
503 2017 156 56 notitiam
620 2017 130 56 claram
711 2017 78 56 in
750 2017 130 56 seipsa
841 2017 195 56 rememorando
997 2017 169 56 perducit.
1127 2017 65 56 &
1153 2017 91 56 hoc
1205 2017 104 56 quia
1270 2017 91 56 hoc
1322 2017 117 56 nomen
1400 2017 104 56 quod
1465 2017 117 56 prius
1530 2017 91 56 signi

146 2064 143 51 ficabat
250 2064 104 51 vnum
315 2064 156 51 proprie:
431 2064 104 51 quia
496 2064 91 51 est
548 2064 156 51 scilicet
665 2064 78 51 vt
704 2064 130 51 signum
794 2064 104 51 quod
859 2064 117 51 primo
937 2064 78 51 ad
976 2064 91 51 rei
1028 2064 130 51 claram
1118 2064 156 51 notitiam
1235 2064 91 51 per
1287 2064 143 51 seipsam
1391 2064 65 51 &
1417 2064 78 51 in
1455 2064 130 51 seipsa
1533 2064 78 51 reme

139 2105 152 50 morando
250 2105 180 50 perducit:
388 2105 180 50 postmodum
527 2105 194 50 significat
679 2105 125 50 illud
762 2105 194 50 improprie:
915 2105 125 50 quia.
998 2105 166 50 scilicet
1122 2105 83 50 vt
1164 2105 138 50 signum
1261 2105 111 50 quid
1330 2105 152 50 secundo
1441 2105 83 50 ad
1469 2105 138 50 obscuram

152 2150 164 55 notitiam
276 2150 137 55 illius
371 2150 96 55 per
426 2150 123 55 aliud
508 2150 68 55 &
536 2150 82 55 in
577 2150 110 55 alio
645 2150 205 55 rememorando
810 2150 178 55 perducit.
947 2150 82 55 Et
988 2150 96 55 est
1042 2150 219 55 determinatio
1221 2150 123 55 horum
1303 2150 151 55 nominum
1412 2150 82 55 in
1440 2150 164 55 significam

149 2194 75 47 do
186 2194 100 47 modo
248 2194 75 47 ad
286 2194 100 47 illa
348 2194 100 47 quae
410 2194 187 47 significant
560 2194 149 47 proprie,
672 2194 100 47 modo
734 2194 75 47 ad
771 2194 100 47 illa
834 2194 100 47 quae
896 2194 187 47 significant
1045 2194 174 47 improprie,
1182 2194 87 47 per
1232 2194 149 47 subiecta
1344 2194 75 47 de
1382 2194 125 47 quibus
1469 2194 112 47 talia
1544 2194 87 47 no-

142 2234 95 56 mina
202 2234 202 56 praedicantur,
368 2234 143 56 secundum
475 2234 95 56 quod
535 2234 107 56 dicit
606 2234 143 56 Boethius
713 2234 71 56 de
749 2234 178 56 triniitate.
891 2234 83 56 ca.
939 2234 71 56 v.
975 2234 59 56 &
998 2234 95 56 eius
1058 2234 131 56 commen.
1153 2234 107 56 Decem
1224 2234 202 56 praedicamenta
1391 2234 95 56 quae
1450 2234 71 56 de
1486 2234 107 56 rebus
1546 2234 71 56 omni

147 2284 98 51 bus
203 2284 98 51 &c.
259 2284 84 51 vt
301 2284 126 51 supra
385 2284 84 51 in
427 2284 140 51 tertia
525 2284 196 51 quaestione
679 2284 210 51 praecedente
847 2284 126 51 huius
932 2284 182 51 articuli.
1100 2284 140 51 Primum
1198 2284 126 51 autem
1282 2284 154 51 istorum
1394 2284 140 51 duorum
1492 2284 98 51 non
1534 2284 84 51 habe

139 2326 101 47 tur
196 2326 87 47 in
240 2326 260 47 significatione
457 2326 130 47 huius
543 2326 159 47 nominis
659 2326 130 47 deus:
746 2326 116 47 quia
818 2326 101 47 est
876 2326 130 47 nomen
963 2326 173 47 supremae
1093 2326 188 47 maiestati
1237 2326 130 47 primo
1324 2326 72 47 &
1353 2326 246 47 principaliter
1541 2326 72 47 in-

142 2367 159 59 positum,
261 2367 93 59 non
314 2367 80 59 ab
354 2367 106 59 alio
421 2367 199 59 translatum.
580 2367 93 59 Nec
633 2367 120 59 etiam
713 2367 173 59 secundum:
846 2367 66 59 &
872 2367 93 59 hoc
925 2367 146 59 propter
1032 2367 106 59 idem
1098 2367 93 59 quo
1151 2367 80 59 ad
1191 2367 93 59 hoc
1244 2367 106 59 quod
1311 2367 93 59 non
1364 2367 120 59 primo
1443 2367 159 59 perducit
1563 2367 80 59 ad

141 2415 258 55 rememorationem
356 2415 186 55 audientem
499 2415 86 55 ad
542 2415 229 55 percipiendum
728 2415 143 55 claram
828 2415 172 55 notitiam
957 2415 172 55 alicuius
1086 2415 100 55 rei
1143 2415 115 55 quam
1215 2415 158 55 proprie
1330 2415 215 55 significat:
1501 2415 72 55 &
1516 2415 100 55 secun

141 2458 82 56 do
182 2458 82 56 ad
223 2458 219 56 percipiendum
402 2458 96 56 per
456 2458 247 56 rememorationem
662 2458 164 56 obscuram
785 2458 164 56 notitiam
908 2458 110 56 eius
977 2458 110 56 quod
1045 2458 178 56 improprie
1182 2458 205 56 significat:
1347 2458 110 56 quia
1415 2458 123 56 nulli
1497 2458 110 56 alii
1552 2458 55 56 in

141 2502 139 58 positum
242 2502 88 58 est
293 2502 76 58 ad
331 2502 114 58 ipsum
406 2502 114 58 primo
482 2502 214 58 significandum
659 2502 63 58 &
684 2502 151 58 proprie.
797 2502 88 58 Sed
848 2502 114 58 illud
924 2502 151 58 secundum
1037 2502 139 58 habetur
1138 2502 76 58 in
1176 2502 227 58 significatione
1365 2502 114 58 huius
1441 2502 139 58 nominis
1529 2502 76 58 deus

138 2544 97 57 quo
194 2544 83 57 ad
235 2544 97 57 hoc
291 2544 111 57 quod
360 2544 167 57 perducit
485 2544 83 57 ad
527 2544 264 57 commemorationem
749 2544 181 57 audientem
888 2544 83 57 ad
930 2544 222 57 percipiendum
1110 2544 167 57 obscuram
1235 2544 167 57 notitiam
1360 2544 139 57 summae
1443 2544 167 57 maiestatis

136 2588 78 55 &
168 2588 109 55 hoc
230 2588 109 55 per
293 2588 266 55 similitudinem
511 2588 109 55 aut
574 2588 234 55 vicinitatem
761 2588 156 55 ipsius
871 2588 94 55 ad
918 2588 125 55 res,
996 2588 109 55 non
1058 2588 125 55 quas
1137 2588 219 55 significat
1308 2588 125 55 vllo
1387 2588 141 55 modo,
1465 2588 156 55 scilicet

135 2635 137 66 primo
226 2635 106 66 aut
287 2635 167 66 secundo
408 2635 167 66 proprie
529 2635 106 66 aut
590 2635 212 66 improprie:
757 2635 106 66 aut
818 2635 91 66 ad
863 2635 152 66 quorum
969 2635 182 66 notitiam
1106 2635 152 66 aliquo
1212 2635 121 66 modo
1288 2635 197 66 perducit:
1440 2635 106 66 sed
1501 2635 152 66 quorum
