2017 3264
695 283 118 77 Irca
769 283 163 77 Quintum
887 283 177 77 arguitur
1021 283 118 77 quod
1095 283 118 77 deus
1168 283 104 77 non
1228 283 118 77 vult
1302 283 163 77 seipsum
1420 283 89 77 de
1464 283 237 77 necessitate,
1657 283 133 77 Primo
1745 283 118 77 sic.
1819 283 118 77 quid

715 347 67 58 d
741 347 161 58 convenit
862 347 107 58 deo,
929 347 161 58 digniori
1050 347 67 58 &
1076 347 174 58 nobiliori
1210 347 107 58 modo
1277 347 80 58 ei
1318 347 161 58 convenit
1438 347 94 58 quo
1492 347 134 58 potest
1586 347 147 58 cuiquam
1693 347 94 58 rei
1733 347 161 58 convenire.

707 395 118 55 velle
786 395 118 55 autem
864 395 92 55 non
917 395 79 55 de
956 395 210 55 necessitate,
1127 395 92 55 est
1179 395 157 55 nobilius
1297 395 171 55 voluntati
1429 395 105 55 quam
1494 395 118 55 velle
1573 395 79 55 de
1612 395 210 55 necessitate:
1783 395 105 55 quia
1835 395 66 55 cum

723 436 95 50 ult
778 436 95 50 non
832 436 82 50 de
873 436 218 50 necessitate,
1050 436 122 50 habet
1131 436 82 50 in
1172 436 95 50 sua
1227 436 177 50 potestate
1363 436 122 50 velle
1444 436 109 50 quid
1512 436 95 50 non
1567 436 163 50 haberet.
1689 436 109 50 ergo
1757 436 95 50 &c.
1811 436 68 50 â‹
1825 436 68 50 Se-

699 485 126 56 cundo
783 485 112 56 sic.
853 485 84 56 si
895 485 112 56 deus
965 485 154 56 seipsum
1077 485 84 56 de
1119 485 210 56 necessitate
1287 485 140 56 velit,
1385 485 98 56 cum
1441 485 224 56 necessitatem
1623 485 126 56 illam
1707 485 140 56 nullus
1791 485 98 56 alius

703 529 104 61 seu
762 529 133 61 nihil
851 529 133 61 aliud
940 529 74 61 a
969 529 89 61 se
1014 529 118 61 sibi
1088 529 148 61 possit
1191 529 192 61 imponere:
1339 529 89 61 ex
1383 529 148 61 seipso
1487 529 118 61 ergo
1561 529 133 61 illam
1650 529 148 61 habet.
1753 529 133 61 Quare
1827 529 74 61 cum

690 573 90 53 non
741 573 90 53 sit
793 573 179 53 principium
934 573 115 53 agens
1011 573 90 53 per
1062 573 77 53 se
1100 573 103 53 nisi
1164 573 90 53 aut
1216 573 128 53 natura
1305 573 90 53 aut
1357 573 167 53 voluntas,
1485 573 154 53 secundum
1600 573 205 53 Philosophum.
1767 573 103 53 vii.
1818 573 77 53 meta

417 633 137 54 physi.
513 633 69 54 &
541 633 206 54 Augustinum.
706 633 82 54 v.
747 633 82 54 de
788 633 124 54 ciui.
871 633 110 54 dei,
939 633 96 54 aut
994 633 110 54 ergo
1063 633 124 54 illam
1145 633 220 54 necessitatem
1324 633 124 54 habet
1406 633 151 54 ratione
1516 633 206 54 voluntatis,
1681 633 96 54 aut
1736 633 151 54 ratione
1832 633 69 54 na-

429 665 145 57 turae.
530 665 101 57 Non
588 665 159 57 ratione
703 665 217 57 voluntatis:
877 665 116 57 quia
949 665 101 57 hoc
1007 665 188 57 derogaret
1152 665 188 57 libertati
1296 665 130 57 eius,
1383 665 159 57 dicente
1499 665 203 57 Augustinus
1658 665 174 57 secundum
1774 665 130 57 senten-

432 712 110 60 tiam
501 712 192 60 Stoicorum.
651 712 82 60 v.
693 712 82 60 de
734 712 123 60 ciui.
816 712 110 60 dei.
884 712 151 60 Capite.
994 712 96 60 xi.
1049 712 137 60 Stoici
1145 712 219 60 laborauerunt
1323 712 96 60 ita
1377 712 137 60 causas
1473 712 219 60 distinguere,
1651 712 82 60 vt
1693 712 151 60 quasdam
1788 712 110 60 subtra

424 753 137 57 herent
520 753 220 57 necessitati,
699 753 151 57 quasdam
809 753 192 57 subderent:
960 753 124 57 atque
1042 753 82 57 in
1084 753 96 57 iis
1139 753 110 57 quas
1207 753 110 57 esse
1276 753 96 57 sub
1331 753 206 57 necessitate
1496 753 192 57 voluerunt:
1647 753 179 57 poluerunt
1784 753 124 57 etiam
1853 753 55 57 no

430 797 122 61 stras
512 797 203 61 voluntates,
674 797 81 61 ne
715 797 176 61 videlicet
850 797 95 61 non
905 797 135 61 essent
999 797 149 61 liberae
1108 797 81 61 si
1148 797 203 61 subderentur
1311 797 217 61 necessitati.
1487 797 68 61 &
1514 797 81 61 si
1555 797 81 61 de
1595 797 176 61 voluntate
1731 797 149 61 nostra,
1826 797 81 61 mul-

422 843 79 59 to
461 843 145 59 fortius
567 843 105 59 ergo
633 843 79 59 de
672 843 171 59 voluntate
804 843 105 59 dei:
870 843 105 59 quia
936 843 105 59 illa
1002 843 119 59 magis
1081 843 132 59 libera
1173 843 92 59 est
1226 843 105 59 quam
1292 843 145 59 nostra,
1397 843 79 59 vt
1437 843 92 59 iam
1489 843 132 59 dictum
1582 843 92 59 est
1634 843 132 59 supra.
1727 843 79 59 si
1766 843 105 59 ergo
1819 843 79 59 deus

431 897 139 52 seipsum
532 897 114 52 velit
608 897 76 52 de
646 897 202 52 necessitate,
810 897 88 52 hoc
860 897 88 52 est
911 897 139 52 ratione
1012 897 101 52 suae
1075 897 151 52 naturae.
1188 897 101 52 idem
1251 897 101 52 ergo
1314 897 76 52 re
1352 897 88 52 est
1403 897 101 52 deum
1466 897 114 52 velle
1541 897 139 52 seipsum
1642 897 151 52 absolute
1756 897 76 52 ex
1781 897 126 52 necessi-

419 937 117 60 tate,
497 937 104 60 quod
562 937 91 60 est
614 937 117 60 velle
692 937 78 60 ex
731 937 195 60 necessitate
886 937 143 60 naturae
990 937 208 60 simpliciter.
1159 937 182 60 consequens
1302 937 130 60 falsum
1393 937 104 60 est:
1458 937 104 60 quia
1523 937 104 60 sunt
1587 937 156 60 diuersae
1704 937 156 60 rationes
1821 937 65 60 &
1834 937 65 60 pri

428 978 108 66 cipia
500 978 144 66 volendi:
608 978 96 66 quae
668 978 108 66 simul
740 978 72 66 in
776 978 108 66 eodem
848 978 144 66 secundum
956 978 108 66 actum
1028 978 120 66 eundem
1112 978 84 66 non
1160 978 180 66 concurrunt.
1305 978 96 66 ergo
1365 978 84 66 &c.
1413 978 60 66 â‹
1437 978 72 66 In
1473 978 168 66 contrarium
1605 978 96 66 est,
1665 978 132 66 quoniam
1761 978 72 66 si
1797 978 96 66 deus
1845 978 60 66 non

435 1035 110 50 vellet
512 1035 66 50 se
545 1035 66 50 de
578 1035 176 50 necessitate,
721 1035 77 50 cum
765 1035 88 50 quod
820 1035 77 50 non
864 1035 77 50 est
908 1035 121 50 necesse
996 1035 99 50 esse,
1062 1035 143 50 possibile
1172 1035 77 50 est
1216 1035 77 50 non
1260 1035 99 50 esse,
1326 1035 132 50 secundum
1425 1035 165 50 Philosophum
1557 1035 66 50 in
1590 1035 77 50 li.
1634 1035 88 50 Peri
1689 1035 88 50 her.
1744 1035 143 50 possibile
1843 1035 55 50 er-

420 1071 83 71 go
462 1071 125 71 esset
545 1071 111 71 deum
614 1071 97 71 non
669 1071 125 71 velle
752 1071 166 71 seipsum,
877 1071 97 71 non
932 1071 152 71 volendo
1043 1071 125 71 autem
1126 1071 152 71 seipsum
1237 1071 208 71 auerteretur
1403 1071 69 71 a
1430 1071 138 71 seipso
1527 1071 83 71 vt
1569 1071 69 71 a
1597 1071 125 71 summo
1680 1071 125 71 bono:
1763 1071 69 71 a
1790 1071 97 71 quo
1832 1071 69 71 non

413 1126 182 58 auertitur
553 1126 168 58 voluntas
679 1126 112 58 nisi
749 1126 154 58 peccare
861 1126 154 58 posset:
973 1126 112 58 ergo
1043 1126 168 58 voluntas
1169 1126 98 58 dei
1225 1126 154 58 peccare
1337 1126 154 58 posset,
1449 1126 196 58 consequens
1603 1126 140 58 falsum
1701 1126 112 58 est.
1771 1126 112 58 ergo
1827 1126 70 58 &c.

426 1159 86 85 â‹
460 1159 137 85 Quin
546 1159 206 85 ponendum
700 1159 120 85 sit
768 1159 137 85 quod
854 1159 137 85 deus
940 1159 103 85 de
991 1159 257 85 necessitate
1197 1159 120 85 sic
1265 1159 154 85 velit
1368 1159 188 85 seipsum
1505 1159 137 85 quod
1591 1159 120 85 non
1659 1159 120 85 est
1711 1159 188 85 possibile

431 1220 133 65 ipsum
520 1220 103 65 non
579 1220 133 65 velle
667 1220 177 65 seipsum:
799 1220 221 65 quemadmodum
976 1220 191 65 possibile
1123 1220 103 65 est
1182 1220 133 65 ipsum
1271 1220 103 65 non
1330 1220 133 65 velle
1418 1220 118 65 alia
1492 1220 74 65 a
1521 1220 162 65 seipso:
1639 1220 88 65 de
1683 1220 103 65 hoc
1742 1220 103 65 non
1801 1220 103 65 est
1845 1220 59 65 ma

425 1266 98 61 gna
481 1266 195 61 dubitatio:
634 1266 153 61 quoniam
746 1266 167 61 secundum
872 1266 209 61 Philosophum
1039 1266 70 61 &
1067 1266 84 61 in
1109 1266 153 61 physic.
1220 1266 70 61 &
1248 1266 84 61 in
1290 1266 167 61 Ethicis,
1416 1266 126 61 finis
1499 1266 84 61 in
1541 1266 181 61 operandis
1681 1266 84 61 se
1723 1266 126 61 habet
1806 1266 84 61 ad
1834 1266 70 61 vo-

431 1313 157 52 luntatem
549 1313 118 52 sicut
627 1313 183 52 principium
771 1313 79 52 in
811 1313 196 52 speculandis
968 1313 79 52 ad
1007 1313 210 52 intellectum:
1178 1313 65 52 &
1204 1313 79 52 ea
1243 1313 105 52 quae
1308 1313 105 52 sunt
1374 1313 79 52 ad
1413 1313 131 52 finem,
1505 1313 118 52 sicut
1584 1313 223 52 conclusiones.
1767 1313 92 52 Sed
1819 1313 79 52 in
1846 1313 65 52 spe

430 1349 181 64 culatiuis
569 1349 208 64 intellectus
736 1349 83 64 de
777 1349 208 64 necessitate
944 1349 167 64 assentit
1069 1349 208 64 principiis,
1236 1349 125 64 licet
1319 1349 97 64 non
1374 1349 264 64 conclusionibus:
1597 1349 111 64 ergo
1666 1349 69 64 &
1694 1349 111 64 fini
1763 1349 83 64 de
1791 1349 125 64 necessi

423 1397 95 60 tate
482 1397 166 60 acquiescit
613 1397 154 60 voluntas,
731 1397 107 60 licet
802 1397 83 60 non
850 1397 83 60 eis
897 1397 95 60 quae
956 1397 95 60 sunt
1015 1397 71 60 ad
1051 1397 118 60 finem.
1134 1397 83 60 Cum
1181 1397 118 60 igitur
1264 1397 95 60 deus
1324 1397 83 60 est
1371 1397 107 60 finis
1442 1397 166 60 voluntatis
1572 1397 154 60 cuiusque:
1691 1397 95 60 quia
1750 1397 83 60 est
1797 1397 107 60 omnis
1857 1397 47 60 bo

428 1456 80 52 ni
468 1456 133 52 bonum:
561 1456 160 52 voluntas
681 1456 173 52 quaelibet
814 1456 186 52 necessario
960 1456 106 52 vult
1026 1456 120 52 bonum
1106 1456 106 52 quod
1173 1456 93 52 est
1226 1456 120 52 deus,
1306 1456 93 52 dum
1359 1456 120 52 tamen
1439 1456 93 52 sit
1492 1456 80 52 ei
1532 1456 173 52 cognitum.
1665 1456 160 52 sibiipsi
1785 1456 120 52 autem
1865 1456 80 52 in

436 1489 171 66 cognitum
564 1489 114 66 esse
635 1489 100 66 non
692 1489 156 66 potest,
806 1489 85 66 vt
848 1489 128 66 patet
934 1489 85 66 ex
976 1489 128 66 supra
1062 1489 242 66 determinatis.
1261 1489 156 66 Necesse
1375 1489 100 66 est
1431 1489 114 66 ergo
1503 1489 142 66 ponere
1602 1489 114 66 quod
1673 1489 114 66 deus
1744 1489 156 66 seipsum
1844 1489 71 66 ve-

436 1542 85 56 lit
484 1542 73 56 de
521 1542 194 56 necessitate:
678 1542 85 56 ita
726 1542 97 56 quod
787 1542 133 56 seipsum
884 1542 85 56 non
932 1542 109 56 velle
1005 1542 85 56 non
1053 1542 133 56 potest.
1150 1542 61 56 &
1174 1542 85 56 hoc
1223 1542 73 56 eo
1259 1542 121 56 maxime
1344 1542 97 56 quia
1404 1542 145 56 voluntas
1513 1542 85 56 non
1562 1542 121 56 potest
1647 1542 109 56 velle
1719 1542 97 56 nisi
1780 1542 121 56 bonum:
1852 1542 61 56 ita

435 1582 116 64 quod
507 1582 87 64 in
550 1582 159 64 volendo
666 1582 101 64 non
724 1582 145 64 potest
825 1582 145 64 auerti
926 1582 72 64 a
955 1582 116 64 bono
1028 1582 203 64 aspiciendo
1187 1582 87 64 ad
1230 1582 101 64 non
1288 1582 145 64 bonum,
1389 1582 87 64 vt
1433 1582 130 64 supra
1519 1582 145 64 dictum
1621 1582 101 64 est
1679 1582 174 64 secundum
1794 1582 116 64 Diony-

435 1627 122 60 sium.
517 1627 81 60 In
557 1627 108 60 ipso
625 1627 122 60 autem
706 1627 95 60 deo
761 1627 95 60 est
815 1627 163 60 perfecta
937 1627 122 60 ratio
1018 1627 122 60 omnis
1099 1627 122 60 boni,
1180 1627 68 60 a
1208 1627 95 60 qua
1262 1627 149 60 deficit
1370 1627 108 60 omne
1438 1627 122 60 bonum
1519 1627 108 60 quod
1587 1627 95 60 est
1641 1627 122 60 extra
1722 1627 135 60 ipsum.
1817 1627 68 60 â‹
1844 1627 95 60 Sed

433 1673 114 67 tota
504 1673 186 67 dubitatio
647 1673 86 67 in
690 1673 200 67 quaestione
847 1673 114 67 est,
919 1673 100 67 cum
976 1673 172 67 voluntas
1105 1673 100 67 dei
1162 1673 100 67 sit
1219 1673 143 67 omnino
1319 1673 143 67 libera
1419 1673 129 67 etiam
1505 1673 86 67 in
1548 1673 157 67 volendo
1662 1673 172 67 seipsum,
1776 1673 129 67 quomodo

436 1720 99 64 cum
493 1720 199 64 voluntatis
649 1720 184 64 libertate
790 1720 113 64 stat
861 1720 199 64 necessitas
1017 1720 170 64 volendi:
1145 1720 142 64 maxime
1244 1720 99 64 cum
1301 1720 113 64 ista
1372 1720 199 64 necessitas
1528 1720 99 64 non
1585 1720 99 64 sit
1641 1720 85 64 ex
1684 1720 227 64 suppositione
1854 1720 57 64 si

436 1769 88 58 cut
487 1769 75 58 si
524 1769 138 58 dicatur
625 1769 113 58 velle
700 1769 138 58 seipsum
800 1769 75 58 de
838 1769 188 58 necessitate
988 1769 125 58 quando
1076 1769 113 58 vult:
1151 1769 188 58 quemadmodum
1302 1769 113 58 cadit
1377 1769 176 58 necessitas
1515 1769 113 58 circa
1590 1769 100 58 illa
1653 1769 100 58 quae
1715 1769 150 58 secundum
1828 1769 75 58 se
1853 1769 63 58 sim

430 1820 158 60 pliciter
549 1820 66 60 &
575 1820 158 60 absolute
694 1820 106 60 sunt
760 1820 224 60 contingentia:
945 1820 92 60 sed
997 1820 92 60 est
1050 1820 185 60 necessitas
1195 1820 198 60 simpliciter
1354 1820 66 60 &
1380 1820 172 60 absoluta.
1512 1820 79 60 Et
1552 1820 172 60 praeterea
1684 1820 92 60 cum
1736 1820 79 60 in
1776 1820 119 60 dicta
1842 1820 66 60 pro

418 1859 204 65 positione,
579 1859 117 65 Deus
652 1859 117 65 vult
725 1859 161 65 seipsum
842 1859 88 65 de
886 1859 234 65 necessitate,
1075 1859 117 65 illa
1148 1859 234 65 determinatio
1338 1859 146 65 potest
1440 1859 219 65 determinare
1615 1859 131 65 actum
1703 1859 161 65 volendi
1820 1859 102 65 vel
1864 1859 58 65 vt

423 1908 215 50 terminatur
592 1908 92 50 in
638 1908 185 50 obiectum
776 1908 185 50 volitum,
915 1908 108 50 vel
976 1908 92 50 vt
1022 1908 200 50 egreditur
1176 1908 92 50 ab
1222 1908 123 50 ipso
1299 1908 185 50 volente:
1437 1908 154 50 dubium
1545 1908 138 50 adhuc
1637 1908 108 50 non
1699 1908 108 50 est
1760 1908 123 50 quin
1822 1908 92 50 deus

426 1948 139 58 habeat
523 1948 222 58 necessitatem
703 1948 152 58 volendi
814 1948 152 58 seipsum
925 1948 125 58 prout
1008 1948 125 58 actus
1091 1948 194 58 terminatur
1243 1948 83 58 in
1285 1948 180 58 obiectum.
1423 1948 125 58 Licet
1506 1948 111 58 enim
1576 1948 125 58 nulla
1659 1948 208 58 necessitate
1811 1948 111 58 vellet

434 1995 160 58 seipsum
551 1995 175 58 secundum
682 1995 117 58 quod
755 1995 204 58 determinat
915 1995 131 58 actum
1002 1995 87 58 vt
1046 1995 189 58 egreditur
1192 1995 73 58 a
1221 1995 175 58 volente:
1352 1995 87 58 de
1396 1995 218 58 necessitate
1570 1995 131 58 tamen
1658 1995 160 58 videtur
1774 1995 131 58 velle
1847 1995 73 58 se-

422 2033 137 67 ipsum
513 2033 183 67 secundum
650 2033 122 67 quod
727 2033 213 67 determinat
894 2033 137 67 actum
986 2033 91 67 vt
1032 2033 168 67 transit
1154 2033 91 67 in
1199 2033 198 67 obiectum:
1352 2033 168 67 quamuis
1474 2033 107 67 hoc
1535 2033 122 67 modo
1611 2033 107 67 non
1672 2033 137 67 velit
1764 2033 91 67 de
1794 2033 122 67 neces-

422 2084 132 57 sitate
514 2084 119 57 alia,
593 2084 79 57 eo
633 2084 105 57 quod
698 2084 92 57 non
751 2084 105 57 sunt
817 2084 92 57 per
870 2084 79 57 se
909 2084 66 57 &
935 2084 145 57 proprie
1041 2084 145 57 obiecta
1146 2084 158 57 volendi.
1265 2084 119 57 Verbi
1344 2084 132 57 gratia
1436 2084 79 57 in
1475 2084 132 57 simili
1567 2084 79 57 ex
1607 2084 119 57 parte
1686 2084 119 57 actus
1765 2084 158 57 videndi.
1870 2084 53 57 si

419 2127 114 57 enim
490 2127 128 57 esset
576 2127 114 57 quis
647 2127 86 57 in
690 2127 143 57 lumine
790 2127 100 57 dum
847 2127 128 57 tamen
932 2127 200 57 voluntarie
1089 2127 171 57 aperiret
1218 2127 157 57 oculos,
1332 2127 86 57 de
1375 2127 214 57 necessitate
1546 2127 157 57 videret
1660 2127 143 57 lumen:
1760 2127 100 57 non
1817 2127 128 57 autem

430 2171 107 68 alia
496 2171 107 68 quae
563 2171 147 68 possent
670 2171 107 68 sibi
736 2171 200 68 praesentari
896 2171 80 68 in
936 2171 147 68 lumine.
1043 2171 120 68 Actus
1123 2171 120 68 etiam
1203 2171 147 68 videndi
1310 2171 80 68 ab
1350 2171 107 68 ipso
1416 2171 120 68 nullo
1496 2171 107 68 modo
1563 2171 200 68 necessario:
1723 2171 93 68 sed
1776 2171 107 68 mera
1830 2171 93 68 volun

431 2221 104 62 tate
496 2221 209 62 egrederetur.
666 2221 104 62 Tota
731 2221 104 62 ergo
797 2221 196 62 difficultas
953 2221 104 62 est,
1019 2221 78 62 an
1058 2221 104 62 deus
1123 2221 78 62 de
1162 2221 196 62 necessitate
1319 2221 118 62 velit
1398 2221 144 62 seipsum
1502 2221 78 62 ex
1541 2221 104 62 illa
1607 2221 209 62 comparatione
1776 2221 104 62 quae
1829 2221 91 62 actus

427 2265 143 64 volendi
531 2265 169 64 egreditur
660 2265 78 64 ab
699 2265 104 64 ipsa
764 2265 182 64 voluntate.
907 2265 91 64 Cum
959 2265 104 64 enim
1023 2265 78 64 ab
1062 2265 104 64 ipsa
1127 2265 169 64 egreditur
1257 2265 130 64 libere
1348 2265 91 64 dum
1399 2265 117 64 tamen
1477 2265 130 64 libera
1568 2265 91 64 sit
1620 2265 91 64 dei
1672 2265 156 64 voluntas
1788 2265 117 64 etiam
1866 2265 78 64 in

428 2322 138 52 volendo
529 2322 88 52 se,
579 2322 75 52 vt
616 2322 163 52 concessum
742 2322 100 52 est:
804 2322 125 52 supra)
892 2322 138 52 videtur
992 2322 163 52 aliquibus
1117 2322 188 52 impossibile
1268 2322 75 52 si
1305 2322 200 52 simulponatur
1468 2322 100 52 quod
1531 2322 175 52 egrediatur
1668 2322 75 52 ab
1706 2322 100 52 ipsa
1756 2322 163 52 necessario:

437 2361 60 62 &
461 2361 108 62 quasi
533 2361 156 62 oppositio
653 2361 72 62 in
689 2361 132 62 adiecto
785 2361 144 62 scilicet
894 2361 96 62 quod
954 2361 168 62 egrediatur
1086 2361 72 62 ab
1122 2361 96 62 ipsa
1182 2361 120 62 libere
1266 2361 60 62 &
1290 2361 84 62 non
1338 2361 132 62 libere:
1434 2361 96 62 quia
1494 2361 96 62 quod
1554 2361 84 62 est
1603 2361 192 62 necessarium,
1759 2361 84 62 non
1807 2361 84 62 est
1843 2361 84 62 libe-

436 2398 106 69 re,
496 2398 76 69 &
527 2398 227 69 econtrario.
708 2398 181 69 secundum
844 2398 121 69 quod
920 2398 151 69 dictum
1025 2398 106 69 est
1086 2398 196 69 opponendo
1237 2398 91 69 ab
1282 2398 196 69 Augustino
1433 2398 181 69 secundum
1569 2398 212 69 sententiam
1736 2398 212 69 Stoicorum.

430 2449 71 62 â‹
458 2449 86 62 Et
501 2449 100 62 est
558 2449 171 62 dicendum
687 2449 114 62 quod
758 2449 114 62 deus
830 2449 157 62 seipsum
944 2449 114 62 vult
1015 2449 86 62 de
1058 2449 214 62 necessitate
1229 2449 257 62 determinatione
1444 2449 129 62 etiam
1529 2449 229 62 determinante
1715 2449 129 62 actum
1786 2449 129 62 volendi

434 2498 77 60 vt
473 2498 166 60 egreditur
600 2498 64 60 a
626 2498 166 60 voluntate
753 2498 102 60 siue
817 2498 64 60 a
843 2498 153 60 volente.
957 2498 204 60 Distinguendo
1123 2498 115 60 tamen
1200 2498 204 60 necessitatem
1366 2498 153 60 secundum
1480 2498 102 60 quod
1544 2498 179 60 distinguit
1685 2498 191 60 Philosophus
1838 2498 89 60 in.
1876 2498 51 60 v.

433 2546 231 52 metaphysicae,
623 2546 68 52 &
651 2546 204 52 Augustinus.
814 2546 81 52 v.
854 2546 81 52 de
895 2546 122 52 ciui.
976 2546 109 52 dei,
1044 2546 109 52 quod
1112 2546 95 52 est
1166 2546 149 52 quaedam
1275 2546 190 52 necessitas
1424 2546 190 52 violentiae
1574 2546 109 52 siue
1642 2546 190 52 coactionis
1791 2546 81 52 ab
1818 2546 95 52 alio,

429 2592 72 58 &
457 2592 101 58 est
515 2592 159 58 quaedam
631 2592 202 58 necessitas
790 2592 289 58 immutabilitatis,
1035 2592 116 58 quae
1108 2592 101 58 est
1166 2592 87 58 ex
1209 2592 145 58 seipsa
1310 2592 145 58 absque
1411 2592 130 58 causa
1498 2592 130 58 alia.
1585 2592 130 58 Primo
1671 2592 116 58 modo
1744 2592 173 58 secundum
1859 2592 58 58 Au

419 2641 180 53 gustinum
554 2641 210 53 necessitas
719 2641 105 53 est
779 2641 120 53 quae
854 2641 105 53 non
914 2641 105 53 est
974 2641 90 53 in
1019 2641 150 53 nostra
1124 2641 195 53 potestate
1274 2641 90 53 vt
1319 2641 180 53 possimus
1454 2641 180 53 impedire
1589 2641 120 53 quod
1664 2641 105 53 sit
1724 2641 180 53 secundum
1844 2641 75 53 ip-

420 2691 113 53 lam:
490 2691 99 53 sed
547 2691 127 53 etiam
631 2691 85 53 si
674 2691 155 53 nolimus
786 2691 155 53 efficit
899 2691 113 53 quod
970 2691 155 53 potest,
1082 2691 127 53 sicut
1167 2691 99 53 est
1223 2691 197 53 necessitas
1378 2691 155 53 mortis.
1491 2691 99 53 Sed
1548 2691 99 53 sub
1604 2691 113 53 tali
1674 2691 211 53 necessitate
1844 2691 99 53 non

420 2725 135 61 cadit
510 2725 135 61 actus
600 2725 165 61 volendi
721 2725 210 61 voluntatis
886 2725 165 61 nostrae
1006 2725 90 61 in
1051 2725 165 61 volendo
1171 2725 135 61 recte
1262 2725 105 61 vel
1322 2725 195 61 perperam:
1472 2725 135 61 quare
1562 2725 135 61 multo
1652 2725 165 61 fortius
1773 2725 135 61 neque
1863 2725 90 61 in

432 2770 159 78 volendo
547 2770 188 78 absolute.
692 2770 130 78 talis
779 2770 116 78 enim
852 2770 203 78 necessitas
1011 2770 101 78 non
1069 2770 130 78 facit
1156 2770 159 78 reuerti
1272 2770 203 78 voluntatem
1431 2770 72 78 a
1460 2770 101 78 sua
1518 2770 232 78 dispositione
1707 2770 87 78 in
1750 2770 87 78 id
1794 2770 116 78 quod
1852 2770 72 78 est
