2017 3104
175 257 175 69 creatura,
309 257 94 69 sed
363 257 108 69 quae
430 257 94 69 est
484 257 135 69 vltra,
578 257 67 69 &
605 257 121 69 extra
686 257 121 69 omnem
767 257 135 69 gradum
861 257 202 69 substantiae
1022 257 161 69 creatae,
1144 257 67 69 &
1170 257 175 69 similiter
1305 257 161 69 qualitas
1426 257 67 69 &
1453 257 188 69 quantitas,
1588 257 40 69 &

180 320 137 46 caetera
279 320 124 46 omnia.
366 320 75 46 Si
403 320 99 46 ergo
465 320 99 46 quod
528 320 186 46 significant
677 320 75 46 de
714 320 149 46 diuinis,
826 320 87 46 est
875 320 112 46 vltra
950 320 75 46 id
987 320 99 46 quod
1049 320 186 46 significant
1199 320 75 46 in
1236 320 174 46 creaturis,
1372 320 62 46 &
1397 320 99 46 quod
1459 320 75 46 in
1484 320 137 46 creaturis

170 357 66 53 a
196 357 93 53 quo
249 357 199 53 transfertur
408 357 119 53 nomen
488 357 93 53 quo
541 357 225 53 significantur
727 357 133 53 semper
819 357 93 53 est
872 357 146 53 aliquid
978 357 186 53 positiuum,
1124 357 106 53 quia
1191 357 133 53 nullum
1283 357 119 53 nomen
1363 357 106 53 pure
1429 357 93 53 per
1469 357 159 53 contrarium

172 399 64 55 a
198 399 167 55 creaturis
326 399 77 55 ad
365 399 128 55 diuina
455 399 90 55 est
506 399 180 55 translatum
647 399 154 55 secundum
763 399 180 55 praedicta:
904 399 141 55 constat
1007 399 116 55 etiam
1084 399 103 55 quod
1148 399 90 55 hoc
1199 399 116 55 nomen
1276 399 103 55 deus
1341 399 180 55 perfectius
1482 399 103 55 quid
1533 399 90 55 signi

177 440 120 51 ficat
257 440 160 51 secundum
377 440 160 51 rationem
497 440 147 51 nostram
603 440 213 51 intelligendi
777 440 107 51 quam
843 440 147 51 aliquod
950 440 160 51 aliorum,
1070 440 80 51 vt
1110 440 120 51 etiam
1190 440 120 51 patet
1270 440 80 51 ex
1310 440 200 51 praedictis:
1457 440 160 51 suppositis

183 485 136 60 igitur
279 485 123 60 illis
360 485 109 60 quae
429 485 82 60 de
469 485 95 60 hac
524 485 150 60 materia
633 485 163 60 tractata
755 485 109 60 sunt
823 485 123 60 supra
905 485 82 60 de
946 485 245 60 significatione
1150 485 218 60 attributorum
1327 485 95 60 sub
1382 485 150 60 ratione
1477 485 150 60 attributi

181 534 163 50 articulo.
307 534 126 50 xxxii.
395 534 138 50 quaest.
495 534 113 50 iiii.
571 534 100 50 dico
634 534 188 50 simpliciter
784 534 100 50 quod
847 534 113 50 omnia
923 534 126 50 nomina
1010 534 126 50 diuina
1098 534 138 50 proprie
1199 534 100 50 dici
1262 534 138 50 possunt
1362 534 151 50 positiue
1463 534 163 50 significare

177 570 135 53 ratione
275 570 86 53 rei
324 570 209 53 significatae,
496 570 61 53 &
521 570 123 53 nullum
607 570 172 53 priuatiue,
742 570 98 53 quia
804 570 74 53 id
840 570 98 53 quod
902 570 184 53 significant
1049 570 86 53 est
1099 570 135 53 aliquid
1197 570 98 53 quod
1258 570 74 53 in
1295 570 86 53 deo
1344 570 98 53 est,
1406 570 111 53 sicut
1480 570 123 53 dictum
1553 570 74 53 est.

168 621 90 54 in
213 621 105 54 deo
273 621 135 54 autem
363 621 135 54 nulla
453 621 180 54 priuatio
588 621 120 54 est.
663 621 90 54 Et
708 621 180 54 secundum
842 621 105 54 hoc
902 621 210 54 concedenda
1067 621 105 54 est
1127 621 150 54 vltima
1217 621 120 54 ratio.

175 670 81 86 ⁋
207 670 98 86 Ad
256 670 163 86 primum
370 670 98 86 in
419 670 228 86 oppositum:
598 670 179 86 quamuis
728 670 130 86 deus
810 670 179 86 aliquid
940 670 244 86 appelletur,
1136 670 114 86 non
1201 670 147 86 tamen
1299 670 130 86 quod
1380 670 195 86 dicitur:
1510 670 98 86 Dico

191 740 80 57 uod
236 740 103 57 verum
305 740 80 57 est
350 740 91 57 quod
407 740 80 57 non
453 740 80 57 est
498 740 91 57 quod
555 740 125 57 dicitur
647 740 114 57 quando
726 740 125 57 proprie
818 740 160 57 significat
943 740 137 57 scilicet
1045 740 125 57 aliquid
1137 740 68 57 in
1171 740 160 57 creaturis,
1296 740 91 57 quia
1353 740 80 57 est
1399 740 125 57 aliquid
1490 740 103 57 extra
1547 740 57 57 il-

182 794 106 49 lud,
248 794 66 49 &
275 794 106 49 ideo
341 794 80 49 ex
381 794 106 49 illo
448 794 93 49 non
501 794 159 49 sequitur
620 794 106 49 quod
687 794 93 49 sit
740 794 133 49 nihil,
833 794 106 49 immo
899 794 93 49 cum
953 794 106 49 illo
1019 794 106 49 stat
1085 794 106 49 quod
1152 794 93 49 sit
1205 794 186 49 verissimum
1351 794 120 49 quid.
1431 794 66 49 ⁋
1458 794 80 49 Ad
1484 794 133 49 secundum

180 827 110 55 quod
249 827 110 55 vnum
318 827 83 55 in
360 827 97 55 deo
415 827 97 55 non
470 827 193 55 significat
622 827 166 55 positiue
746 827 97 55 sed
801 827 193 55 priuatiue,
953 827 69 55 &
980 827 97 55 per
1036 827 193 55 consequens
1187 827 152 55 numerus
1298 827 69 55 &
1325 827 124 55 omnia
1408 827 152 55 nominia
1505 827 110 55 numera

176 880 111 52 lia:
245 880 111 52 dico
314 880 111 52 quod
383 880 138 52 falsum
480 880 111 52 est.
549 880 83 52 Vt
591 880 111 52 enim
660 880 138 52 dictum
756 880 97 52 est
812 880 124 52 supra
895 880 166 52 loquendo
1019 880 83 52 de
1060 880 152 52 vnitate
1171 880 111 52 dei,
1240 880 124 52 licet
1323 880 111 52 vnum
1392 880 152 52 ratione
1489 880 124 52 nominis

171 919 194 50 significet
324 919 222 50 priuationem:
504 919 111 50 illa
573 919 125 50 tamen
657 919 166 50 priuatio
782 919 97 50 est
837 919 153 50 negatio
948 919 194 50 negationis
1101 919 111 50 siue
1170 919 222 50 priuationis,
1350 919 69 50 &
1378 919 125 50 ponit
1448 919 166 50 verissimam

187 968 223 47 positionem.
366 968 89 47 Et
410 968 193 47 similiter
559 968 119 47 dico
633 968 89 47 de
678 968 193 47 nominibus
827 968 238 47 numeralibus,
1020 968 119 47 quae
1094 968 119 47 sunt
1169 968 119 47 duo,
1243 968 134 47 tres,
1332 968 74 47 &
1362 968 89 47 de
1407 968 149 47 numero
1496 968 119 47 vniuer

177 1013 165 47 saliter,
301 1013 110 47 quod
370 1013 124 47 nihil
452 1013 137 47 dicunt
548 1013 82 47 in
589 1013 151 47 diuinis
699 1013 110 47 nisi
768 1013 110 47 quid
836 1013 179 47 positiuum
974 1013 96 47 non
1029 1013 233 47 materialiter,
1221 1013 124 47 sicut
1303 1013 124 47 dicit
1386 1013 151 47 numerus
1495 1013 82 47 in
1523 1013 96 47 natu-

167 1049 160 57 ralibus
284 1049 73 57 &
313 1049 247 57 mathematicis,
516 1049 102 57 qui
574 1049 203 57 formaliter
733 1049 174 57 importat
864 1049 174 57 defectum
994 1049 145 57 formae
1096 1049 189 57 vnitatis,
1241 1049 189 57 inquantum
1386 1049 232 57 materialiter
1560 1049 58 57 na

172 1093 102 46 tus
231 1093 102 46 est
289 1093 189 46 contineri
434 1093 131 46 totus
521 1093 87 46 in
564 1093 160 46 ratione
680 1093 174 46 vnitatis
811 1093 131 46 vnius
898 1093 189 46 continui,
1043 1093 102 46 per
1101 1093 131 46 cuius
1188 1093 203 46 diuisionem
1348 1093 131 46 omnis
1435 1093 160 46 numerus
1536 1093 73 46 ge-

168 1137 165 56 neratur
288 1137 75 56 a
318 1137 135 56 prima
408 1137 180 56 vnitate,
542 1137 180 56 secundum
677 1137 135 56 modum
767 1137 180 56 superius
902 1137 75 56 &
931 1137 90 56 in
976 1137 254 56 quaestionibus
1186 1137 90 56 de
1231 1137 180 56 quolibet
1366 1137 225 56 declaratum.
1545 1137 105 56 Sed

171 1183 157 53 numerus
285 1183 86 53 in
328 1183 157 53 diuinis
442 1183 129 53 dicit
528 1183 114 53 quid
599 1183 171 53 positiue
728 1183 214 53 formaliter,
899 1183 129 53 sicut
985 1183 129 53 dicit
1071 1183 157 53 numerus
1185 1183 243 53 substantialis
1385 1183 171 53 formarum
1499 1183 129 53 substam

175 1223 146 54 tialium
281 1223 133 54 specie
374 1223 226 54 differentium:
561 1223 93 54 qui
614 1223 93 54 non
667 1223 160 54 importat
787 1223 160 54 defectum
907 1223 133 54 formae
1000 1223 160 54 vnitatis
1120 1223 173 54 inquantum
1253 1223 107 54 ipse
1320 1223 93 54 non
1373 1223 173 54 descendit
1506 1223 93 54 per
1546 1223 80 54 quam

178 1276 142 47 cumque
277 1276 199 47 diuisionem
434 1276 85 47 ab
476 1276 142 47 aliqua
576 1276 156 47 vnitate
690 1276 114 47 vna,
761 1276 100 47 sed
818 1276 114 47 suam
889 1276 142 47 formam
988 1276 128 47 habet
1074 1276 85 47 in
1116 1276 228 47 distinctione
1301 1276 142 47 suarum
1401 1276 171 47 vnitatum
1514 1276 100 47 inter

170 1312 101 56 se,
227 1312 101 56 non
285 1312 216 56 absolutorum
457 1312 101 56 sed
515 1312 201 56 relatorum.
673 1312 86 56 Et
716 1312 129 56 sicut
803 1312 101 56 hoc
860 1312 115 56 dico
932 1312 86 56 de
975 1312 101 56 hoc
1033 1312 144 56 nomine
1133 1312 115 56 vnus
1205 1312 72 56 &
1234 1312 86 56 de
1277 1312 187 56 nominibus
1407 1312 201 56 numeralibus,

177 1344 90 68 sic
229 1344 116 68 eadem
306 1344 103 68 dico
371 1344 78 68 de
410 1344 168 68 nominibus
539 1344 168 68 deriuatis
668 1344 78 68 ab
707 1344 129 68 illis:
798 1344 168 68 cuiusmodi
927 1344 103 68 sunt
991 1344 129 68 trinus
1082 1344 65 68 &
1108 1344 168 68 trinitas.
1237 1344 78 68 Vt
1276 1344 103 68 enim
1341 1344 116 68 dicit
1418 1344 103 68 Hug.
1483 1344 103 68 tris
1534 1344 78 68 grae

183 1396 85 56 ce
225 1396 142 56 latine
325 1396 156 56 dicitur
438 1396 114 56 tres
509 1396 99 56 vel
566 1396 128 56 tria.
651 1396 114 56 Vnde
722 1396 142 56 trinus
822 1396 128 56 trina
907 1396 156 56 trinum.
1021 1396 99 56 Vel
1077 1396 199 56 componitur
1234 1396 85 56 ab
1276 1396 114 56 vnus
1347 1396 128 56 quasi
1432 1396 170 56 trinuus.
1560 1396 85 56 vn

181 1442 81 59 de
221 1442 162 59 trinitas
342 1442 121 59 quasi
423 1442 189 59 triunitas,
572 1442 108 59 quia
639 1442 94 59 sit
693 1442 108 59 vnum
761 1442 121 59 totum
842 1442 81 59 in
882 1442 148 59 tribus.
990 1442 94 59 Sed
1044 1442 135 59 melius
1139 1442 94 59 est
1193 1442 135 59 dicere
1287 1442 108 59 quod
1355 1442 135 59 trinus
1449 1442 94 59 sit
1490 1442 121 59 simplum

178 1491 66 52 &
204 1491 171 52 deriuatum
335 1491 66 52 a
362 1491 118 52 tris.
440 1491 131 52 Aliter
532 1491 105 52 enim
598 1491 79 52 in
637 1491 144 52 diuinis
742 1491 210 52 significaret
913 1491 105 52 quod
978 1491 105 52 tres
1044 1491 131 52 essent
1136 1491 105 52 vnus
1201 1491 184 52 masculine,
1346 1491 66 52 &
1372 1491 118 52 etiam
1451 1491 131 52 aliter
1529 1491 79 52 vnus

170 1530 120 59 esset
249 1530 80 59 de
289 1530 199 59 significato
449 1530 106 59 eius
515 1530 106 59 quod
581 1530 93 59 est
635 1530 146 59 trinus,
741 1530 66 59 &
767 1530 93 59 ita
820 1530 93 59 non
874 1530 106 59 bene
940 1530 146 59 caderet
1046 1530 133 59 copula
1139 1530 120 59 inter
1219 1530 133 59 trinus
1312 1530 66 59 &
1338 1530 106 59 vnus
1405 1530 80 59 in
1431 1530 173 59 praedicando

167 1575 116 58 ambo
240 1575 87 58 de
284 1575 116 58 deo.
357 1575 102 58 Cum
415 1575 131 58 tamen
502 1575 189 58 Ambrosius
648 1575 87 58 in
691 1575 131 58 Hymno
779 1575 87 58 de
822 1575 102 58 vno
880 1575 204 58 confessore
1041 1575 131 58 dicit
1128 1575 87 58 de
1171 1575 116 58 deo.
1244 1575 146 58 Totius
1346 1575 131 58 mundi
1433 1575 175 58 machinam
1550 1575 58 58 gu

175 1614 154 52 bernans
287 1614 140 52 trinus
386 1614 70 52 &
414 1614 126 52 vnus.
498 1614 84 52 vt
540 1614 98 52 sic
596 1614 112 52 deus
666 1614 154 52 dicatur
779 1614 140 52 trinus
877 1614 154 52 propter
989 1614 168 52 personas
1116 1614 112 52 tres
1186 1614 197 52 solummodo,
1340 1614 126 52 sicut
1424 1614 154 52 dicitur
1523 1614 84 52 vnus

175 1663 147 60 propter
281 1663 200 60 substantiam
441 1663 147 60 vnicam.
548 1663 107 60 Vnde
614 1663 67 60 &
641 1663 147 60 dicitur
748 1663 133 60 trinum
841 1663 80 60 de
881 1663 120 60 illis
961 1663 107 60 quae
1028 1663 93 60 non
1081 1663 107 60 sunt
1148 1663 80 60 in
1188 1663 133 60 aliquo
1281 1663 120 60 vnum.
1361 1663 147 60 Dicitur
1467 1663 107 60 enim
1534 1663 107 60 quod

167 1709 149 55 monitio
276 1709 122 55 trina
357 1709 122 55 debet
438 1709 190 55 praecedere
587 1709 190 55 vindictam,
736 1709 68 55 &
764 1709 108 55 quod
831 1709 122 55 trina
913 1709 122 55 actio
994 1709 149 55 inducit
1102 1709 244 55 consuetudinem.
1305 1709 81 55 Et
1346 1709 81 55 in
1387 1709 149 55 talibus
1482 1709 135 55 successi

180 1750 97 57 uis
236 1750 153 57 dicitur
347 1750 139 57 trinum
444 1750 83 57 in
486 1750 180 57 singulari
624 1750 83 57 de
666 1750 139 57 aliquo
763 1750 194 57 indefinito
916 1750 83 57 ad
958 1750 111 57 tria
1027 1750 111 57 solo
1096 1750 139 57 numero
1194 1750 222 57 differentia.
1374 1750 97 57 Sed
1430 1750 83 57 in
1457 1750 153 57 permanenm

169 1795 120 53 tibus
248 1795 186 53 distinctis
395 1795 106 53 solo
461 1795 133 53 numero
554 1795 93 53 non
607 1795 146 53 dicitur
713 1795 106 53 nisi
780 1795 80 53 in
820 1795 159 53 plurali,
939 1795 80 53 vt
979 1795 80 53 de
1019 1795 133 53 tribus
1112 1795 173 53 hominibus
1245 1795 106 53 quod
1311 1795 106 53 sint
1378 1795 133 53 trini,
1471 1795 120 53 sicut
1551 1795 66 53 &
1564 1795 53 53 de

178 1837 135 56 duobus
272 1837 108 56 quod
339 1837 108 56 sunt
407 1837 121 56 bini.
487 1837 81 56 Et
528 1837 81 56 in
568 1837 121 56 istis
649 1837 108 56 bene
717 1837 135 56 posset
811 1837 148 56 concedi
919 1837 108 56 quod
986 1837 135 56 trinus
1080 1837 189 56 compositum
1229 1837 121 56 esset
1310 1837 81 56 ab
1350 1837 108 56 vnus
1417 1837 121 56 quasi
1485 1837 121 56 triunus

181 1888 93 46 vel
234 1888 147 46 triuni,
341 1888 93 46 sed
394 1888 93 46 hoc
447 1888 160 46 mediate,
567 1888 107 46 quia
634 1888 67 46 a
661 1888 107 46 tres
727 1888 107 46 quod
794 1888 107 46 idem
861 1888 93 46 est
914 1888 107 46 quod
980 1888 107 46 tris
1047 1888 173 46 deriuatur
1180 1888 107 46 ter,
1247 1888 67 46 &
1274 1888 107 46 inde
1340 1888 133 46 trinus
1434 1888 120 46 trina
1500 1888 107 46 trinum

178 1932 100 54 quod
241 1932 100 54 idem
304 1932 88 54 est
354 1932 100 54 quod
417 1932 126 54 trinus
505 1932 176 54 compositum
643 1932 75 54 ab
681 1932 113 54 vnus.
756 1932 75 54 Et
794 1932 138 54 dicitur
894 1932 126 54 trinus
982 1932 88 54 vel
1032 1932 126 54 ternus
1120 1932 113 54 quasi
1195 1932 88 54 ter
1245 1932 113 54 vnus.
1321 1932 75 54 In
1358 1932 213 54 permanentibus
1534 1932 113 54 autem

175 1969 128 52 tribus
265 1969 179 52 distinctis
406 1969 128 52 specie
495 1969 90 52 vel
546 1969 115 52 quasi
623 1969 128 52 specie
713 1969 90 52 sub
764 1969 128 52 aliqua
854 1969 141 52 vnitate
956 1969 166 52 contentis
1084 1969 141 52 dicitur
1187 1969 128 52 trinum
1276 1969 77 52 in
1315 1969 166 52 singulari
1443 1969 77 52 de
1481 1969 102 52 illo
1532 1969 77 52 quid

179 2011 82 50 est
226 2011 106 50 trium
297 2011 130 50 illorum
391 2011 188 50 contentiuum,
544 2011 177 50 quemadmodum
686 2011 130 50 machina
780 2011 106 50 rerum
851 2011 165 50 mundialium
980 2011 130 50 dicitur
1074 2011 106 50 triia
1145 2011 141 50 scilicet
1251 2011 177 50 coelestium,
1392 2011 188 50 terrestrium,
1545 2011 59 50 &
1569 2011 71 50 in

170 2054 183 57 fernorum.
311 2054 84 57 Et
353 2054 113 57 dici
423 2054 141 57 potuit
522 2054 127 57 trina
606 2054 141 57 statua
705 2054 267 57 Nabuchodonosor,
930 2054 113 57 quia
1000 2054 84 57 in
1042 2054 127 57 parte
1127 2054 113 57 fuit
1197 2054 141 57 aerea,
1295 2054 70 57 &
1324 2054 84 57 in
1366 2054 127 57 parte
1450 2054 169 57 plumbea,
1563 2054 42 57 &

178 2097 85 58 in
220 2097 128 58 parte
306 2097 142 58 lutea.
405 2097 71 58 &
433 2097 128 58 potio
518 2097 170 58 commixta
646 2097 85 58 ex
689 2097 114 58 aqua
760 2097 128 58 melle
845 2097 71 58 &
873 2097 114 58 vino
944 2097 142 58 potest
1043 2097 114 58 dici
1114 2097 142 58 trina.
1214 2097 85 58 Et
1256 2097 128 58 iuxta
1341 2097 114 58 hunc
1412 2097 128 58 modum
1497 2097 114 58 deus
1554 2097 57 58 di

169 2146 119 49 citur
248 2146 132 49 trinus
341 2146 66 49 a
367 2146 159 49 ternario
486 2146 185 49 personarum
632 2146 106 49 quas
698 2146 159 49 continet
817 2146 79 49 in
857 2146 146 49 vnitate
963 2146 185 49 essentiae.
1108 2146 79 49 Et
1148 2146 106 49 quia
1214 2146 198 49 continentur
1373 2146 79 49 in
1413 2146 106 49 illa
1479 2146 106 49 sine
1532 2146 79 49 omni

179 2183 200 54 compositione:
344 2183 94 54 deus
403 2183 106 54 licet
473 2183 129 54 dicitur
567 2183 129 54 trinus,
661 2183 82 54 non
708 2183 106 54 tamen
779 2183 118 54 potest
861 2183 94 54 dici
920 2183 141 54 triplex,
1025 2183 82 54 cum
1072 2183 106 54 tamen
1143 2183 71 54 in
1178 2183 141 54 caeteris
1284 2183 118 54 dictis
1366 2183 94 54 quod
1425 2183 129 54 dicitur
1507 2183 94 54 trinum

171 2229 138 65 propter
272 2229 113 65 trium
347 2229 226 65 compositionem,
536 2229 126 65 potest
624 2229 101 65 dici
687 2229 138 65 triplum
787 2229 88 65 vel
837 2229 151 65 triplex.
951 2229 75 65 Et
988 2229 75 65 in
1026 2229 138 65 omnibus
1126 2229 126 65 dictis
1214 2229 88 65 per
1265 2229 113 65 modum
1340 2229 88 65 quo
1390 2229 138 65 dicitur
1491 2229 138 65 aliquid

169 2278 138 54 trinum,
270 2278 138 54 dicitur
370 2278 113 54 etiam
446 2278 151 54 trinitas
559 2278 63 54 a
584 2278 113 54 trino
659 2278 88 54 per
709 2278 213 54 deriuationem.
885 2278 75 54 Et
923 2278 75 54 si
961 2278 138 54 dicatur
1061 2278 88 54 per
1111 2278 213 54 compositionem
1287 2278 75 54 ab
1325 2278 138 54 vnitate
1425 2278 63 54 &
1450 2278 75 54 ab
1488 2278 75 54 eo
1513 2278 88 54 quiod

171 2323 92 49 est
223 2323 118 49 tres,
302 2323 66 49 &
329 2323 145 49 dicatur
434 2323 66 49 a
460 2323 105 49 tres
526 2323 184 49 nominatiui
670 2323 131 49 casus,
763 2323 105 49 tunc
828 2323 105 49 deus
894 2323 145 49 dicitur
999 2323 158 49 trinitas
1118 2323 105 49 quia
1183 2323 92 49 est
1236 2323 105 49 tres
1302 2323 171 49 personae,
1433 2323 66 49 &
1459 2323 131 49 vnitas
1538 2323 66 49 es-

170 2364 145 55 sentiae.
279 2364 73 55 Si
315 2364 109 55 autem
387 2364 133 55 dicatur
484 2364 60 55 a
508 2364 97 55 tris
569 2364 145 55 genitiui
677 2364 121 55 casus,
762 2364 97 55 tunc
822 2364 97 55 deus
883 2364 133 55 dicitur
980 2364 145 55 trinitas
1088 2364 97 55 quia
1149 2364 85 55 est
1197 2364 109 55 trium
1270 2364 169 55 personarum
1403 2364 133 55 vnitas,
1499 2364 97 55 quae
1548 2364 60 55 est

183 2410 137 50 deitas
279 2410 68 50 a
306 2410 96 50 qua
361 2410 150 50 sumitur
470 2410 123 50 nomen
552 2410 123 50 deus.
634 2410 68 50 &
661 2410 96 50 sic
716 2410 150 50 dicitur
825 2410 164 50 trinitas
948 2410 123 50 quasi
1030 2410 123 50 trium
1112 2410 150 50 vnitas.
1222 2410 82 50 Et
1262 2410 150 50 vtroque
1372 2410 109 50 modo
1440 2410 150 50 quantum
1536 2410 68 50 est

174 2451 83 57 ex
216 2451 152 57 ratione
326 2451 97 57 rei
382 2451 221 57 significatae
561 2451 166 57 positiue
686 2451 194 57 significat
838 2451 166 57 quicquid
962 2451 207 57 significat.
1128 2451 97 57 Sed
1183 2451 111 57 quia
1253 2451 97 57 non
1308 2451 221 57 qualescunque
1488 2451 111 57 tres
1557 2451 83 57 ad

175 2501 176 46 trinitatem
314 2501 189 46 concurrunt,
465 2501 88 46 sed
515 2501 164 46 solummodo
641 2501 101 46 tres
704 2501 126 46 specie
792 2501 88 46 vel
842 2501 113 46 quasi
918 2501 126 46 specie
1006 2501 189 46 differentes
1157 2501 101 46 quid
1220 2501 176 46 construunt
1358 2501 138 46 trinum,
1459 2501 76 46 si
1484 2501 126 46 trinitas

175 2539 101 60 non
232 2539 101 60 sit
290 2539 159 60 simplex
406 2539 188 60 deriuatum
550 2539 72 60 a
579 2539 144 60 trino,
680 2539 101 60 sed
738 2539 101 60 sit
796 2539 202 60 compositum
955 2539 87 60 ab
998 2539 173 60 vnitate,
1128 2539 144 60 potius
1229 2539 130 60 debet
1316 2539 116 60 dici
1388 2539 159 60 componi
1504 2539 72 60 a
1518 2539 87 60 ter-

179 2582 79 52 no
218 2582 106 52 siue
285 2582 79 52 in
324 2582 185 52 nominatiuo
470 2582 106 52 siue
536 2582 79 52 in
576 2582 172 52 genitiuo,
708 2582 106 52 quam
774 2582 66 52 a
801 2582 106 52 tris
867 2582 106 52 quod
933 2582 93 52 est
986 2582 119 52 tres,
1065 2582 66 52 &
1092 2582 159 52 vnitate,
1211 2582 79 52 vt
1251 2582 146 52 dicatur
1356 2582 106 52 deus
1423 2582 159 52 trinitas
1542 2582 66 52 &
1555 2582 66 52 vni

169 2627 108 65 tas,
237 2627 122 65 sicut
318 2627 135 65 potest
413 2627 108 65 dici
480 2627 149 65 triunus
588 2627 108 65 quod
656 2627 95 65 est
710 2627 135 65 trinus
804 2627 68 65 &
831 2627 122 65 vnus.
913 2627 81 65 Et
953 2627 108 65 quia
1021 2627 176 65 verissime
1156 2627 95 65 est
1210 2627 108 65 vnus
1277 2627 108 65 siue
1345 2627 149 65 vnitas,
1453 2627 149 65 idcirco
1547 2627 68 65 ve
