2017 3151
404 214 168 88 nentes
522 214 236 88 dignitates
707 214 168 88 quibus
825 214 185 88 colitur
959 214 84 88 &
993 214 185 88 amatur,
1128 214 84 88 &
1161 214 118 88 hoc
1229 214 101 88 ad
1279 214 135 88 eius
1363 214 168 88 laudem
1481 214 84 88 &
1515 214 185 88 gloriam
1632 214 236 88 extollendam.

407 286 108 64 Sed
468 286 124 64 laus
546 286 77 64 &
577 286 155 64 gloria
685 286 108 64 dei
747 286 108 64 per
809 286 279 64 praedicationem
1041 286 170 64 aliquam
1165 286 93 64 in
1211 286 248 64 propositione
1412 286 232 64 affirmatiua
1598 286 108 64 aut
1660 286 201 64 negatiua,
1799 286 62 64 po

406 328 114 65 test
477 328 157 65 extolli
592 328 215 65 dupliciter:
763 328 100 65 vel
821 328 229 65 significando
1007 328 114 65 illa
1078 328 100 65 per
1135 328 129 65 verba
1221 328 86 65 in
1264 328 243 65 praedicatione
1464 328 172 65 prolata,
1593 328 100 65 vel
1650 328 200 65 insinuando
1793 328 72 65 per

410 383 165 58 eadem.
525 383 181 58 Proprie
656 383 148 58 autem
755 383 115 58 per
821 383 296 58 praedicationem
1068 383 263 58 significatur
1282 383 99 58 id
1331 383 132 58 quod
1413 383 99 58 ex
1463 383 313 58 significationis
1709 383 165 58 verborum

398 419 175 66 virtute
525 419 143 66 datur
620 419 222 66 intelligi,
795 419 79 66 &
827 419 111 66 non
890 419 191 66 amplius.
1033 419 222 66 Insinuatur
1208 419 143 66 autem
1303 419 143 66 etiam
1399 419 95 66 id
1446 419 127 66 quod
1526 419 127 66 ille
1605 419 111 66 qui
1669 419 191 66 loquitur
1796 419 79 66 per

414 474 274 52 praedicationem
642 474 229 52 significare
825 474 107 52 non
886 474 198 52 sufficit.
1039 474 107 52 Sed
1100 474 107 52 hoc
1161 474 213 52 dupliciter
1328 474 152 52 potest
1435 474 229 52 contingere.
1618 474 107 52 Vno
1679 474 122 52 modo
1755 474 107 52 per
1801 474 61 52 mi

411 513 103 61 nus
470 513 235 61 significatum
661 513 88 61 in
705 513 250 61 praedicatione
911 513 235 61 intelligendo
1102 513 118 61 quod
1175 513 118 61 plus
1249 513 118 61 est,
1322 513 176 61 secundum
1455 513 118 61 quod
1528 513 191 61 aliquando
1675 513 88 61 de
1704 513 162 61 enuncian-

409 548 86 74 te
452 548 158 74 dicitur
567 548 115 74 quod
638 548 129 74 minus
724 548 129 74 dicit
811 548 72 74 &
839 548 115 74 plus
911 548 215 74 significat.
1083 548 129 74 luxta
1170 548 129 74 illud
1256 548 115 74 quod
1327 548 144 74 Grego.
1428 548 187 74 exponendo
1572 548 129 74 illud
1658 548 115 74 lob.
1729 548 144 74 xxxii.
1816 548 57 74 Nu

415 594 133 68 merus
504 594 163 68 annorum
622 594 118 68 eius
697 594 281 68 inaestimabilis.
933 594 133 68 dicit
1022 594 118 68 sic.
1096 594 148 68 Dicere
1200 594 178 68 vtcumque
1333 594 237 68 aeternitatem
1526 594 163 68 voluit:
1644 594 74 68 &
1674 594 133 68 ipsam
1748 594 133 68 aeterni

403 641 146 62 tatis
500 641 260 62 longitudinem
711 641 146 62 annos
808 641 227 62 nominauit.
987 641 130 62 Quia
1068 641 130 62 enim
1149 641 162 62 amplum
1263 641 130 62 quid
1344 641 162 62 dicere
1458 641 178 62 voluit:
1571 641 65 62 si

407 682 156 63 latius
517 682 109 63 non
579 682 187 63 inuenit:
720 682 125 63 ideo
798 682 141 63 annos
891 682 125 63 sine
969 682 250 63 aestimatione
1172 682 156 63 numeri
1282 682 281 63 multiplicauit:
1516 682 94 63 vt
1563 682 109 63 dum
1625 682 94 63 ea
1672 682 125 63 quae
1750 682 125 63 apud
1813 682 62 63 se

420 743 161 46 prolixa
537 743 234 46 multiplicat:
727 743 234 46 aeternitatis
917 743 234 46 longitudinem
1106 743 88 46 se
1150 743 161 46 intueri
1267 743 102 46 non
1325 743 131 46 posse
1413 743 204 46 infirmitas
1559 743 102 46 humai

413 784 112 55 sed
477 784 96 55 de
525 784 128 55 isto
605 784 128 55 modo
685 784 144 55 nihil
781 784 96 55 ad
829 784 240 55 propositum.
1021 784 128 55 Alio
1101 784 144 55 autem
1198 784 128 55 modo
1278 784 144 55 illud
1374 784 128 55 quod
1454 784 176 55 loquens
1582 784 112 55 per
1630 784 256 55 praedicationem

422 816 246 68 affirmatiuam
622 816 231 68 significare
807 816 108 68 non
868 816 200 68 sufficit,
1022 816 216 68 insinuando
1191 816 108 68 per
1253 816 200 68 negatiuam
1407 816 123 68 illi
1484 816 231 68 contrariam.
1669 816 139 68 iuxta
1761 816 139 68 illud

412 861 126 69 quod
491 861 157 69 dicens
601 861 126 69 post
679 861 204 69 praedicta
837 861 173 69 loannes
962 861 157 69 Scotus
1072 861 126 69 ait.
1151 861 126 69 Plus
1230 861 204 69 intelligo
1387 861 126 69 deum
1465 861 110 69 cum
1528 861 141 69 audio
1623 861 94 69 de
1670 861 126 69 ipso
1733 861 141 69 praedi-

420 904 156 64 cantem,
534 904 171 64 essentia
661 904 100 64 non
718 904 114 64 est,
789 904 156 64 bonitas
903 904 100 64 non
960 904 114 64 est:
1031 904 156 64 quoniam
1145 904 313 64 supersubstantialis
1415 904 100 64 est
1472 904 71 64 &
1500 904 213 64 superbonus:
1671 904 114 64 quam
1742 904 100 64 cum
1799 904 100 64 au-

423 951 113 64 dio,
494 951 170 64 essentia
621 951 113 64 est,
692 951 156 64 bonitas
806 951 113 64 est.
876 951 128 64 Primo
962 951 113 64 modo
1032 951 113 64 dico
1103 951 113 64 quod
1174 951 213 64 praedicatio
1344 951 213 64 affirmatiua
1514 951 128 64 magis
1585 951 57 64 ou

426 989 133 67 cendo
515 989 103 67 est
574 989 148 67 bonus,
677 989 118 67 quam
751 989 177 67 negatiua
884 989 177 67 dicendo,
1017 989 118 67 deus
1091 989 103 67 non
1150 989 103 67 est
1209 989 148 67 bonus:
1313 989 118 67 quia
1387 989 222 67 affirmatiua
1564 989 236 67 significando
1756 989 163 67 aliquid

411 1051 158 51 dignum
522 1051 95 51 de
569 1051 111 51 deo
632 1051 205 51 explicat,
790 1051 79 51 &
822 1051 111 51 hoc
885 1051 158 51 saltem
996 1051 205 51 locutione
1154 1051 237 51 transumpta:
1344 1051 142 51 licet
1438 1051 111 51 non
1486 1051 142 51 propria

418 1081 244 71 significatur
616 1081 91 71 in
661 1081 228 71 praedicato.
844 1081 183 71 Negatiua
981 1081 137 71 autem
1072 1081 244 71 significando
1270 1081 137 71 solum
1361 1081 91 71 de
1407 1081 107 71 deo
1468 1081 167 71 remouet
1590 1081 91 71 id
1635 1081 122 71 quod
1696 1081 183 71 affirmatim

420 1130 89 62 ua
465 1130 208 62 asserebat.
628 1130 89 62 Et
673 1130 119 62 ideo
747 1130 134 62 sicut
837 1130 223 62 affirmatiua
1015 1130 104 62 est
1075 1130 119 62 vera
1149 1130 164 62 sumendo
1268 1130 74 62 l
1298 1130 134 62 bonus
1387 1130 89 62 in
1417 1130 74 62 sis

412 1176 109 62 sic
475 1176 187 62 negatiua
615 1176 109 62 est
678 1176 140 62 falsa
771 1176 172 62 sumendo
896 1176 140 62 ipsum
990 1176 94 62 in
1036 1176 140 62 eadem
1130 1176 296 62 significatione.
1380 1176 140 62 Sicut
1473 1176 78 62 &
1505 1176 203 62 econuerso
1661 1176 172 62 sumendo
1770 1176 109 62 ipsum

415 1218 85 66 in
457 1218 254 66 significatione
669 1218 169 66 propria:
796 1218 211 66 affirmatiua
965 1218 99 66 est
1021 1218 141 66 falsa:
1120 1218 99 66 sic
1176 1218 169 66 negatiua
1303 1218 99 66 est
1359 1218 127 66 vera.
1444 1218 99 66 sed
1486 1218 99 66 nihil

420 1260 220 65 praedicat:
593 1260 79 65 &
624 1260 110 65 non
687 1260 126 65 quid
766 1260 126 65 est:
844 1260 110 65 sed
907 1260 126 65 quid
986 1260 110 65 non
1049 1260 110 65 est
1111 1260 236 65 significat.
1300 1260 173 65 Secundo
1426 1260 141 65 autem
1520 1260 126 65 modo
1598 1260 220 65 determinat
1755 1260 126 65 Diony-

415 1306 122 66 sius.
497 1306 81 66 c.
537 1306 95 66 ii.
592 1306 122 66 cael.
673 1306 122 66 Hier.
754 1306 81 66 vt
795 1306 163 66 obiectum
917 1306 108 66 est,
985 1306 136 66 dicens
1080 1306 108 66 quod
1147 1306 95 66 per
1202 1306 230 66 propositiones
1391 1306 176 66 negatiuas
1527 1306 81 66 ex
1568 1306 136 66 quibus

424 1364 101 48 est
481 1364 101 48 sed
539 1364 116 48 quid
612 1364 101 48 non
669 1364 101 48 est
727 1364 246 48 significatur,
930 1364 145 48 potius
1031 1364 202 48 exprimenda
1190 1364 116 48 quam
1262 1364 101 48 per
1320 1364 130 48 earum
1407 1364 188 48 contraria
1551 1364 101 48 seu
1609 1364 188 48 opposita,
1739 1364 145 48 scilicet

425 1398 108 64 per
486 1398 261 64 propositiones
701 1398 215 64 negatiuas.
870 1398 92 64 Et
916 1398 200 64 propterea
1070 1398 138 64 forte
1162 1398 138 64 omnia
1254 1398 138 64 dicta
1346 1398 200 64 sanctorum
1500 1398 92 64 in
1546 1398 123 64 hanc
1623 1398 154 64 partem
1715 1398 169 64 inclinant

420 1437 77 69 &
450 1437 108 69 hoc
512 1437 124 69 quia
589 1437 263 69 quantuncumque
806 1437 93 69 de
852 1437 108 69 deo
914 1437 139 69 etiam
1007 1437 77 69 a
1037 1437 139 69 summo
1130 1437 154 69 angelo
1238 1437 139 69 beato
1331 1437 247 69 cognoscitur:
1532 1437 124 69 plus
1609 1437 93 69 de
1655 1437 108 69 deo
1702 1437 185 69 cognoscen-

429 1482 101 61 dum
486 1482 130 61 latet
573 1482 115 61 illi
645 1482 115 61 quam
717 1482 87 61 ab
760 1482 87 61 eo
804 1482 231 61 cognoscatur.
991 1482 115 61 Vnde
1063 1482 173 61 postquam
1193 1482 144 61 dictum
1294 1482 101 61 est
1352 1482 115 61 lob.
1424 1482 130 61 xxvi.
1511 1482 130 61 Omnes
1597 1482 159 61 homines
1713 1482 144 61 vident
1799 1482 87 61 eum,

425 1542 82 46 &
457 1542 213 46 exponendo
621 1542 229 46 subiunctum
802 1542 131 46 est,
883 1542 246 46 Vnusquisque
1080 1542 229 46 intuebitur
1260 1542 115 46 eum
1326 1542 180 46 procul,
1457 1542 164 46 addit.
1572 1542 164 46 Magnus
1686 1542 115 46 est
1736 1542 147 46 vincens

432 1571 196 61 scientiam
583 1571 181 61 nostram.
719 1571 106 61 vbi
779 1571 136 61 dicit
870 1571 151 61 Grego.
976 1571 136 61 Omnis
1066 1571 121 61 homo
1142 1571 91 61 ex
1187 1571 91 61 eo
1232 1571 121 61 quod
1308 1571 211 61 rationalis
1474 1571 106 61 est
1535 1571 196 61 conditus:
1686 1571 136 61 debet
1776 1571 91 61 ex
1806 1571 76 61 ra-

430 1630 149 49 tione
530 1630 215 49 colligere
695 1630 116 49 eum
761 1630 116 49 qui
827 1630 99 49 se
877 1630 198 49 condidit
1026 1630 132 49 deum
1109 1630 149 49 esse.
1208 1630 132 49 Quem
1291 1630 182 49 nimirum
1423 1630 116 49 iam
1489 1630 165 49 videre
1605 1630 116 49 est
1654 1630 232 49 dominationem

418 1662 156 63 illius
528 1662 250 63 ratiocinando
731 1662 235 63 conspicere.
919 1662 156 63 Procul
1029 1662 110 63 eum
1091 1662 156 63 videre
1201 1662 110 63 est
1263 1662 110 63 non
1326 1662 110 63 iam
1388 1662 141 63 illum
1482 1662 110 63 per
1545 1662 172 63 speciem
1670 1662 188 63 cernere:
1811 1662 110 63 sed

424 1705 151 67 adhuc
525 1705 100 67 ex
575 1705 134 67 sola
658 1705 167 67 operum
775 1705 167 67 suorum
893 1705 251 67 admiratione
1093 1705 201 67 pensare.
1244 1705 167 67 Videre
1361 1705 117 67 est
1428 1705 301 67 transcendentem
1679 1705 151 67 omnia
1779 1705 100 67 ex
1812 1705 84 67 ra-

419 1748 143 68 tione
514 1748 222 68 colligere.
689 1748 111 68 Non
753 1748 143 68 autem
848 1748 175 68 vincere
975 1748 111 68 eum
1039 1748 175 68 nostram
1166 1748 207 68 scientiam
1325 1748 175 68 narrat,
1452 1748 127 68 quem
1531 1748 159 68 videri
1643 1748 95 68 ab
1690 1748 175 68 omnibus
1802 1748 79 68 di-

420 1795 148 59 xerat:
524 1795 118 59 quia
598 1795 104 59 sic
657 1795 89 59 ex
702 1795 163 59 ratione
820 1795 237 59 conspicitur:
1012 1795 89 59 vt
1057 1795 192 59 magnitudo
1205 1795 148 59 illius
1309 1795 133 59 nulla
1397 1795 148 59 nostri
1501 1795 148 59 sensus
1605 1795 267 59 perspicacitate
1812 1795 74 59 pe-

417 1837 196 63 netretur.
567 1837 180 63 Quicquid
703 1837 150 63 namque
808 1837 90 63 de
853 1837 196 63 claritate
1004 1837 120 63 eius
1079 1837 241 63 magnitudinis
1274 1837 150 63 scimus
1380 1837 135 63 infra
1470 1837 150 63 ipsam,
1575 1837 120 63 immo
1650 1837 105 63 sic
1711 1837 135 63 infra
1801 1837 120 63 quod

419 1889 180 51 infinite
554 1889 120 51 plus
630 1889 105 51 est
690 1889 90 51 in
735 1889 120 51 ipso
810 1889 135 51 supra
900 1889 120 51 quam
975 1889 180 51 cognitum
1111 1889 120 51 est,
1186 1889 120 51 quam
1261 1889 105 51 sit
1321 1889 135 51 ipsum
1412 1889 180 51 cognitum
1547 1889 135 51 etiam
1637 1889 75 51 a
1667 1889 165 51 supremo
1773 1889 120 51 angelo

423 1926 157 57 beato.
533 1926 94 57 Et
580 1926 204 57 propterea
738 1926 126 57 quod
816 1926 299 57 affirmationibus
1068 1926 79 57 &
1099 1926 251 57 positionibus
1303 1926 236 57 significare
1492 1926 110 57 non
1555 1926 173 57 potest:
1665 1926 220 57 negationibus

421 1974 83 60 &
455 1974 282 60 priuationibus
687 1974 133 60 homo
769 1974 215 60 insinuat:
935 1974 99 60 vt
985 1974 182 60 amplius
1118 1974 99 60 in
1167 1974 182 60 proxima
1300 1974 83 60 &
1333 1974 99 60 in
1383 1974 282 60 quaestionibus
1615 1974 249 60 sequentibus
1797 1974 83 60 de-

423 2013 236 58 clarabitur.
612 2013 141 58 Primo
706 2013 126 58 modo
785 2013 204 58 procedunt
942 2013 79 58 &
973 2013 141 58 bene,
1067 2013 141 58 prima
1162 2013 110 58 duo
1224 2013 188 58 obiecta.
1366 2013 126 58 Isto
1444 2013 141 58 autem
1538 2013 173 58 secundo
1664 2013 126 58 modo
1727 2013 157 58 procedit

420 2064 183 57 obiectum
557 2064 92 57 in
603 2064 229 57 contrarium,
786 2064 76 57 &
816 2064 122 57 bene
893 2064 214 57 similiter.
1060 2064 137 57 Licet
1152 2064 122 57 enim
1228 2064 153 57 dicere
1335 2064 122 57 quid
1411 2064 107 57 non
1472 2064 107 57 est
1533 2064 122 57 deus
1609 2064 107 57 sit
1670 2064 214 57 potentius,
1823 2064 61 57 ma

425 2117 108 55 gis
486 2117 185 55 proprium
625 2117 77 55 &
656 2117 139 55 magis
749 2117 231 55 expressiuum
934 2117 77 55 &
964 2117 262 55 excellentius,
1180 2117 170 55 quantum
1304 2117 93 55 ad
1350 2117 201 55 veritatis
1504 2117 262 55 expressionem,
1720 2117 123 55 quam
1782 2117 108 55 dice-

430 2160 92 53 re
476 2160 123 53 quid
553 2160 108 53 est
614 2160 139 53 deus:
707 2160 108 53 hoc
768 2160 108 53 non
830 2160 108 53 est
892 2160 123 53 nisi
969 2160 216 53 insinuando
1138 2160 231 53 quemadmodum
1323 2160 216 53 potentius,
1492 2160 139 53 magis
1585 2160 185 53 proprie,
1708 2160 185 53 expressius

420 2196 74 59 &
450 2196 237 59 excellentius
643 2196 208 59 insinuatur
806 2196 104 59 per
865 2196 163 59 species
984 2196 208 59 dissimiles
1147 2196 74 59 &
1176 2196 282 59 disconuenientes
1414 2196 119 59 quam
1488 2196 104 59 per
1547 2196 163 59 species
1666 2196 163 59 similes
1784 2196 74 59 &
1799 2196 89 59 con-

425 2232 210 61 uenientes.
590 2232 165 61 dicente
710 2232 150 61 loanne
815 2232 150 61 Scoto.
920 2232 135 61 Sicut
1010 2232 165 61 negatio
1130 2232 240 61 affirmationi
1325 2232 225 61 praeponitur
1505 2232 90 61 in
1550 2232 330 61 significationibus:
1820 2232 75 61 ita

430 2287 272 58 inconuenientes
657 2287 136 58 atque
748 2287 182 58 deformes
884 2287 167 58 species
1005 2287 182 58 formosis
1141 2287 318 58 convenientibusque
1414 2287 242 58 praeponimus.
1611 2287 76 58 &
1641 2287 106 58 hoc
1701 2287 91 58 vt
1747 2287 121 58 dixi
1807 2287 76 58 non

425 2329 122 61 nisi
501 2329 228 61 infinuando,
683 2329 106 61 non
744 2329 137 61 autem
835 2329 167 61 proprie
957 2329 258 61 significando.
1170 2329 91 61 Et
1215 2329 106 61 hoc
1276 2329 106 61 est
1337 2329 122 61 quod
1413 2329 182 61 expresse
1550 2329 182 61 declarat
1686 2329 167 61 loannes
1793 2329 91 61 Sco-

431 2373 112 59 tus
495 2373 96 59 in
543 2373 144 59 dicto
640 2373 225 59 argumento.
816 2373 176 59 Aestimo
944 2373 128 59 hanc
1025 2373 193 59 rationem
1169 2373 112 59 &c.
1233 2373 112 59 vbi
1297 2373 96 59 in
1345 2373 128 59 fine
1426 2373 193 59 explicat
1570 2373 112 59 hoc
1634 2373 160 59 verbum
1731 2373 160 59 insinua-

428 2415 124 62 tur.
505 2415 186 62 Declarat
644 2415 139 62 etiam
737 2415 170 62 ipsemet
861 2415 201 62 Dionysius
1016 2415 155 62 quando
1124 2415 108 62 per
1186 2415 108 62 hoc
1248 2415 201 62 concludit
1403 2415 124 62 quod
1480 2415 217 62 dissimiles
1651 2415 170 62 species
1759 2415 124 62 aptius

422 2464 222 64 manifestant
600 2464 148 64 diuina
703 2464 118 64 quam
777 2464 133 64 alia,
865 2464 177 64 subdens.
998 2464 118 64 Quia
1072 2464 148 64 igitur
1176 2464 207 64 negationes
1338 2464 89 64 in
1383 2464 163 64 diuinis
1501 2464 133 64 verae
1589 2464 133 64 sunt,
1663 2464 222 64 affirmationes

431 2509 126 57 vero
510 2509 251 57 incompactae:
714 2509 236 57 obscuritati
903 2509 204 57 arcanorum
1060 2509 141 57 magis
1154 2509 126 57 apta
1233 2509 110 57 est
1296 2509 110 57 per
1359 2509 220 57 dissimiles
1532 2509 236 57 formationes
1704 2509 189 57 manifesta-

434 2559 105 53 tio.
500 2559 184 53 Negationes
645 2559 119 53 verae
724 2559 119 53 sunt:
803 2559 105 53 quia
869 2559 119 53 totum
948 2559 79 53 de
987 2559 92 53 deo
1040 2559 171 53 insinuant
1172 2559 105 53 quod
1237 2559 79 53 de
1277 2559 79 53 eo
1316 2559 224 53 intelligendum
1501 2559 105 53 est.
1567 2559 119 53 Cuius
1646 2559 145 53 aliquod
1738 2559 158 53 affirmatio

433 2595 99 59 nes
489 2595 70 59 &
517 2595 99 59 non
574 2595 127 59 totum
658 2595 225 59 significant.
841 2595 113 59 Quod
912 2595 169 59 insinuat
1039 2595 183 59 Dionysius
1180 2595 99 59 per
1236 2595 99 59 hoc
1292 2595 113 59 quod
1363 2595 183 59 praemisit
1504 2595 155 59 loquens
1616 2595 85 59 de
1659 2595 141 59 diuina
1743 2595 155 59 essentia.

427 2638 102 73 Non
486 2638 131 73 esse:
573 2638 102 73 sed
631 2638 117 73 quid
704 2638 131 73 eorum
792 2638 117 73 quae
865 2638 131 73 sunt:
952 2638 102 73 eam
1010 2638 117 73 vere
1083 2638 175 73 dicimus.
1214 2638 117 73 Quod
1287 2638 175 73 exponens
1418 2638 160 73 loannes
1535 2638 189 73 Saracenus
1680 2638 146 73 dicit.
1782 2638 87 73 i.
1812 2638 87 73 tunc
