2017 3141
137 205 135 67 verum
227 205 105 67 est
287 205 120 67 quod
363 205 90 67 de
408 205 150 67 diuina
513 205 150 67 natura
618 205 181 67 dicimus,
754 205 150 67 quando
859 205 196 67 asserimus
1009 205 105 67 eam
1070 205 120 67 esse
1145 205 105 67 hoc
1205 205 120 67 quod
1280 205 120 67 ipsa
1355 205 120 67 est,
1431 205 105 67 non
1476 205 120 67 secun-

136 271 111 52 dum
200 271 175 52 aliquid
327 271 143 52 eorum
422 271 127 52 quae
501 271 143 52 sunt.
596 271 95 52 Et
644 271 127 52 Hugo
723 271 175 52 loquens
850 271 95 52 de
898 271 159 52 diuina
1009 271 190 52 essentia
1152 271 143 52 addit
1247 271 175 52 dicens.
1374 271 127 52 Quod
1453 271 127 52 enim
1517 271 79 52 ve-

134 316 98 53 re
183 316 131 53 est:
265 316 197 53 secundum
412 316 180 53 aliquid
543 316 147 53 eorum
642 316 131 53 quae
724 316 131 53 sunt
805 316 147 53 totum
904 316 131 53 dici
986 316 115 53 non
1051 316 180 53 potest.
1182 316 98 53 Et
1232 316 131 53 ideo
1313 316 115 53 cum
1379 316 115 53 eam
1428 316 164 53 secundum

133 358 113 48 ista
204 358 113 48 quae
274 358 113 48 sunt
345 358 156 48 aliquid
459 358 113 48 esse
530 358 170 48 dicimus:
657 358 142 48 nondum
756 358 113 48 quod
827 358 113 48 vere
898 358 99 48 est
954 358 99 48 per
1011 358 227 48 expressionem
1195 358 241 48 manifestamus:
1394 358 113 48 Quod
1465 358 113 48 enim
1521 358 71 48 est

133 404 186 62 infinitum
276 404 86 62 ab
319 404 143 62 humana
419 404 172 62 scientia
548 404 186 62 aestimari
691 404 100 62 non
748 404 157 62 potest:
862 404 114 62 quia
934 404 114 62 quod
1005 404 200 62 ineffabile
1163 404 100 62 est
1220 404 100 62 non
1277 404 172 62 dicitur:
1406 404 72 62 &
1435 404 114 62 quia
1492 404 100 62 super

136 443 217 58 essentiale
307 443 124 58 est,
385 443 109 58 non
447 443 279 58 apprehenditur.
680 443 93 58 De
726 443 124 58 ipso
804 443 124 58 ergo
882 443 124 58 mens
959 443 155 58 humana
1068 443 171 58 aliquid
1192 443 155 58 capere
1301 443 171 58 potest:
1425 443 140 58 ipsum
1518 443 109 58 au-

130 499 110 48 tem
193 499 110 48 non
256 499 172 48 potest:
381 499 78 48 &
412 499 157 48 lingua
522 499 157 48 humana
632 499 94 48 de
679 499 125 48 ipso
757 499 172 48 aliquid
882 499 157 48 dicere
992 499 172 48 potest,
1117 499 141 48 ipsum
1211 499 110 48 non
1274 499 172 48 potest.
1399 499 110 48 Nec
1446 499 141 48 idcirco

124 538 120 56 tamen
203 538 133 56 falsum
296 538 93 56 est
350 538 199 56 aestimandum
509 538 106 56 quod
575 538 80 56 de
615 538 106 56 ipso
682 538 159 56 dicitur,
801 538 146 56 quoniam
907 538 80 56 de
947 538 106 56 ipso
1014 538 133 56 tantum
1107 538 93 56 est
1160 538 66 56 &
1186 538 93 56 non
1240 538 106 56 ipse
1306 538 106 56 quod
1372 538 159 56 dicitur,
1492 538 120 56 neque

125 582 120 57 totum
205 582 107 57 quod
272 582 80 57 de
312 582 107 57 ipso
379 582 187 57 cogitatur,
526 582 147 57 quoniam
633 582 80 57 de
673 582 107 57 ipso
740 582 134 57 tantum
834 582 94 57 est
887 582 67 57 &
914 582 94 57 non
967 582 94 57 hoc
1021 582 107 57 quod
1088 582 187 57 cogitatur,
1235 582 147 57 quoniam
1342 582 120 57 verum
1422 582 147 57 dicitur
1529 582 67 57 &
1542 582 54 57 ve

126 623 128 55 ritas
211 623 199 55 cogitatur.
368 623 156 55 Propter
481 623 114 55 quod
553 623 85 55 de
595 623 228 55 negationibus
780 623 128 55 dicit
866 623 185 55 Dionysius
1008 623 213 55 simpliciter
1178 623 114 55 quod
1250 623 114 55 sint
1321 623 142 55 verae:
1420 623 85 55 de
1449 623 142 55 affirma-

133 675 163 56 tionibus
255 675 122 56 autem
337 675 95 56 non
391 675 122 56 dicit
472 675 108 56 quod
540 675 108 56 sint
607 675 149 56 falsae:
716 675 95 56 sed
770 675 108 56 quod
838 675 108 56 sint
905 675 217 56 incompactae,
1081 675 122 56 quasi
1163 675 95 56 non
1217 675 95 56 tam
1271 675 203 56 praedicatum
1433 675 95 56 sit
1488 675 95 56 par
1528 675 68 56 cum

124 715 181 52 subiecto
260 715 91 52 vt
305 715 196 52 expressam
456 715 76 52 &
487 715 196 52 perfectam
638 715 196 52 veritatem
789 715 91 52 de
834 715 121 52 ipso
910 715 151 52 possit
1016 715 212 52 explicare:
1182 715 166 52 quantum
1303 715 91 52 in
1348 715 151 52 nostra
1439 715 151 52 praedica

133 762 107 58 tum
194 762 214 58 intentione
362 762 107 58 est
423 762 199 58 compactum
576 762 76 58 a
606 762 183 58 subiecto
744 762 92 58 vt
789 762 199 58 expressam
942 762 76 58 &
973 762 199 58 perfectam
1126 762 199 58 veritatem
1278 762 92 58 de
1324 762 122 58 ipso
1400 762 153 58 possit
1492 762 107 58 expri

132 808 142 51 mere.
227 808 79 51 &
259 808 111 51 hoc
322 808 237 51 quemadmodum
511 808 158 51 quoquo
622 808 126 51 modo
701 808 142 51 genus
796 808 237 51 praedicatum
986 808 237 51 affirmatiue
1175 808 95 51 de
1223 808 174 51 specie,
1349 808 111 51 non
1412 808 111 51 tam
1460 808 126 51 perfe-

128 848 116 59 ctam
201 848 189 59 veritatem
346 848 116 59 eius
419 848 189 59 explicat:
564 848 87 59 vt
608 848 174 59 explicat
739 848 116 59 tota
811 848 203 59 definitio,
971 848 116 59 quae
1044 848 247 59 vniuersaliter
1247 848 174 59 exprimit
1378 848 116 59 omne
1436 848 160 59 praedica-

132 896 99 54 tum
189 896 85 54 de
231 896 142 54 eadem.
330 896 114 54 Hinc
401 896 128 54 dicit
487 896 156 54 loannes
600 896 199 54 Saracenus.
756 896 241 54 Affirmationes
955 896 85 54 in
997 896 99 54 deo
1054 896 213 54 incompactae
1224 896 128 54 sunt.
1309 896 85 54 i.
1352 896 213 54 resilientes
1508 896 71 54 non

134 936 224 59 adhaerentes:
316 936 140 59 vtpote
414 936 210 59 mentientes.
582 936 126 59 inter
666 936 98 59 has
722 936 112 59 enim
792 936 98 59 est
848 936 84 59 vt
890 936 322 59 supersubstantialis.
1170 936 84 59 Et
1212 936 154 59 loannes
1324 936 140 59 Scotus
1422 936 140 59 ibidem
1506 936 84 59 expo

119 977 99 56 nit
176 977 156 56 dicens.
289 977 85 56 Et
332 977 85 56 vt
374 977 156 56 plenius
488 977 142 56 dicam,
587 977 113 56 plus
658 977 184 56 intelligo
800 977 113 56 deum
871 977 99 56 &c.
927 977 85 56 vt
970 977 142 56 supra.
1069 977 85 56 Et
1112 977 99 56 sic
1168 977 170 56 secundum
1296 977 142 56 dictum
1395 977 128 56 modum
1466 977 128 56 exponem

124 1027 76 51 di
162 1027 153 51 dicuntur
277 1027 216 51 affirmationes
455 1027 204 51 incompactae:
620 1027 178 51 aspiciendo
760 1027 153 51 scilicet
875 1027 76 51 ad
913 1027 76 51 id
951 1027 102 51 quod
1015 1027 165 51 dictiones
1142 1027 178 51 translatae
1282 1027 64 51 a
1307 1027 165 51 creaturis
1422 1027 165 51 significant

132 1073 87 58 de
175 1073 116 58 deo.
247 1073 202 58 Aspiciendo
406 1073 130 58 autem
493 1073 87 58 ad
536 1073 87 58 id
579 1073 116 58 quod
651 1073 217 58 significant
825 1073 87 58 de
868 1073 202 58 creaturis,
1027 1073 144 58 aliter
1128 1073 159 58 exponit
1243 1073 116 58 Hugo
1316 1073 159 58 dicens.
1417 1073 173 58 Manifestum

130 1115 93 58 est
183 1115 80 58 in
223 1115 147 58 diuinis
330 1115 67 58 &
357 1115 93 58 his
410 1115 107 58 quae
477 1115 80 58 de
517 1115 93 58 deo
570 1115 160 58 dicuntur
690 1115 67 58 &
717 1115 93 58 deo
771 1115 227 58 attribuuntur,
957 1115 187 58 negationes
1104 1115 107 58 esse
1171 1115 120 58 veras
1251 1115 80 58 id
1291 1115 93 58 est
1345 1115 174 58 proprias.
1465 1115 120 58 Affirma

123 1164 125 53 tiones
211 1164 100 53 vero
274 1164 188 53 incompactas
424 1164 75 53 id
461 1164 88 53 est
511 1164 175 53 improprias
649 1164 63 53 &
674 1164 88 53 non
724 1164 200 53 cohaerentes:
887 1164 138 53 quoniam
987 1164 175 53 dissimilia
1124 1164 138 53 iungere
1224 1164 150 53 conantur
1337 1164 150 53 scilicet
1449 1164 113 53 deum,
1524 1164 63 53 &
1537 1164 50 53 id

130 1202 106 60 quod
196 1202 93 60 est
249 1202 79 60 in
289 1202 172 60 creatura.
421 1202 106 60 Quod
487 1202 119 60 etiam
567 1202 185 60 intellexit
713 1202 146 60 loannes
819 1202 146 60 Scotus:
925 1202 93 60 qui
978 1202 159 60 postquam
1097 1202 132 60 dixit,
1190 1202 106 60 Plus
1256 1202 172 60 intelligo
1388 1202 106 60 deum
1455 1202 93 60 &c.
1494 1202 93 60 adium

125 1242 117 67 xit.
198 1242 102 67 Hoc
257 1242 117 67 enim
330 1242 117 67 deum
403 1242 131 67 inter
491 1242 131 67 omnia
578 1242 219 67 connumerat:
753 1242 131 67 illud
841 1242 131 67 autem
929 1242 131 67 inter
1016 1242 131 67 omnia
1104 1242 131 67 ipsum
1192 1242 175 67 exaltat.
1323 1242 117 67 Quid
1396 1242 190 67 solummodo
1528 1242 58 67 ve

119 1298 98 56 rum
175 1298 98 56 est
231 1298 168 56 secundum
357 1298 126 56 illos
441 1298 98 56 qui
497 1298 98 56 non
553 1298 210 56 transferunt
721 1298 182 56 dictiones
861 1298 84 56 ad
902 1298 238 56 significandum
1098 1298 126 56 aliud
1182 1298 84 56 ab
1224 1298 84 56 eo
1266 1298 84 56 ad
1308 1298 112 56 quod
1378 1298 196 56 institutae
1518 1298 84 56 sunt

129 1347 86 47 ab
172 1347 158 47 initio:
286 1347 143 47 quibus
387 1347 187 47 propterea
530 1347 230 47 affirmatiuae
717 1347 129 47 magis
803 1347 115 47 sunt
875 1347 129 47 causa
961 1347 158 47 erroris
1076 1347 115 47 quam
1147 1347 201 47 negatiuae,
1305 1347 129 47 sicut
1391 1347 72 47 &
1420 1347 158 47 similes
1520 1347 72 47 spe

129 1379 118 60 cies
203 1379 133 60 magis
292 1379 118 60 quam
366 1379 222 60 dissimiles.
543 1379 163 60 Dicente
661 1379 148 60 loanne
765 1379 133 60 Scoto
854 1379 133 60 super
942 1379 118 60 idem
1016 1379 163 60 verbum.
1135 1379 104 60 Dum
1194 1379 89 60 in
1238 1379 163 60 sanctis
1356 1379 207 60 visionibus
1504 1379 89 60 san-

127 1427 145 59 ctorum
228 1427 217 59 prophetarum
402 1427 101 59 ego
460 1427 159 59 humanam
576 1427 174 59 effigiem
706 1427 188 59 inuenerim
851 1427 203 59 absolutam,
1010 1427 203 59 omnibusque
1170 1427 130 59 modis
1257 1427 203 59 naturalem,
1416 1427 87 59 in
1445 1427 145 59 signifi-

135 1473 158 57 catione
250 1473 144 57 ipsius
350 1473 101 57 qui
408 1473 129 57 super
494 1473 129 57 omnem
581 1473 72 57 &
609 1473 144 57 formam
710 1473 72 57 &
739 1473 158 57 figuram
854 1473 86 57 in
897 1473 144 57 seipso
998 1473 144 57 absque
1098 1473 129 57 forma
1185 1473 187 57 subsistit
1329 1473 72 57 &
1357 1473 158 57 figura:
1473 1473 115 57 plus
1530 1473 72 57 pos

124 1516 109 58 sum
187 1516 155 58 decipi
295 1516 93 58 vt
342 1516 186 58 aestimem
481 1516 124 58 deum
559 1516 140 58 ipsum
652 1516 310 58 incircunscriptum
916 1516 155 58 humana
1024 1516 171 58 effigie
1149 1516 264 58 circunscribi.
1366 1516 109 58 Dum
1428 1516 93 58 in
1459 1516 124 58 eisdem

138 1560 193 53 visionibus
290 1560 151 53 peenati
400 1560 151 53 hominis
510 1560 83 53 ac
551 1560 165 53 volantis
675 1560 165 53 imaginem
798 1560 165 53 inuenio,
922 1560 83 53 in
963 1560 248 53 significatione
1170 1560 193 53 caelestium
1321 1560 165 53 virtutum
1445 1560 96 53 seu
1486 1560 110 53 ipsius

132 1606 208 58 diuinitatis
299 1606 97 58 non
354 1606 139 58 facile
451 1606 153 58 fallor:
563 1606 153 58 quoniam
674 1606 83 58 in
715 1606 139 58 natura
812 1606 125 58 rerum
896 1606 194 58 visibilium
1049 1606 167 58 pennatum
1173 1606 153 58 hominem
1285 1606 69 58 &
1312 1606 194 58 volitantem
1465 1606 97 58 nec
1507 1606 83 58 vidi

123 1647 112 55 nec
187 1647 143 55 legi,
282 1647 112 55 nec
346 1647 175 55 audiui.
474 1647 112 55 Est
537 1647 127 55 enim
617 1647 255 55 monstruosum,
824 1647 80 55 &
856 1647 159 55 omnino
968 1647 80 55 a
999 1647 159 55 natura
1111 1647 159 55 humana
1223 1647 191 55 alienum.
1366 1647 112 55 Nam
1430 1647 80 55 &
1446 1647 143 55 poetica

121 1702 189 51 sigmenta
263 1702 94 51 in
310 1702 220 51 falsissima
483 1702 157 51 fabula
593 1702 94 51 de
640 1702 157 51 volatu
750 1702 110 51 non
813 1702 126 51 ausa
891 1702 126 51 sunt
970 1702 173 51 fingere
1095 1702 157 51 plumas
1205 1702 79 51 &
1237 1702 126 51 alas
1315 1702 94 51 de
1362 1702 173 51 corpore
1472 1702 126 51 ipsius

130 1746 160 50 hominis
247 1746 218 50 naturaliter
421 1746 189 50 creuisse.
566 1746 218 50 Incredibile
741 1746 116 50 enim
813 1746 145 50 esset.
915 1746 87 50 Et
959 1746 102 50 per
1017 1746 102 50 hoc
1075 1746 145 50 citius
1177 1746 160 50 adducor
1293 1746 116 50 tali
1366 1746 160 50 imagine
1482 1746 145 50 omnino

124 1783 163 57 diuinas
243 1783 193 57 virtutes:
391 1783 178 57 ipsumque
525 1783 119 57 deum
599 1783 252 57 circunscribi,
806 1783 89 57 ac
851 1783 208 57 deformiter
1014 1783 178 57 formari:
1147 1783 119 57 omne
1221 1783 178 57 siquidem
1355 1783 119 57 quod
1429 1783 148 57 contra
1518 1783 89 57 natu

138 1828 99 54 ram
194 1828 113 54 est,
265 1828 127 54 turpe
349 1828 127 54 atque
434 1828 155 54 deforme
546 1828 113 54 est:
617 1828 113 54 quam
687 1828 84 54 ad
729 1828 183 54 sequendum
870 1828 127 54 tales
954 1828 141 54 formas
1053 1828 211 54 naturaliter
1222 1828 141 54 inesse
1320 1828 225 54 caelestibus,
1503 1828 70 54 &
1518 1828 84 54 con-

131 1873 131 52 tinuo
219 1873 131 52 nullo
306 1873 131 52 morae
393 1873 218 52 interstitio
568 1873 189 52 perspicio
713 1873 175 52 imagines
844 1873 131 52 illas
932 1873 160 52 diuinae
1048 1873 204 52 scripturae
1208 1873 262 52 significatiuas
1426 1873 116 52 esse
1485 1873 116 52 natura

126 1921 112 53 lium
196 1921 126 53 rerum
280 1921 126 53 atque
364 1921 210 53 simplicium,
531 1921 70 53 &
559 1921 112 53 omni
629 1921 126 53 forma
713 1921 126 53 atque
797 1921 140 53 figura
894 1921 182 53 sensibili
1034 1921 140 53 circum
1132 1921 196 53 scriptaque
1286 1921 196 53 carentium:
1439 1921 98 53 non
1495 1921 126 53 autem

135 1968 133 51 illas
224 1968 163 51 naturas
342 1968 118 51 quae
416 1968 133 51 illis
505 1968 311 51 significationibus
772 1968 89 51 ad
816 1968 192 51 purgandas
964 1968 163 51 nostras
1083 1968 178 51 terrenas
1216 1968 237 51 cogitationes
1394 1968 192 51 intimantur.

133 2003 70 60 &
161 2003 140 60 infra.
259 2003 84 60 Et
301 2003 112 60 quod
371 2003 84 60 de
414 2003 154 60 effigie
526 2003 168 60 volantis
652 2003 154 60 hominis
764 2003 168 60 diximus,
891 2003 126 60 ipsum
975 2003 84 60 de
1017 2003 140 60 leone,
1115 2003 140 60 vitulo
1213 2003 168 60 pennoso,
1339 2003 154 60 idemque
1452 2003 84 60 de
1480 2003 112 60 aquila

125 2057 147 55 humano
228 2057 132 55 vultu
316 2057 235 55 configurata,
506 2057 220 55 caeterisque
682 2057 176 55 confusis
814 2057 176 55 figuris,
946 2057 103 55 seu
1005 2057 88 55 in
1049 2057 147 55 genere
1151 2057 220 55 superssuis:
1327 2057 88 55 vt
1371 2057 176 55 animalia
1488 2057 103 55 senas

135 2096 111 60 alas
205 2096 181 60 habentia,
344 2096 97 60 est
399 2096 250 60 intelligendum.
608 2096 111 60 Quod
677 2096 139 60 potest
775 2096 111 60 esse
844 2096 111 60 alia
914 2096 125 60 causa
997 2096 153 60 dicendi
1108 2096 181 60 negatiuas
1247 2096 250 60 praedicationes
1456 2096 125 60 magis
1525 2096 70 60 con

134 2140 147 65 gruere
237 2140 103 65 deo
296 2140 117 65 quam
369 2140 250 65 affirmatiuas:
575 2140 103 65 sed
633 2140 103 65 hoc
692 2140 103 65 est
751 2140 147 65 verius
853 2140 132 65 causa
942 2140 161 65 dicendi
1059 2140 191 65 negatiuas
1206 2140 73 65 &
1235 2140 205 65 dissimiles
1397 2140 161 65 species
1499 2140 103 65 magis

131 2196 185 51 congruere
273 2196 128 51 nobis
359 2196 114 51 quam
430 2196 228 51 affirmatiuas
615 2196 71 51 &
644 2196 157 51 similes
758 2196 171 51 species.
886 2196 85 51 Et
928 2196 100 51 sic
985 2196 228 51 intelligendo
1171 2196 242 51 propositiones
1370 2196 142 51 dictas
1456 2196 142 51 affirma-

135 2231 127 55 tiuas
220 2231 170 55 secundum
347 2231 142 55 sensum
446 2231 113 55 suum
517 2231 170 55 proprium
644 2231 142 55 falsae
744 2231 127 55 sunt:
829 2231 113 55 quia
899 2231 85 55 in
942 2231 127 55 veris
1027 2231 227 55 affirmatiuis
1211 2231 142 55 debent
1310 2231 156 55 similia
1423 2231 142 55 adiugi
1508 2231 85 55 simi

149 2278 143 49 libus:
249 2278 171 49 secundum
377 2278 114 49 quod
448 2278 143 49 multis
548 2278 185 49 capitibus
691 2278 185 49 separatis
833 2278 71 49 a
862 2278 143 49 collis
962 2278 171 49 amicitia
1090 2278 171 49 secundum
1218 2278 157 49 Empedo.
1332 2278 143 49 posuit
1432 2278 143 49 simile
1518 2278 71 49 cum

135 2321 158 51 simili:
249 2321 86 51 vt
292 2321 215 51 vnumquodque
465 2321 172 51 intraret
594 2321 115 51 suam
665 2321 244 51 coniuncturam,
866 2321 72 51 &
895 2321 129 51 collo
981 2321 100 51 suo
1038 2321 258 51 coniungeretur,
1254 2321 100 51 non
1311 2321 129 51 autem
1397 2321 187 51 dissimile
1526 2321 72 51 cum

136 2366 205 53 dissimili,
297 2366 88 53 ne
341 2366 190 53 iuncturam
488 2366 161 53 intrare
605 2366 102 53 non
663 2366 146 53 potens
766 2366 132 53 totum
854 2366 161 53 manerer
971 2366 234 53 incompactum.
1161 2366 176 53 secundum
1293 2366 117 53 quod
1366 2366 88 53 de
1410 2366 190 53 positione
1541 2366 59 53 si

139 2414 128 51 milis
224 2414 100 51 cum
281 2414 143 51 simili
381 2414 171 51 secundum
509 2414 157 51 Empedo.
623 2414 157 51 habitum
738 2414 100 51 est
795 2414 86 51 in
837 2414 214 51 praecedenti
1008 2414 214 51 quaestione.
1180 2414 100 51 Sed
1237 2414 114 51 Hugo
1308 2414 100 51 non
1365 2414 128 51 dicit
1450 2414 171 51 iungunt:

137 2455 104 53 sed
197 2455 164 53 iungere
316 2455 194 53 conantur,
465 2455 75 53 &
495 2455 104 53 hoc
554 2455 89 53 in
599 2455 104 53 hoc
659 2455 119 53 quod
733 2455 179 53 secundum
868 2455 179 53 propriam
1002 2455 283 53 significationem
1240 2455 209 53 dissimilia
1404 2455 134 53 iungi
1479 2455 104 53 prae-

144 2489 192 64 tendunt.
288 2489 96 64 Et
336 2489 112 64 per
400 2489 112 64 hoc
464 2489 128 64 deum
544 2489 224 64 quodammodo
720 2489 192 64 secundum
864 2489 176 64 loannem
991 2489 144 64 inter
1087 2489 144 64 omnia
1183 2489 256 64 connumerant:
1391 2489 112 64 sed
1439 2489 160 64 secundum

137 2548 236 50 transumptum
326 2548 94 50 re
373 2548 126 50 vera
452 2548 173 50 similia
578 2548 189 50 iungunt,
720 2548 79 50 &
751 2548 110 50 per
814 2548 110 50 hoc
877 2548 126 50 deum
956 2548 142 50 super
1051 2548 142 50 omnia
1145 2548 205 50 exaltant:
1303 2548 142 50 licet
1397 2548 110 50 non
1460 2548 110 50 tam
1507 2548 79 50 ple

131 2583 89 64 ne
176 2583 74 64 &
205 2583 178 64 expresse
338 2583 163 64 quantum
457 2583 89 64 in
501 2583 89 64 se
546 2583 104 64 est
605 2583 207 64 exaltatus.
768 2583 163 64 Propter
886 2583 118 64 quod
960 2583 104 64 nec
1020 2583 133 64 plene
1108 2583 163 64 similia
1227 2583 178 64 iungunt:
1360 2583 74 64 &
1390 2583 118 64 ideo
1464 2583 133 64 etiam
1538 2583 59 64 in

139 2636 192 68 compactae
287 2636 192 68 dicuntur:
435 2636 133 68 verae
524 2636 148 68 tamen,
627 2636 133 68 licet
716 2636 104 68 non
775 2636 104 68 sic
834 2636 192 68 veritatem
982 2636 192 68 explicent
1130 2636 89 68 vt
1174 2636 104 68 est
1233 2636 89 68 in
1263 2636 74 68 re.
