2017 3152
638 219 100 78 uia
695 219 114 78 lrca
766 219 157 78 tertium
881 219 172 78 arguitur
1010 219 114 78 quod
1081 219 129 78 nihil
1167 219 143 78 potest
1267 219 157 78 proprie
1382 219 200 78 praedicari
1539 219 86 78 in
1582 219 172 78 diuinis,
1711 219 129 78 Primo
1782 219 86 78 sic.

687 282 114 60 Quod
758 282 100 60 non
815 282 200 60 significat
973 282 157 60 aliquid
1087 282 172 60 proprie,
1216 282 100 60 non
1273 282 143 60 potest
1373 282 86 60 de
1416 282 143 60 aliquo
1516 282 157 60 proprie
1630 282 214 60 praedicari:
1787 282 86 60 quia

695 326 160 56 dicatum
812 326 102 56 non
870 326 189 56 praedicat
1016 326 87 56 de
1059 326 175 56 subiecto
1190 326 116 56 nisi
1263 326 87 56 id
1307 326 116 56 quod
1379 326 218 56 significat.
1554 326 102 56 sed
1612 326 87 56 in
1656 326 160 56 diuinis
1758 326 116 56 nullum

694 370 79 62 st
733 370 211 62 praedicabile
905 370 106 62 quod
971 370 145 62 aliquid
1076 370 145 62 proprie
1182 370 198 62 significat:
1340 370 106 62 quia
1406 370 79 62 in
1446 370 92 62 deo
1499 370 119 62 nihil
1578 370 92 62 est
1631 370 211 62 praedicabile
1789 370 79 62 nisi

690 418 195 54 ranslatum
840 418 75 54 a
870 418 195 54 creaturis
1020 418 240 54 translatione
1215 418 105 54 rei
1275 418 75 54 &
1306 418 180 54 nominis:
1441 418 90 54 vt
1486 418 90 54 in
1531 418 135 54 illis
1621 418 120 54 quae
1681 418 195 54 principali-

678 458 105 59 ter
738 458 194 59 exprimunt
887 458 119 59 quae
962 458 119 59 sunt
1037 458 209 59 dignitatis
1201 458 239 59 simpliciter:
1395 458 90 59 vt
1440 458 90 59 in
1485 458 164 59 talibus
1604 458 194 59 nominibus
1739 458 119 59 bonus,

678 500 73 57 &
708 500 175 57 sapiens:
839 500 102 57 vel
897 500 233 57 translatione
1086 500 102 57 rei
1145 500 160 57 tantum:
1261 500 87 57 vt
1305 500 87 57 in
1349 500 102 57 hoc
1407 500 146 57 nomine
1509 500 131 57 deus:
1596 500 87 57 vt
1640 500 160 57 habitum
1756 500 102 57 est
1800 500 73 57 su-

412 547 99 63 pra
468 547 211 63 quaestione.
637 547 99 63 ix.
694 547 169 63 articuli
820 547 225 63 praecedentis
1004 547 85 63 in
1046 547 155 63 corpore
1159 547 197 63 solutionis
1314 547 85 63 in
1356 547 127 63 fine,
1440 547 113 63 ergo
1511 547 99 63 &c.
1567 547 70 63 ⁋
1595 547 155 63 Secundo
1708 547 113 63 sic.
1764 547 113 63 Augus.

411 591 140 59 dicit
505 591 155 59 contra
613 591 171 59 Adiman.
737 591 171 59 indigna
861 591 124 59 esse
939 591 171 59 diuinae
1063 591 217 59 maiestati,
1233 591 124 59 quae
1311 591 171 59 homines
1435 591 109 59 cum
1497 591 155 59 aliqua
1605 591 202 59 dignitate
1745 591 124 59 putant

411 641 150 51 dicere:
520 641 82 51 vt
561 641 150 51 habitum
670 641 95 51 est
725 641 123 51 supra
806 641 204 51 quaestione.
970 641 123 51 viii.
1052 641 163 51 articuli
1174 641 218 51 praecedentis
1351 641 82 51 in
1392 641 136 51 quarto
1488 641 191 51 argumento.
1637 641 95 51 sed
1692 641 82 51 si
1733 641 109 51 ista
1801 641 95 51 non

403 688 120 49 sunt
478 688 135 49 digna
568 688 165 49 diuinae
687 688 209 49 maiestati,
852 688 135 49 multo
942 688 165 49 fortius
1061 688 120 49 ergo
1136 688 105 49 nec
1196 688 150 49 aliqua
1301 688 135 49 alia.
1390 688 105 49 sed
1450 688 120 49 quae
1525 688 105 49 non
1585 688 120 49 sunt
1660 688 135 49 digna
1734 688 135 49 diuinae

412 736 193 50 maiestati,
564 736 83 50 in
605 736 151 50 diuinis
715 736 151 50 proprie
825 736 193 50 praedicari
976 736 96 50 non
1032 736 165 50 possunt:
1155 736 110 50 ergo
1224 736 96 50 &c.
1279 736 69 50 ⁋
1307 736 83 50 In
1348 736 193 50 contrarium
1499 736 96 50 est
1554 736 110 50 quod
1623 736 110 50 illa
1692 736 110 50 quae
1761 736 83 50 se
1802 736 96 50 ha-

414 775 117 52 bent
488 775 132 52 sicut
576 775 132 52 forma
664 775 88 52 ad
708 775 205 52 subiectum,
869 775 161 52 proprie
987 775 205 52 praedicari
1148 775 161 52 possunt
1265 775 88 52 de
1309 775 132 52 illo.
1397 775 88 52 In
1441 775 161 52 diuinis
1559 775 132 52 plura
1647 775 117 52 sunt
1720 775 117 52 quae
1794 775 103 52 ha-

413 820 121 60 bent
488 820 166 60 aliquid
609 820 181 60 existens
745 820 91 60 in
790 820 106 60 deo
851 820 91 60 se
896 820 151 60 habens
1002 820 91 60 ad
1047 820 136 60 aliud
1137 820 136 60 sicut
1228 820 136 60 forma
1319 820 91 60 ad
1364 820 211 60 subiectum:
1530 820 91 60 vt
1575 820 166 60 bonitas
1696 820 75 60 &
1711 820 166 60 sapientia

407 856 119 64 quae
482 856 119 64 sunt
556 856 134 64 sicut
645 856 194 64 qualitas,
794 856 209 64 magnitudo,
958 856 74 64 &
988 856 223 64 aeternitas,
1167 856 119 64 quae
1241 856 119 64 sunt
1316 856 134 64 sicut
1405 856 223 64 quantitates
1584 856 179 64 respectu
1718 856 164 64 diuinae
1822 856 60 64 es

406 909 147 56 sentiae
513 909 67 56 &
539 909 201 56 personarum:
700 909 80 56 in
740 909 134 56 quibus
834 909 120 56 sicut
914 909 134 56 formae
1008 909 120 56 etiam
1088 909 107 56 sunt
1155 909 187 56 paternitas
1302 909 67 56 &
1329 909 174 56 filiatio,
1462 909 107 56 quae
1529 909 107 56 sunt
1596 909 201 56 relationes:
1757 909 107 56 ergo
1810 909 67 56 &c.

427 954 88 101 ⁋
463 954 141 101 Dico
551 954 141 101 quod
639 954 212 101 quaestio
798 954 106 101 de
851 954 194 101 proprie
993 954 124 101 vel
1063 954 230 101 improprie
1240 954 247 101 praedicari
1434 954 124 101 non
1505 954 159 101 habet
1611 954 159 101 locum
1717 954 106 101 in
1752 954 124 101 diui-

426 1033 103 60 nis
485 1033 103 60 nec
544 1033 88 60 in
588 1033 132 60 aliis
677 1033 88 60 de
721 1033 294 60 praedicationibus
971 1033 118 60 quae
1045 1033 132 60 fiunt
1133 1033 103 60 per
1192 1033 236 60 identitatem,
1383 1033 88 60 in
1427 1033 147 60 quibus
1530 1033 118 60 idem
1604 1033 221 60 praedicatur
1781 1033 88 60 de
1810 1033 59 60 se

423 1080 123 65 ipso:
506 1080 82 65 vt
547 1080 110 65 deus
615 1080 96 65 est
670 1080 123 65 deus,
752 1080 137 65 deitas
848 1080 96 65 est
903 1080 151 65 deitas:
1013 1080 110 65 quia
1082 1080 123 65 talis
1164 1080 206 65 praedicatio
1328 1080 96 65 non
1383 1080 137 65 potest
1479 1080 110 65 esse
1548 1080 110 65 nisi
1616 1080 165 65 propria:
1740 1080 96 65 sed
1781 1080 96 65 solum

413 1125 89 54 in
458 1125 133 54 illis
546 1125 89 54 in
590 1125 148 54 quibus
694 1125 221 54 praedicatur
871 1125 207 54 distinctum
1033 1125 89 54 de
1077 1125 207 54 distincto:
1240 1125 89 54 vt
1284 1125 207 54 attributum
1446 1125 89 54 de
1490 1125 207 54 attributo:
1653 1125 103 54 vel
1712 1125 89 54 de
1741 1125 133 54 natura,

421 1174 99 56 vel
477 1174 85 56 de
520 1174 170 56 persona,
647 1174 99 56 vel
704 1174 184 56 econuerso
846 1174 198 56 quodcumque
1001 1174 156 56 illorum
1115 1174 85 56 de
1157 1174 127 56 alio:
1242 1174 113 56 quam
1313 1174 99 56 per
1369 1174 255 56 informationem.
1582 1174 85 56 In
1624 1174 99 56 qua
1667 1174 212 56 praedicatione

426 1213 111 58 dico
496 1213 111 58 quod
565 1213 153 58 proprie
677 1213 97 58 aut
732 1213 181 58 improprie
871 1213 195 58 praedicari
1024 1213 167 58 prouenit
1150 1213 83 58 ex
1191 1213 125 58 parte
1275 1213 139 58 illius
1372 1213 111 58 quod
1442 1213 223 58 praedicatur.
1623 1213 70 58 &
1650 1213 97 58 hoc
1692 1213 181 58 dupliciter-

426 1254 105 62 Vno
486 1254 120 62 modo
561 1254 90 62 ex
606 1254 135 62 parte
696 1254 165 62 nominis
817 1254 270 62 significantis.
1042 1254 120 62 Alio
1117 1254 120 62 modo
1192 1254 90 62 ex
1237 1254 135 62 parte
1327 1254 150 62 ipsius
1432 1254 105 62 rei
1492 1254 255 62 significatae.
1703 1254 135 62 Primo
1793 1254 105 62 mo-

410 1302 89 55 do
455 1302 177 55 prouenit
587 1302 89 55 ex
632 1302 118 55 modo
706 1302 236 55 significandi
897 1302 177 55 nominis:
1030 1302 118 55 quia
1104 1302 103 55 vbi
1163 1302 103 55 est
1222 1302 207 55 informatio
1385 1302 148 55 aliqua
1488 1302 103 55 vel
1547 1302 207 55 propositio
1695 1302 177 55 improprie,

414 1347 196 58 subiectum
564 1347 90 58 eo
610 1347 120 58 quod
685 1347 90 58 se
730 1347 135 58 habet
820 1347 90 58 in
865 1347 165 58 ratione
986 1347 181 58 materiae
1121 1347 135 58 debet
1211 1347 226 58 significare
1392 1347 105 58 per
1452 1347 135 58 modum
1542 1347 256 58 subsistentis,
1753 1347 75 58 &
1768 1347 105 58 prae-

409 1400 165 54 dicatum
529 1400 90 54 eo
574 1400 120 54 quod
648 1400 90 54 se
693 1400 135 54 habet
783 1400 90 54 in
828 1400 165 54 ratione
948 1400 150 54 formae
1052 1400 135 54 debet
1142 1400 224 54 significare
1322 1400 105 54 per
1381 1400 135 54 modum
1471 1400 239 54 informantis,
1666 1400 105 54 vel
1725 1400 180 54 formali-

411 1440 111 52 ter
475 1440 95 52 ad
522 1440 143 52 modum
617 1440 111 52 quo
680 1440 158 52 partes
791 1440 253 52 definitionis
997 1440 127 52 sunt
1076 1440 158 52 formae
1187 1440 79 52 &
1219 1440 206 52 definiti:
1377 1440 95 52 vt
1425 1440 158 52 animal
1535 1440 79 52 &
1567 1440 206 52 rationale
1710 1440 158 52 hominis,

412 1492 103 49 vel
471 1492 89 49 ad
516 1492 133 49 modum
604 1492 103 49 quo
663 1492 177 49 accidens
796 1492 103 49 est
855 1492 133 49 forma
943 1492 192 49 subiecti:
1091 1492 89 49 vt
1135 1492 148 49 albedo
1239 1492 177 49 hominis.
1371 1492 162 49 Idcirco
1489 1492 118 49 dico
1563 1492 118 49 quod
1637 1492 89 49 ad
1681 1492 103 49 hoc
1740 1492 118 49 quod
1799 1492 74 49 ali

417 1527 121 68 quid
493 1527 91 68 in
538 1527 167 68 diuinis
659 1527 167 68 proprie
781 1527 227 68 praedicetur
963 1527 91 68 de
1008 1527 121 68 alio
1084 1527 91 68 vt
1129 1527 212 68 distinctum
1296 1527 91 68 de
1341 1527 212 68 distincto,
1508 1527 121 68 siue
1584 1527 182 68 secundum
1720 1527 121 68 rem,
1781 1527 91 68 siue

404 1573 189 54 secundum
546 1573 205 54 rationem,
703 1573 142 54 debet
798 1573 236 54 significari
986 1573 110 54 per
1049 1573 142 54 modum
1144 1573 157 54 formae
1254 1573 220 54 existentis
1427 1573 94 54 in
1474 1573 205 54 supposito
1631 1573 110 54 aut
1694 1573 94 54 in
1726 1573 157 54 subiecto

410 1620 74 53 &
440 1620 206 53 econverso:
602 1620 103 53 sed
661 1620 118 53 quod
734 1620 162 53 proprie
852 1620 133 53 debet
941 1620 177 53 subiici,
1073 1620 133 53 debet
1162 1620 221 53 significari
1339 1620 103 53 per
1397 1620 133 53 modum
1486 1620 250 53 subsistentis.
1692 1620 88 53 Et
1736 1620 103 53 hoc
1781 1620 88 53 modo

407 1666 224 54 proprietatis
589 1666 126 54 nihil
673 1666 140 54 potest
771 1666 154 54 proprie
883 1666 196 54 praedicari
1037 1666 126 54 neque
1121 1666 84 54 in
1162 1666 168 54 diuinis:
1288 1666 126 54 neque
1372 1666 84 54 in
1414 1666 140 54 aliis,
1512 1666 112 54 nisi
1582 1666 112 54 modo
1652 1666 182 54 concreto:
1778 1666 98 54 licet

413 1703 195 58 subiectum
563 1703 165 58 vtroque
683 1703 120 58 modo
758 1703 120 58 bene
832 1703 240 58 subiiciatur:
1027 1703 90 58 vt
1072 1703 180 58 dicitur,
1207 1703 120 58 deus
1282 1703 105 58 est
1342 1703 150 58 bonus,
1447 1703 105 58 vel
1507 1703 150 58 deitas
1611 1703 105 58 est
1671 1703 135 58 bona.
1746 1703 135 58 Abstra-

416 1753 103 48 cta
475 1753 133 48 autem
564 1753 133 48 omnia
652 1753 236 48 praedicantur
844 1753 206 48 improprie,
1006 1753 118 48 siue
1079 1753 88 48 de
1124 1753 206 48 abstracto,
1286 1753 118 48 siue
1359 1753 88 48 de
1403 1753 192 48 concreto,
1551 1753 162 48 dicendo
1669 1753 118 48 deus
1742 1753 103 48 vel
1787 1753 88 48 dei-

418 1792 109 55 tas
481 1792 109 55 est
543 1792 187 55 bonitas,
684 1792 78 55 &
715 1792 187 55 secundum
856 1792 109 55 hoc
918 1792 156 55 illud,
1028 1792 203 55 trinitas,
1184 1792 219 55 compositum
1356 1792 94 55 ex
1402 1792 172 55 duplici
1527 1792 172 55 nomine,
1652 1792 109 55 vno
1699 1792 172 55 concreto,

413 1845 125 47 alio
491 1845 218 47 abstracto,
663 1845 156 47 partim
772 1845 187 47 proprie,
912 1845 156 47 partim
1021 1845 203 47 improprie
1177 1845 249 47 praedicatur.
1379 1845 171 47 Secundo
1504 1845 140 47 modo,
1598 1845 187 47 scilicet
1738 1845 93 47 ex
1769 1845 109 47 parte

411 1886 114 51 rei
476 1886 260 51 significatae
687 1886 178 51 proprie
816 1886 114 51 aut
881 1886 211 51 improprie
1044 1886 227 51 praedicari
1222 1886 195 51 prouenit
1368 1886 162 51 duobus
1482 1886 146 51 modis
1579 1886 195 51 secundum
1709 1886 162 51 duplicem

410 1929 279 53 comparationem
639 1929 115 53 rei
705 1929 262 53 significatae
918 1929 98 53 in
967 1929 246 53 praedicato:
1163 1929 131 53 quia
1245 1929 229 53 comparatur
1426 1929 98 53 ad
1475 1929 147 53 vocem
1573 1929 131 53 siue
1655 1929 98 53 ad
1704 1929 147 53 nomen
1786 1929 82 53 si-

405 1974 217 59 gnificans
572 1974 167 59 ipsam,
689 1974 84 59 &
723 1974 234 59 comparatur
906 1974 100 59 ad
956 1974 217 59 subiectum
1123 1974 100 59 de
1174 1974 117 59 quo
1240 1974 100 59 in
1290 1974 167 59 nomine
1407 1974 251 59 enunciatur.
1608 1974 150 59 Primo
1708 1974 134 59 modo
1775 1974 100 59 pro-

427 2012 126 56 uenit
511 2012 154 56 proprie
623 2012 196 56 praedicari
777 2012 84 56 in
818 2012 224 56 propositione
1000 2012 84 56 ex
1042 2012 98 56 hoc
1098 2012 112 56 quod
1168 2012 126 56 nomen
1252 2012 196 56 significat
1406 2012 98 56 rem
1462 2012 168 56 proprie,
1587 2012 70 56 &
1615 2012 154 56 econtra
1713 2012 168 56 improprie-

409 2053 104 57 tas
469 2053 90 57 ex
514 2053 104 57 hoc
573 2053 119 57 quod
648 2053 134 57 nomen
737 2053 209 57 significat
902 2053 104 57 rem
961 2053 239 57 translatiue,
1155 2053 75 57 &
1185 2053 104 57 hoc
1245 2053 119 57 siue
1320 2053 239 57 translatione
1514 2053 104 57 rei
1573 2053 75 57 &
1603 2053 164 57 nominis
1723 2053 149 57 simul:
1812 2053 60 57 vt

413 2109 252 49 vniuersaliter
621 2109 193 49 contingit
769 2109 148 49 quando
873 2109 133 49 eodem
962 2109 148 49 nomine
1066 2109 237 49 significatur
1258 2109 119 49 quod
1332 2109 104 49 est
1392 2109 89 49 in
1436 2109 178 49 diuinis,
1570 2109 74 49 &
1599 2109 119 49 quod
1673 2109 104 49 est
1733 2109 89 49 in
1762 2109 119 49 creatu

423 2147 120 52 ris,
498 2147 120 52 siue
573 2147 240 52 translatione
767 2147 150 52 solius
872 2147 120 52 rei:
947 2147 90 52 vt
992 2147 195 52 contingit
1142 2147 90 52 in
1186 2147 105 52 hoc
1246 2147 150 52 nomine
1351 2147 135 52 deus:
1441 2147 135 52 cuius
1531 2147 240 52 significatum
1725 2147 105 52 est
1770 2147 105 52 summa

417 2191 172 56 illorum
542 2191 94 56 de
589 2191 109 56 deo
651 2191 109 56 per
714 2191 296 56 supereminentiam
963 2191 125 56 quae
1041 2191 94 56 de
1088 2191 203 56 creaturis
1244 2191 234 56 significant
1432 2191 172 56 aliquid
1556 2191 218 56 dignitatis
1712 2191 172 56 simplici-

412 2234 125 53 ter:
491 2234 110 53 cui
553 2234 141 53 nomen
647 2234 125 53 deus
726 2234 141 53 primo
820 2234 78 53 &
851 2234 266 53 principaliter
1070 2234 110 53 est
1133 2234 219 53 impositum,
1305 2234 110 53 non
1368 2234 235 53 translatum:
1556 2234 125 53 quia
1634 2234 125 53 nonn
1713 2234 125 53 erat
1775 2234 110 53 prius

418 2285 151 55 alicui
524 2285 91 55 in
569 2285 196 55 creaturis
720 2285 211 55 impositum:
886 2285 136 55 sicut
976 2285 136 55 erant
1067 2285 151 55 nomina
1173 2285 121 55 quae
1248 2285 91 55 in
1293 2285 196 55 creaturis
1444 2285 226 55 significant
1625 2285 166 55 aliquid
1731 2285 151 55 dignita-

414 2326 103 50 tis
473 2326 103 50 vel
532 2326 191 50 pertinens
679 2326 88 50 ad
724 2326 206 50 dignitatem
886 2326 221 50 simpliciter
1062 2326 177 50 scilicet
1195 2326 280 50 particulariter:
1430 2326 88 50 vt
1475 2326 118 50 haec
1548 2326 162 50 nomina,
1666 2326 206 50 sapientia,
1813 2326 74 50 bo-

413 2374 153 55 nitas,
520 2374 107 55 aut
581 2374 200 55 translata
735 2374 92 55 ad
781 2374 153 55 diuina
888 2374 230 55 significant
1073 2374 107 55 non
1134 2374 123 55 esse
1211 2374 107 55 sed
1272 2374 153 55 simile
1380 2374 292 55 supereminenter.
1625 2374 107 55 Cum
1686 2374 169 55 dicitur
1794 2374 92 55 deus

418 2413 106 60 est
478 2413 152 60 bonus,
585 2413 106 60 non
645 2413 106 60 est
706 2413 121 60 quod
782 2413 167 60 dicitur
903 2413 182 60 rationis
1039 2413 106 60 aut
1100 2413 167 60 generis
1221 2413 243 60 proprietate:
1418 2413 106 60 sed
1479 2413 212 60 tantummodo
1646 2413 182 60 rationis
1767 2413 121 60 propor

416 2461 131 54 tione
504 2461 102 54 seu
562 2461 247 54 proportionali
766 2461 262 54 transumptione,
984 2461 175 54 scilicet
1115 2461 102 54 rei
1173 2461 262 54 supereminentis
1391 2461 87 54 in
1435 2461 116 54 deo:
1507 2461 116 54 quae
1580 2461 218 54 simpliciter
1755 2461 102 54 est
1813 2461 87 54 in

410 2514 197 48 creatura,
562 2514 76 48 &
592 2514 106 48 hoc
653 2514 258 48 transumptione
865 2514 122 48 rei.
941 2514 106 48 cui
1002 2514 106 48 sic
1063 2514 228 48 transumpto,
1245 2514 91 48 si
1291 2514 137 48 nihil
1382 2514 137 48 aliud
1473 2514 228 48 imponeretur
1655 2514 122 48 quam
1716 2514 167 48 impositum

416 2548 102 58 sit
475 2548 87 58 in
518 2548 204 58 creaturis,
679 2548 131 58 esset
766 2548 219 58 transumptio
941 2548 146 58 solius
1043 2548 102 58 rei
1101 2548 146 58 absque
1204 2548 248 58 transumptione
1408 2548 175 58 nominis,
1539 2548 131 58 sicut
1626 2548 189 58 contingit
1772 2548 87 58 in
1801 2548 73 58 hoc

406 2594 173 57 nonmine
532 2594 142 57 deus.
627 2594 95 57 Et
674 2594 173 57 propter
800 2594 142 57 talem
895 2594 284 57 transumptionem
1131 2594 110 57 rei
1194 2594 142 57 dicit
1288 2594 189 57 Boethius
1430 2594 126 57 quod
1509 2594 158 57 cuncta
1619 2594 126 57 quae
1682 2594 189 57 praedicari

424 2638 166 67 possunt
545 2638 106 67 cum
605 2638 121 67 quis
681 2638 91 67 ea
726 2638 91 67 in
771 2638 166 67 diuinam
892 2638 151 67 vertit
998 2638 287 67 praedicationem,
1240 2638 151 67 cuncta
1345 2638 196 67 mutantur,
1496 2638 76 67 &
1527 2638 121 67 sunt
1602 2638 136 67 talia
1693 2638 151 67 qualia
1783 2638 91 67 fore
