2017 3137
386 230 84 84 Et
428 230 98 84 hoc
484 230 168 84 secundum
610 230 126 84 modum
695 230 98 84 quo
751 230 126 84 purae
835 230 182 84 negatiuae
975 230 112 84 sunt
1045 230 112 84 plus
1115 230 210 84 expressiuae
1284 230 112 84 quam
1354 230 126 84 purae
1438 230 238 84 affirmatiuae,
1635 230 98 84 per
1677 230 168 84 absurdita-

379 305 107 45 tem.
445 305 160 45 scilicet
566 305 80 45 Et
606 305 93 45 sic
659 305 107 45 sunt
726 305 200 45 accipiendae
886 305 93 45 per
939 305 187 45 metaphoram
1086 305 107 45 quae
1153 305 147 45 dicitur
1260 305 214 45 antiphrasis,
1433 305 134 45 illae:
1527 305 107 45 Deus
1594 305 93 45 est
1647 305 174 45 iniustus,
1767 305 67 45 ini

391 347 125 56 quus,
474 347 167 56 infelix.
599 347 167 56 secundum
724 347 125 56 illum
808 347 125 56 modum
891 347 97 56 quo
946 347 125 56 illae
1030 347 180 56 negatiuae
1169 347 194 56 absolutae,
1321 347 111 56 Deus
1391 347 97 56 non
1446 347 97 56 est
1502 347 153 56 iustus,
1613 347 97 56 non
1668 347 97 56 est
1710 347 125 56 aequus,

382 393 94 51 non
435 393 94 51 est
489 393 134 51 felix:
583 393 121 51 licet
663 393 94 51 non
717 393 161 51 secundum
837 393 121 51 modum
918 393 188 51 praedictum
1065 393 94 51 quo
1119 393 188 51 priuatiuae
1266 393 188 51 praedictae
1413 393 107 51 Deus
1480 393 94 51 est
1534 393 188 51 infinitus,
1668 393 174 51 immortalis,

383 439 220 50 inuisibilis.
562 439 124 50 Illae
644 439 110 50 enim
713 439 151 50 priuant
823 439 110 50 quae
891 439 165 50 absurdum
1015 439 96 50 est
1070 439 151 50 priuare
1180 439 69 50 a
1207 439 110 50 deo:
1276 439 124 50 istae
1358 439 124 50 autem
1441 439 151 50 priuant
1551 439 110 50 illa
1619 439 110 50 quae
1688 439 137 50 iustum
1770 439 69 50 est

395 482 152 54 priuare
505 482 69 54 a
533 482 110 54 deo.
602 482 83 54 Eo
643 482 110 54 quod
712 482 124 54 illae
795 482 83 54 de
836 482 83 54 se
877 482 83 54 ex
919 482 96 54 sua
974 482 152 54 ratione
1084 482 152 54 priuant
1194 482 110 54 quod
1263 482 96 54 est
1318 482 193 54 dignitatis
1470 482 220 54 simpliciter:
1649 482 69 54 &
1677 482 110 54 quod
1746 482 83 54 in
1773 482 69 54 vno

394 528 133 61 quoque
487 528 93 61 est
540 528 133 61 melius
633 528 106 61 esse
699 528 106 61 quam
765 528 93 61 non
818 528 146 61 estier.
924 528 119 61 Istae
1004 528 106 61 vero
1070 528 80 61 de
1110 528 80 61 se
1150 528 80 61 ex
1190 528 93 61 sua
1243 528 146 61 ratione
1349 528 146 61 priuant
1455 528 106 61 quod
1522 528 93 61 est
1575 528 212 61 indignitatis
1734 528 106 61 simpli

401 570 139 47 citer,
499 570 70 47 &
526 570 111 47 quod
596 570 84 47 in
638 570 181 47 vnoquoque
777 570 97 47 est
833 570 139 47 melius
930 570 97 47 non
986 570 111 47 esse
1055 570 111 47 quam
1125 570 111 47 esse
1195 570 195 47 dignitatis
1348 570 223 47 simpliciter:
1529 570 70 47 &
1557 570 84 47 in
1598 570 181 47 vnoquoque
1738 570 97 47 eam
1779 570 56 47 me

392 613 108 64 lius
459 613 122 64 esset
540 613 95 64 non
594 613 108 64 esse
662 613 108 64 quam
729 613 122 64 esse.
810 613 68 64 â‹
837 613 81 64 Ad
878 613 162 64 quartum:
999 613 108 64 quod
1067 613 149 64 videtur
1175 613 108 64 esse
1242 613 135 64 contra
1337 613 95 64 iam
1391 613 135 64 dicta:
1485 613 108 64 quod
1553 613 189 64 inuisibile
1688 613 149 64 priuatiue

400 660 143 47 dictum
500 660 100 47 non
557 660 100 47 est
615 660 115 47 plus
687 660 215 47 expressiuum
859 660 186 47 diuinorum
1002 660 115 47 quam
1074 660 129 47 illae
1160 660 229 47 affirmatiuae
1346 660 115 47 Deus
1418 660 100 47 est
1475 660 172 47 bonitas:
1605 660 115 47 deus
1676 660 100 47 est
1734 660 129 47 vita:

385 703 101 56 hoc
442 703 101 56 non
500 703 101 56 est
557 703 115 56 nisi
629 703 115 56 quia
701 703 115 56 esse
773 703 173 56 visibile
902 703 173 56 defectum
1032 703 173 56 importat
1161 703 173 56 respectu
1290 703 201 56 creaturae:
1448 703 129 56 cuius
1535 703 101 56 est
1592 703 158 56 videre:
1707 703 115 56 quia
1765 703 86 56 esse

395 748 175 48 visibile
526 748 73 48 a
556 748 175 48 creatura
686 748 175 48 defectus
817 748 116 48 est:
890 748 131 48 quare
977 748 102 48 cum
1036 748 116 48 esse
1108 748 146 48 iustum
1210 748 175 48 iustitia
1341 748 116 48 quae
1414 748 175 48 competit
1545 748 189 48 creaturae
1676 748 160 48 similiter

396 796 198 59 defectiuum
551 796 113 59 est:
622 796 169 59 iniustum
749 796 113 59 ergo
819 796 113 59 quod
890 796 99 59 est
947 796 184 59 priuatiue
1088 796 155 59 dictum,
1201 796 155 59 dicendo
1314 796 113 59 Deus
1384 796 99 59 est
1441 796 184 59 iniustus,
1582 796 113 59 plus
1652 796 99 59 est
1695 796 141 59 expressi

401 831 91 62 uum
453 831 168 62 diuinorum
582 831 104 62 quam
647 831 130 62 dictae
738 831 220 62 affirmatiuae,
919 831 104 62 quod
984 831 130 62 falsum
1075 831 104 62 est:
1139 831 104 62 Dico
1204 831 104 62 quod
1269 831 155 62 visibile
1386 831 65 62 &
1412 831 104 62 sibi
1476 831 143 62 similia
1580 831 78 62 in
1619 831 91 62 hoc
1671 831 181 62 differunt.
1800 831 39 62 a

396 880 122 63 iusto
478 880 68 63 &
505 880 108 63 sibi
573 880 190 63 similibus:
722 880 68 63 &
749 880 95 63 per
803 880 190 63 consequens
952 880 163 63 iniustum
1074 880 68 63 &
1101 880 190 63 inuisibile
1250 880 68 63 &
1277 880 95 63 eis
1331 880 190 63 consimilia
1480 880 217 63 consimiliter
1656 880 176 63 differunt
1792 880 81 63 in

389 925 92 61 ter
441 925 92 61 se:
494 925 105 61 quia
559 925 131 61 iustum
651 925 65 61 &
677 925 105 61 sibi
742 925 144 61 similia
847 925 92 61 non
899 925 196 61 significant
1056 925 105 61 nisi
1122 925 157 61 rationem
1239 925 222 61 dispositionis
1422 925 78 61 in
1462 925 131 61 ordine
1553 925 78 61 ad
1592 925 170 61 subiectum
1723 925 92 61 cui
1776 925 92 61 in-

397 971 106 47 est:
463 971 119 47 sicut
542 971 79 47 id
582 971 106 47 quod
647 971 79 47 in
687 971 106 47 illo
753 971 92 47 est
806 971 145 47 aliquod
911 971 185 47 dignitatis
1056 971 211 47 simpliciter:
1228 971 158 47 secundum
1347 971 119 47 modum
1426 971 92 47 quo
1479 971 132 47 solent
1571 971 172 47 appellari
1690 971 158 47 dignitatis

388 1018 182 59 simpliciter
534 1018 97 59 illa
595 1018 122 59 quorum
680 1018 122 59 melius
765 1018 182 59 vnumquodque
911 1018 97 59 esse
972 1018 97 59 quam
1032 1018 85 59 non
1081 1018 109 59 esse.
1154 1018 134 59 Propter
1251 1018 97 59 quod
1312 1018 146 59 iniustum
1421 1018 182 59 praedicatum
1567 1018 73 59 de
1604 1018 122 59 aliquo
1689 1018 146 59 subiecto
1786 1018 61 59 non

414 1060 112 68 riuat
488 1060 100 68 nisi
550 1060 124 68 iustum
638 1060 100 68 quod
700 1060 112 68 natum
775 1060 87 68 est
824 1060 124 68 inesse
911 1060 100 68 illi
974 1060 149 68 subiecto
1086 1060 75 68 de
1123 1060 87 68 quo
1173 1060 187 68 praedicatur
1322 1060 162 68 iniustum.
1447 1060 124 68 lustum
1534 1060 112 68 autem
1609 1060 100 68 quod
1671 1060 112 68 natum
1745 1060 87 68 est
1783 1060 62 68 deo

393 1104 161 46 inesse,
511 1104 132 46 nullo
598 1104 117 46 modo
672 1104 88 46 ab
716 1104 117 46 ipso
789 1104 161 46 priuari
906 1104 161 46 potest.
1023 1104 161 46 Idcirco
1141 1104 147 46 igitur
1243 1104 132 46 ista:
1331 1104 117 46 Deus
1404 1104 103 46 est
1463 1104 190 46 iniustus,
1610 1104 103 46 aut
1668 1104 147 46 aliqua
1756 1104 88 46 con-

390 1146 149 63 similis
499 1146 81 63 in
540 1146 149 63 diuinis
648 1146 122 63 nullo
730 1146 109 63 modo
797 1146 190 63 recipienda
947 1146 95 63 est
1001 1146 149 63 tamquam
1109 1146 190 63 expressiua
1259 1146 176 63 veritatis
1394 1146 190 63 diuinorum.
1544 1146 190 63 Inuisibile
1693 1146 122 63 autem
1774 1146 68 63 &
1788 1146 54 63 ei

405 1188 146 70 similia
511 1188 93 70 non
564 1188 120 70 solum
644 1188 199 70 significant
803 1188 159 70 rationem
923 1188 226 70 dispositionis
1109 1188 80 70 in
1149 1188 133 70 ordine
1242 1188 80 70 ad
1282 1188 173 70 subiectum
1415 1188 93 70 cui
1468 1188 133 70 inest,
1561 1188 80 70 vt
1601 1188 186 70 recipienti
1734 1188 106 70 illam:

393 1236 96 61 sed
448 1236 124 61 etiam
531 1236 206 61 significant
696 1236 165 61 rationem
819 1236 151 61 obiecti
929 1236 82 61 in
970 1236 137 61 ordine
1067 1236 82 61 ad
1108 1236 124 61 motum
1190 1236 82 61 ad
1232 1236 110 61 quod
1300 1236 96 61 est
1355 1236 82 61 vt
1396 1236 82 61 ad
1438 1236 165 61 videntem
1561 1236 137 61 illud.
1658 1236 151 61 Propter
1768 1236 110 61 quod

399 1279 192 67 inuisibile
550 1279 205 67 praedicatum
714 1279 82 67 de
755 1279 137 67 aliquo
851 1279 164 67 subiecto
975 1279 178 67 aliquando
1111 1279 137 67 priuat
1207 1279 82 67 de
1248 1279 164 67 subiecto
1372 1279 82 67 id
1413 1279 110 67 quod
1481 1279 123 67 inest
1563 1279 96 67 vel
1618 1279 123 67 natum
1700 1279 96 67 est
1741 1279 110 67 inesse

404 1321 162 65 subiecto:
528 1321 100 65 puta
591 1321 150 65 rationem
703 1321 162 65 visibilis
827 1321 87 65 qua
877 1321 137 65 aliquid
977 1321 112 65 natum
1052 1321 87 65 est
1102 1321 125 65 videri
1189 1321 200 65 simpliciter.
1351 1321 162 65 Aliquando
1476 1321 112 65 autem
1551 1321 125 65 priuat
1638 1321 75 65 id
1675 1321 100 65 quod
1738 1321 87 65 nec
1788 1321 87 65 in-

399 1365 109 66 est,
467 1365 95 66 nec
522 1365 123 66 natum
604 1365 95 66 est
658 1365 136 66 inesse
753 1365 109 66 moto
822 1365 82 66 ab
862 1365 109 66 ipso
931 1365 177 66 subiecto:
1067 1365 109 66 puta
1135 1365 163 66 rationem
1257 1365 177 66 visibilis
1394 1365 95 66 qua
1448 1365 150 66 aliquod
1557 1365 123 66 natum
1639 1365 95 66 est
1693 1365 136 66 videri
1789 1365 82 66 ab

385 1409 147 68 aliquo
488 1409 235 68 determinato.
678 1409 205 68 Inuisibili
840 1409 147 68 igitur
942 1409 161 68 accepto
1060 1409 132 68 primo
1147 1409 132 68 modo:
1235 1409 132 68 ista,
1323 1409 117 68 deus
1397 1409 103 68 est
1455 1409 235 68 inuisibilis,
1646 1409 103 68 aut
1704 1409 147 68 aliqua
1792 1409 59 68 ei

389 1460 203 46 consimilis,
552 1460 95 46 non
606 1460 95 46 est
660 1460 189 46 recipienda
809 1460 81 46 in
849 1460 149 46 diuinis
957 1460 149 46 tamquam
1066 1460 189 46 expressiua
1214 1460 176 46 veritatis
1350 1460 189 46 diuinorum:
1498 1460 68 46 &
1525 1460 95 46 hoc
1580 1460 122 46 eadem
1661 1460 81 46 de
1701 1460 122 46 causa
1782 1460 95 46 qua

383 1498 100 68 nec
440 1498 128 68 illa,
525 1498 114 68 deus
597 1498 100 68 est
654 1498 185 68 iniustus.
796 1498 200 68 Dispositio
953 1498 114 68 enim
1024 1498 100 68 qua
1081 1498 114 68 deus
1153 1498 214 68 simpliciter
1324 1498 185 68 visibilis
1466 1498 100 68 est
1523 1498 71 68 &
1552 1498 143 68 videri
1651 1498 143 68 potest
1737 1498 114 68 simpli

396 1547 144 63 citer,
497 1547 130 63 nullo
583 1547 115 63 modo
655 1547 115 63 vere
727 1547 87 63 ab
770 1547 115 63 ipso
843 1547 159 63 priuari
958 1547 159 63 potest:
1073 1547 130 63 sicut
1160 1547 101 63 nec
1218 1547 202 63 dispositio
1376 1547 101 63 qua
1434 1547 101 63 est
1492 1547 159 63 iustus:
1607 1547 115 63 quia
1679 1547 159 63 vtraque
1780 1547 72 63 est

394 1592 150 63 aliquod
503 1592 191 63 dignitatis
653 1592 204 63 simpliciter
816 1592 82 63 in
857 1592 109 63 deo:
925 1592 136 63 qualem
1021 1592 163 63 rationem
1143 1592 177 63 visibilis
1279 1592 136 63 priuat
1375 1592 191 63 inuisibile
1524 1592 136 63 dictum
1620 1592 82 63 de
1660 1592 163 63 tenebra:
1769 1592 82 63 quia

393 1631 104 70 non
453 1631 104 70 est
512 1631 119 70 nata
586 1631 148 70 videri
690 1631 148 70 omnino
794 1631 104 70 seu
853 1631 148 70 mouere
957 1631 134 70 visum
1046 1631 163 70 aliquem
1165 1631 223 70 corporalem:
1343 1631 119 70 quod
1417 1631 104 70 est
1477 1631 238 70 indignitatis
1655 1631 193 70 simpliciter

403 1678 181 65 nuisibili
542 1678 125 65 autem
625 1678 153 65 accepto
737 1678 153 65 secundo
848 1678 111 65 modo
917 1678 167 65 scilicet
1042 1678 83 65 ab
1084 1678 139 65 aliquo
1181 1678 153 65 vidente
1292 1678 222 65 determinato,
1473 1678 111 65 deus
1542 1678 125 65 licet
1626 1678 83 65 in
1667 1678 83 65 se
1709 1678 97 65 sit
1751 1678 97 65 summe

401 1724 174 62 visibilis
535 1724 148 62 visione
642 1724 228 62 intellectuali
830 1724 148 62 tamquam
937 1724 201 62 clarissimus
1098 1724 67 62 &
1125 1724 188 62 notissimus
1273 1724 80 62 in
1313 1724 134 62 natura
1407 1724 107 62 sua:
1474 1724 94 62 est
1527 1724 121 62 tamen
1608 1724 107 62 vere
1662 1724 174 62 inuisibilis

403 1768 125 48 quia.
487 1768 167 48 scilicet
612 1768 84 48 ab
654 1768 139 48 aliquo
751 1768 223 48 determinato,
932 1768 111 48 puta
1002 1768 70 48 a
1030 1768 181 48 creatura,
1169 1768 97 48 aut
1224 1768 97 48 non
1280 1768 97 48 est
1336 1768 125 48 natus
1419 1768 139 48 videri
1517 1768 153 48 omnino,
1628 1768 97 48 aut
1670 1768 167 48 imperfecte

398 1813 166 59 videri:
519 1813 106 59 sed
579 1813 106 59 hoc
640 1813 106 59 non
700 1813 166 59 propter
821 1813 166 59 aliquem
942 1813 181 59 defectum
1078 1813 257 59 visibilitatis
1289 1813 91 59 in
1334 1813 121 59 ipso
1410 1813 106 59 qua
1470 1813 151 59 caret:
1576 1813 76 59 &
1606 1813 136 59 cuius
1682 1813 151 59 defectus

398 1857 99 47 vel
454 1857 170 47 priuatio
582 1857 99 47 per
638 1857 85 47 se
680 1857 226 47 significatur
864 1857 141 47 nomine
963 1857 226 47 inuisibilis:
1147 1857 99 47 sed
1203 1857 184 47 solummodo
1344 1857 155 47 propter
1458 1857 170 47 defectum
1585 1857 240 47 visibilitatis
1782 1857 85 47 in

400 1902 117 60 alio
474 1902 103 60 qua
532 1902 132 60 illud
620 1902 147 60 caret:
723 1902 73 60 &
752 1902 235 60 significatur
943 1902 103 60 per
1001 1902 176 60 accidens
1133 1902 147 60 nomine
1236 1902 220 60 inuisibilis
1412 1902 205 60 praedicati
1573 1902 88 60 de
1617 1902 117 60 deo.
1690 1902 117 60 Deus
1749 1902 88 60 enim

403 1940 153 67 dicitur
514 1940 222 67 inuisibilis:
694 1940 111 67 quia
764 1940 69 67 a
792 1940 125 67 nulla
875 1940 166 67 creatura
1000 1940 139 67 potest
1097 1940 139 67 videri
1194 1940 222 67 naturaliter:
1374 1940 125 67 neque
1458 1940 125 67 etiam
1541 1940 69 67 a
1569 1940 166 67 creatura
1680 1940 166 67 intellectu

393 1986 101 64 ali:
457 1986 101 64 quia
520 1986 76 64 ab
558 1986 101 64 illa
621 1986 114 64 solum
697 1986 89 64 est
748 1986 165 64 visibilis
874 1986 89 64 per
925 1986 152 64 gratiam:
1039 1986 63 64 a
1064 1986 89 64 qua
1115 1986 114 64 etiam
1191 1986 89 64 per
1241 1986 139 64 gratiam
1342 1986 190 64 consummatam
1494 1986 76 64 in
1532 1986 127 64 gloria
1621 1986 89 64 non
1671 1986 89 64 est
1709 1986 127 64 perfecte

398 2035 175 60 visibilis
532 2035 94 60 sed
586 2035 67 60 a
613 2035 134 60 seipso
707 2035 121 60 solo.
787 2035 67 60 &
814 2035 94 60 hoc
868 2035 94 60 non
922 2035 108 60 quia
989 2035 108 60 ipse
1056 2035 148 60 quantum
1164 2035 81 60 de
1204 2035 81 60 se
1244 2035 94 60 est
1298 2035 121 60 primo
1379 2035 67 60 &
1406 2035 94 60 per
1459 2035 81 60 se
1500 2035 94 60 non
1553 2035 94 60 sit
1607 2035 121 60 aptus
1688 2035 134 60 videri
1782 2035 94 60 in-

400 2071 252 53 tellectualiter
610 2071 70 53 a
638 2071 168 53 creatura
764 2071 252 53 intellectuali:
974 2071 98 53 sed
1030 2071 140 53 potius
1128 2071 112 53 quia
1197 2071 112 53 illa
1267 2071 98 53 non
1323 2071 98 53 est
1379 2071 112 53 nata
1449 2071 98 53 eum
1505 2071 140 53 videre
1603 2071 210 53 naturaliter
1757 2071 84 53 siue

402 2121 81 58 ex
443 2121 122 58 puris
525 2121 217 58 naturalibus:
701 2121 122 58 neque
782 2121 122 58 etiam
864 2121 163 58 perfecte
986 2121 95 58 per
1040 2121 163 58 gratiam:
1162 2121 68 58 &
1189 2121 95 58 hoc
1244 2121 81 58 ex
1284 2121 163 58 naturali
1406 2121 149 58 defectu
1515 2121 149 58 illius.
1623 2121 81 58 Et
1664 2121 95 58 sic
1718 2121 109 58 quia
1773 2121 81 58 deus

400 2164 124 68 istis
483 2164 124 68 modis
565 2164 151 68 dicitur
675 2164 220 68 inuisibilis:
853 2164 96 68 hoc
908 2164 96 68 non
963 2164 124 68 ponit
1046 2164 151 68 aliquem
1155 2164 165 68 defectum
1279 2164 82 68 in
1320 2164 82 68 eo
1361 2164 96 68 aut
1416 2164 206 68 priuationem
1581 2164 165 68 alicuius
1705 2164 124 68 digni
1787 2164 82 68 ab

401 2209 120 49 ipso:
481 2209 93 49 sed
534 2209 173 49 solummodo
667 2209 120 49 ponit
747 2209 160 49 defectum
867 2209 80 49 in
907 2209 160 49 creatura
1027 2209 67 49 &
1054 2209 173 49 carentiam
1188 2209 227 49 perfectionis,
1374 2209 107 49 quae
1441 2209 120 49 tamen
1521 2209 93 49 non
1574 2209 93 49 est
1628 2209 107 49 nata
1694 2209 80 49 ei
1721 2209 120 49 inesse.

395 2251 142 65 Propter
498 2251 103 65 quem
563 2251 155 65 defectum
679 2251 219 65 visibilitatis
860 2251 103 65 modo
924 2251 129 65 actiuo
1015 2251 219 65 significatae:
1196 2251 103 65 qua.
1260 2251 155 65 scilicet
1376 2251 142 65 aliquod
1480 2251 116 65 natum
1557 2251 90 65 est
1609 2251 142 65 videre,
1712 2251 103 65 deus
1764 2251 77 65 dici

396 2300 97 61 tur
451 2300 207 61 inuisibilis
617 2300 97 61 per
673 2300 180 61 accidens:
811 2300 69 61 &
839 2300 194 61 inuisibile
991 2300 194 61 significat
1143 2300 166 61 defectum
1267 2300 235 61 visibilitatis
1461 2300 221 61 significatae
1641 2300 111 61 modo
1710 2300 166 61 passiuo:

411 2338 104 52 qua.
476 2338 155 52 scilicet
592 2338 142 52 aliquod
696 2338 117 52 natum
774 2338 91 52 est
825 2338 142 52 videri:
929 2338 104 52 quae
994 2338 91 52 est
1045 2338 117 52 circa
1123 2338 104 52 deum
1188 2338 91 52 per
1240 2338 168 52 accidens:
1369 2338 117 52 sicut
1447 2338 142 52 relatio
1550 2338 155 52 mensurae
1667 2338 78 52 ad
1693 2338 142 52 creaturam

407 2389 87 60 per
456 2389 149 60 accidens
568 2389 87 60 est
618 2389 112 60 circa
693 2389 125 60 ipsum:
780 2389 112 60 quia.
855 2389 149 60 scilicet
967 2389 162 60 relatione
1092 2389 162 60 mensurati
1216 2389 149 60 creatura
1328 2389 87 60 per
1378 2389 75 60 se
1415 2389 149 60 refertur
1528 2389 75 60 ad
1565 2389 125 60 illum.
1652 2389 75 60 Et
1690 2389 87 60 sic
1739 2389 100 60 deus
1789 2389 50 60 di

414 2428 122 65 citur
496 2428 203 65 inuisibilis
658 2428 203 65 naturaliter
820 2428 189 65 creaturae,
968 2428 203 65 quemadmodum
1130 2428 95 65 sol
1184 2428 149 65 dicitur
1292 2428 108 65 esse
1360 2428 203 65 inuisibilis
1522 2428 149 65 lapidi:
1630 2428 68 65 &
1657 2428 122 65 etiam
1724 2428 122 65 creatu-

406 2471 95 65 rae
461 2471 231 65 intellectuali
651 2471 95 65 per
705 2471 149 65 gratiam
814 2471 95 65 aut
868 2471 163 65 gloriam,
991 2471 204 65 quemadmodum
1154 2471 95 65 sol
1208 2471 149 65 dicitur
1317 2471 204 65 inuisibilis
1480 2471 122 65 oculo
1562 2471 258 65 vespertilionis.
1765 2471 82 65 Pro-

413 2520 103 56 pter
477 2520 103 56 quod
542 2520 116 56 dicit
619 2520 206 56 philosophus.
786 2520 90 56 ii.
838 2520 219 56 Metaphysicae.
1018 2520 103 56 quod
1083 2520 193 56 intellectus
1237 2520 129 56 noster
1327 2520 77 56 se
1366 2520 116 56 habet
1443 2520 77 56 ad
1482 2520 232 56 manifestissima
1675 2520 142 56 naturae
1765 2520 90 56 sicut

407 2564 134 61 oculus
500 2564 228 61 vesprtilionis
688 2564 80 61 ad
728 2564 121 61 lucem
809 2564 134 61 solis.
902 2564 67 61 &
929 2564 94 61 hoc
983 2564 107 61 quia
1050 2564 161 61 secundum
1171 2564 121 61 Comm.
1251 2564 107 61 illa
1318 2564 107 61 sunt
1385 2564 188 61 difficilis
1532 2564 201 61 cognitionis
1693 2564 94 61 non
1733 2564 121 61 propter

415 2606 88 48 se:
466 2606 88 48 sed
516 2606 138 48 propter
616 2606 100 48 nos.
678 2606 138 48 Econtra
778 2606 100 48 illi
841 2606 100 48 quod
903 2606 163 48 contingit
1028 2606 75 48 in
1066 2606 213 48 materialibus:
1241 2606 100 48 quae
1304 2606 100 48 sunt
1366 2606 175 48 difficilis
1504 2606 188 48 cognitionis
1654 2606 88 48 non
1704 2606 138 48 propter
1791 2606 63 48 nos

409 2650 95 74 sed
464 2650 150 74 propter
573 2650 95 74 se.
627 2650 109 74 Vnde
695 2650 109 74 esse
763 2650 163 74 defectum
886 2650 177 74 visibilem
1022 2650 68 74 a
1049 2650 163 74 creatura
1172 2650 204 74 naturaliter
1335 2650 95 74 aut
1389 2650 177 74 perfecte,
1525 2650 136 74 magnum
1621 2650 163 74 defectum
1730 2650 122 74 poneret
