2017 3136
176 251 100 79 nae,
239 251 100 79 puta
302 251 150 79 generare
415 251 163 79 generari:
540 251 138 79 spirare
640 251 150 79 spirari,
753 251 113 79 sunt,
829 251 138 79 propria
929 251 150 79 personis
1042 251 150 79 diuinis:
1155 251 100 79 quia
1217 251 113 79 nihil
1293 251 100 79 nisi
1355 251 138 79 persona
1456 251 138 79 generat
1543 251 63 79 aut

180 323 193 46 generatur:
332 323 138 46 spirat
429 323 97 46 aut
484 323 179 46 spiratur:
622 323 83 46 vt
663 323 221 46 determinatum
842 323 97 46 est
898 323 138 46 supra.
994 323 110 46 ergo
1063 323 97 46 &c.
1118 323 110 46 Quia
1187 323 83 46 si
1229 323 166 46 essentia
1353 323 97 46 non
1408 323 166 46 generat:
1518 323 97 46 multo

171 363 134 64 minus
260 363 178 64 essentia
394 363 104 64 aut
453 363 163 64 aliquid
572 363 208 64 caeterorum
735 363 104 64 est
795 363 193 64 generatio
943 363 104 64 aut
1003 363 208 64 econuerso.
1166 363 74 64 ⁋
1196 363 119 64 Quia
1270 363 134 64 autem
1359 363 178 64 personae
1493 363 104 64 aut
1552 363 119 64 per-
1611 363 45 64 n

173 403 156 59 sonalia
286 403 99 59 non
343 403 156 59 possunt
457 403 199 59 praedicari
613 403 199 59 adinuicem,
769 403 185 59 arguitur.
911 403 128 59 xiii.
996 403 114 59 sic.
1067 403 142 59 cuncta
1167 403 199 59 personalia
1323 403 99 59 aut
1380 403 114 59 sunt
1451 403 199 59 disparata:

180 446 125 58 sicut
264 446 167 58 generare
389 446 70 58 &
417 446 167 58 spirare,
542 446 97 58 aut
597 446 167 58 relatiue
723 446 181 58 opposita.
862 446 97 58 sed
917 446 139 58 talium
1015 446 111 58 vnum
1084 446 83 58 de
1126 446 139 58 altero
1223 446 97 58 non
1279 446 139 58 potest
1377 446 209 58 praedicari:
1530 446 83 58 quia

170 491 138 60 aliter
267 491 124 60 pater
349 491 124 60 esset
432 491 138 60 filius
528 491 96 60 aut
583 491 193 60 econuerso.
735 491 69 60 &
762 491 83 60 si
804 491 124 60 pater
886 491 124 60 esset
969 491 151 60 filius:
1079 491 165 60 arguendo
1203 491 96 60 per
1258 491 124 60 locum
1341 491 69 60 a
1368 491 207 60 coniugatis.
1533 491 110 60 ergo

180 535 188 53 paternitas
327 535 121 53 esset
407 535 174 53 filiatio:
542 535 67 53 &
568 535 94 53 sic
622 535 80 53 de
662 535 174 53 caeteris.
796 535 188 53 consequens
944 535 134 53 falsum
1038 535 107 53 est.
1105 535 107 53 ergo
1172 535 94 53 &c.
1225 535 67 53 ⁋
1252 535 107 53 Quia
1319 535 121 53 etiam
1400 535 201 53 essentialia
1547 535 67 53 non

185 575 148 61 possunt
292 575 188 61 praedicari
440 575 188 61 adinuicem.
588 575 135 61 xiiii.
682 575 161 61 arguitur
804 575 108 61 sic.
871 575 202 61 essentialia
1032 575 81 61 in
1073 575 148 61 diuinis
1180 575 108 61 sunt
1248 575 188 61 voluntatis
1396 575 67 61 &
1409 575 202 61 intellectus,:

177 626 112 51 quae
247 626 183 51 nequaquam
388 626 183 51 adinuicem
528 626 155 51 possunt
641 626 211 51 praedicari:
810 626 112 51 quia
880 626 112 51 tunc
950 626 127 51 sicut
1035 626 169 51 voluntas
1161 626 127 51 vult,
1245 626 98 51 sic
1302 626 211 51 intellectus
1470 626 155 51 vellet:
1569 626 42 51 &

174 677 158 50 econtra
288 677 129 50 sicut
375 677 215 50 intelligit,
547 677 72 50 &
576 677 172 50 voluntas
705 677 244 50 intelligeret.
906 677 201 50 consequens
1064 677 144 50 falsum
1164 677 115 50 est.
1236 677 115 50 ergo
1308 677 100 50 &c.
1365 677 72 50 ⁋
1394 677 115 50 Quia
1465 677 129 50 etiam
1537 677 72 50 nec

175 711 107 56 idem
242 711 188 56 essentiale
390 711 81 56 in
430 711 175 56 abstracto
564 711 134 56 possit
658 711 188 56 praedicari
806 711 81 56 de
846 711 134 56 seipso
940 711 161 56 concreto
1061 711 94 56 aut
1115 711 188 56 econverso,
1263 711 175 56 arguitur,
1397 711 94 56 xv.
1451 711 107 56 sic.
1518 711 81 56 Si
1545 711 67 56 dei

166 757 102 52 tas
225 757 132 52 esset
313 757 132 52 deus,
400 757 102 52 cum
459 757 117 52 deus
532 757 175 52 generet,
663 757 73 52 &
692 757 146 52 deitas
795 757 205 52 generaret:
955 757 73 52 &
985 757 190 52 econuerso
1131 757 88 52 si
1175 757 146 52 deitas
1277 757 132 52 esset
1365 757 132 52 deus,
1452 757 102 52 cum
1496 757 117 52 deitas

162 806 103 55 non
221 806 176 55 generet,
353 806 118 55 deus
427 806 103 55 non
486 806 206 55 generaret.
647 806 235 55 consequentia
839 806 132 55 falsa
927 806 132 55 sunt.
1015 806 118 55 ergo
1088 806 103 55 &c.
1147 806 74 55 ⁋
1177 806 88 55 In
1221 806 206 55 contrarium
1382 806 132 55 primo
1456 806 147 55 arguitur

168 846 110 53 quod
237 846 151 53 singula
347 846 83 53 in
388 846 151 53 diuinis
498 846 151 53 possunt
608 846 193 53 praedicari
760 846 83 53 de
801 846 179 53 singulis,
939 846 110 53 sic.
1007 846 193 53 quaecunque
1159 846 110 53 sunt
1228 846 110 53 idem
1296 846 151 53 numero,
1406 846 179 53 adinuicem
1530 846 69 53 pos

168 891 117 45 sunt
241 891 219 45 praedicari:
416 891 117 45 quia
489 891 175 45 secundum
620 891 175 45 Boethium
751 891 131 45 nulla
839 891 102 45 est
897 891 146 45 verior
999 891 117 45 illa
1072 891 87 45 in
1115 891 102 45 qua
1174 891 117 45 idem
1246 891 219 45 praedicatur
1421 891 87 45 de
1465 891 102 45 se.
1523 891 102 45 sed

174 934 200 48 quaecunque
331 934 114 48 sunt
402 934 86 48 in
445 934 171 48 diuinis,
573 934 114 48 sunt
644 934 114 48 idem
715 934 157 48 numero:
829 934 114 48 quia
901 934 86 48 in
943 934 157 48 diuinis
1057 934 100 48 non
1114 934 100 48 est
1171 934 114 48 nisi
1243 934 100 48 vna
1300 934 100 48 res
1357 934 214 48 singularis.
1513 934 86 48 ergo

169 978 94 55 &c.
222 978 67 55 ⁋
249 978 175 55 Praeterea
384 978 162 55 arguitur
506 978 108 55 quod
573 978 202 55 essentialia
735 978 148 55 possunt
843 978 189 55 praedicari
991 978 81 55 de
1031 978 162 55 personis
1153 978 67 55 &
1180 978 189 55 econuerso,
1328 978 108 55 sic.
1395 978 81 55 in
1436 978 148 55 diuinis
1530 978 81 55 idem

163 1022 100 48 est
220 1022 114 48 quod
291 1022 100 48 est
349 1022 72 48 &
377 1022 100 48 quo
435 1022 114 48 est,
506 1022 172 48 secundum
635 1022 186 48 Boethium.
778 1022 72 48 &
807 1022 129 48 talia
893 1022 186 48 adinuicem
1036 1022 114 48 bene
1107 1022 243 48 praedicantur,
1307 1022 114 48 quod
1379 1022 114 48 est,
1436 1022 172 48 essentiale

163 1070 107 47 est:
230 1070 94 47 quo
283 1070 107 47 est,
351 1070 188 47 personale.
498 1070 107 47 ergo
565 1070 94 47 &c.
619 1070 67 47 ⁋
646 1070 134 47 Tertio
740 1070 161 47 arguitur
861 1070 107 47 quod
928 1070 201 47 essentialia
1089 1070 215 47 praedicantur
1263 1070 81 47 de
1304 1070 228 47 personalibus,
1492 1070 107 47 sic.
1545 1070 54 47 in

161 1109 251 52 essentialibus
368 1109 74 52 &
397 1109 103 52 per
456 1109 89 52 se
501 1109 295 52 praedicationibus
751 1109 89 52 si
796 1109 192 52 concretum
943 1109 89 52 de
987 1109 192 52 concreto:
1135 1109 74 52 &
1164 1109 207 52 abstractum
1327 1109 89 52 de
1371 1109 207 52 abstracto.
1518 1109 89 52 Ista

169 1157 125 43 autem
253 1157 209 43 praedicatio
420 1157 209 43 essentialis
587 1157 98 43 est
643 1157 70 43 &
671 1157 98 43 per
726 1157 84 43 se
768 1157 84 43 in
810 1157 195 43 concretis,
963 1157 125 43 pater
1047 1157 98 43 est
1102 1157 125 43 deus:
1186 1157 111 43 quia
1256 1157 209 43 praedicatum
1423 1157 98 43 est
1479 1157 84 43 de
1506 1157 98 43 ratio

173 1200 80 49 ne
213 1200 172 49 subiecti.
345 1200 106 49 ergo
411 1200 66 49 &
438 1200 106 49 ista
504 1200 80 49 in
544 1200 199 49 abstractis,
703 1200 186 49 paternitas
849 1200 93 49 est
902 1200 146 49 deitas.
1008 1200 66 49 ⁋
1035 1200 133 49 Quarto
1128 1200 106 49 quod
1194 1200 172 49 econuerso
1327 1200 186 49 relationes
1459 1200 146 49 praedicam

169 1241 101 50 tur
226 1241 86 50 de
269 1241 259 50 essentialibus,
486 1241 173 50 arguitur
615 1241 115 50 sic.
687 1241 144 50 deitas
788 1241 101 50 est
846 1241 130 50 illud
933 1241 101 50 quo
990 1241 130 50 pater
1077 1241 173 50 generat.
1206 1241 115 50 lpsa
1278 1241 115 50 enim
1351 1241 173 50 secundum
1466 1241 144 50 superius

174 1285 242 54 determinata,
370 1285 106 54 est
431 1285 212 54 principium
597 1285 151 54 omnium
703 1285 197 54 diuinarum
854 1285 197 54 actionum.
1005 1285 106 54 sed
1066 1285 166 54 generat
1187 1285 242 54 paternitate:
1383 1285 121 54 quia
1459 1285 136 54 pater
1535 1285 60 54 ge

162 1332 125 51 nerat
246 1332 181 51 inquantum
385 1332 125 51 pater
468 1332 111 51 est:
538 1332 97 51 est
594 1332 125 51 autem
677 1332 125 51 pater
761 1332 223 51 paternitate.
942 1332 111 51 ergo
1011 1332 97 51 &c.
1067 1332 70 51 ⁋
1095 1332 139 51 Quinto
1192 1332 111 51 quod
1262 1332 167 51 personae
1387 1332 97 51 non
1443 1332 153 51 possunt
1540 1332 56 51 ab

161 1376 163 49 inuicem
280 1376 178 49 separari
413 1376 178 49 arguitur
546 1376 119 49 sic.
620 1376 133 49 Pater
709 1376 193 49 generando
857 1376 148 49 filium
961 1376 148 49 genuit
1065 1376 133 49 deum,
1154 1376 104 49 non
1213 1376 133 49 autem
1302 1376 133 49 alium
1391 1376 74 49 a
1420 1376 104 49 se.
1480 1376 119 49 ergo
1539 1376 74 49 ge-

162 1425 109 52 nuit
230 1425 109 52 deum
298 1425 95 52 qui
353 1425 95 52 est
407 1425 122 52 ipse:
488 1425 109 52 ipse
556 1425 122 52 autem
638 1425 95 52 est
692 1425 136 52 pater.
787 1425 109 52 ergo
855 1425 136 52 filius
950 1425 95 52 est
1004 1425 136 52 pater:
1100 1425 68 52 &
1127 1425 122 52 eadem
1208 1425 149 52 ratione
1317 1425 122 52 pater
1398 1425 95 52 est
1453 1425 149 52 filius.
1548 1425 54 52 er

165 1464 87 57 go
208 1464 101 57 &c.
266 1464 72 57 ⁋
295 1464 130 57 Sexto
381 1464 116 57 quod
454 1464 217 57 essentialia
627 1464 159 57 possunt
743 1464 202 57 praedicari
902 1464 202 57 adinuicem:
1061 1464 159 57 dicendo
1177 1464 116 57 deus
1249 1464 101 57 est
1307 1464 145 57 bonus:
1408 1464 130 57 bonus
1495 1464 101 57 est
1538 1464 58 57 ma

175 1516 137 45 gnus:
266 1516 198 45 arguitur,
419 1516 122 45 quia
495 1516 137 45 tales
586 1516 274 45 praedicationes
815 1516 229 45 recipiuntur
998 1516 91 45 in
1044 1516 198 45 creaturis
1196 1516 137 45 eorum
1288 1516 122 45 quae
1364 1516 137 45 magis
1440 1516 168 45 abinuicem

162 1552 201 48 differunt,
320 1552 115 48 quod
391 1552 86 48 si
434 1552 187 48 concretum
578 1552 86 48 de
621 1552 172 48 concreto
750 1552 230 48 praedicatur:
937 1552 129 48 multo
1023 1552 158 48 fortius
1138 1552 201 48 abstractum
1296 1552 86 48 de
1339 1552 201 48 abstracto.
1482 1552 115 48 deitas

167 1597 100 47 est
224 1597 171 47 bonitas:
352 1597 157 47 bonitas
466 1597 100 47 est
523 1597 200 47 magnitudo:
680 1597 114 47 quia
752 1597 200 47 abstractio
908 1597 128 47 magis
994 1597 171 47 congruit
1122 1597 157 47 diuinis
1236 1597 114 47 quam
1308 1597 200 47 concretio:
1465 1597 86 47 vt
1493 1597 100 47 habi-

156 1637 98 60 tum
212 1637 98 60 est
268 1637 140 60 supra.
366 1637 70 60 ⁋
394 1637 154 60 Septimo
506 1637 112 60 quod
576 1637 196 60 essentiale
730 1637 196 60 abstractum
884 1637 98 60 non
941 1637 140 60 possit
1039 1637 196 60 praedicari
1193 1637 84 60 de
1235 1637 182 60 concreto,
1375 1637 168 60 arguitur
1501 1637 112 60 sic.
1557 1637 56 60 Si

170 1686 115 45 deus
242 1686 101 45 est
299 1686 159 45 bonitas
415 1686 130 45 (idem
501 1686 101 45 est
559 1686 173 45 iudicium
689 1686 87 45 de
732 1686 101 45 vno
790 1686 72 45 &
818 1686 87 45 de
862 1686 159 45 altero)
977 1686 115 45 ergo
1049 1686 159 45 bonitas
1164 1686 101 45 est
1222 1686 130 45 deus,
1309 1686 130 45 sicut
1395 1686 115 45 ergo
1467 1686 115 45 deus
1525 1686 72 45 est

162 1729 132 53 bonus
250 1729 191 53 bonitate,
397 1729 103 53 sic
456 1729 103 53 est
515 1729 132 53 bonus
603 1729 117 53 deo,
676 1729 103 53 sed
735 1729 103 53 non
794 1729 103 53 est
852 1729 132 53 bonus
940 1729 176 53 deitate:
1073 1729 176 53 bonitate
1205 1729 132 53 autem
1293 1729 117 53 deus
1366 1729 103 53 est
1425 1729 147 53 bonus.
1513 1729 88 53 deus

166 1773 106 51 ergo
232 1773 93 51 non
285 1773 93 51 est
338 1773 133 51 bonus,
431 1773 106 51 quod
498 1773 93 51 est
551 1773 133 51 contra
643 1773 186 51 praedicta.
789 1773 106 51 ltem
856 1773 186 51 econuerso:
1002 1773 80 51 si
1042 1773 106 51 deus
1108 1773 93 51 vel
1161 1773 133 51 deitas
1254 1773 119 51 esset
1334 1773 133 51 bonus:
1426 1773 93 51 cum
1466 1773 133 51 bonitate

172 1817 99 56 sit
228 1817 141 56 bonus:
327 1817 113 56 ergo
397 1817 155 56 deitate
510 1817 127 56 esset
595 1817 141 56 bonus:
693 1817 113 56 quod
764 1817 141 56 falsum
862 1817 99 56 est
918 1817 169 56 secundum
1045 1817 197 56 praedicta.
1200 1817 113 56 ergo
1257 1817 70 56 &c.

159 1879 84 78 ⁋
193 1879 135 78 Dico
277 1879 135 78 quod
361 1879 135 78 ista
445 1879 202 78 quaestio
597 1879 252 78 vniuersalis
798 1879 135 78 est,
883 1879 236 78 contingens
1068 1879 151 78 modos
1168 1879 303 78 praedicationis
1421 1879 101 78 in
1454 1879 135 78 abstra

156 1945 142 54 ctione
255 1945 71 54 &
284 1945 228 54 concretione:
469 1945 71 54 &
497 1945 199 54 quoscunque
653 1945 128 54 alios
739 1945 142 54 plures
838 1945 85 54 in
881 1945 171 54 diuinis.
1009 1945 142 54 Tangit
1109 1945 128 54 etiam
1194 1945 85 54 ea
1237 1945 114 54 quae
1308 1945 85 54 in
1350 1945 156 54 diuinis
1450 1945 142 54 praedica

161 1996 86 47 ri
204 1996 171 47 possunt:
332 1996 86 47 vt
375 1996 114 47 sunt
446 1996 214 47 essentialia
617 1996 71 47 &
646 1996 214 47 personalia,
817 1996 114 47 siue
888 1996 157 47 fuerint
1002 1996 185 47 personae,
1145 1996 114 47 siue
1216 1996 228 47 proprietates
1401 1996 214 47 personarum.
1558 1996 43 47 &

162 2040 104 54 hoc
222 2040 178 54 mediante
355 2040 104 54 hoc
415 2040 134 54 verbo
504 2040 119 54 est:
578 2040 89 54 vt
623 2040 104 54 est
682 2040 164 54 secundo
801 2040 193 54 adiacens.
950 2040 89 54 Et
995 2040 119 54 quia
1069 2040 223 54 praedicatio
1247 2040 253 54 principaliter
1455 2040 149 54 tangit
1545 2040 59 54 ea

170 2080 118 56 quae
244 2080 251 56 praedicantur:
451 2080 162 56 idcirco
569 2080 221 56 prosequenda
746 2080 103 56 est
805 2080 177 56 quaestio
938 2080 118 56 haec
1012 2080 221 56 generaliter
1189 2080 74 56 &
1218 2080 207 56 communiter
1381 2080 89 56 de
1410 2080 192 56 essentiali-

168 2121 106 54 bus
228 2121 75 54 &
258 2121 241 54 personalibus
455 2121 106 54 quo
515 2121 91 54 ad
560 2121 166 54 illorum
681 2121 287 54 praedicationem.
922 2121 166 54 Secundo
1043 2121 226 54 specialiter
1224 2121 91 54 de
1269 2121 256 54 essentialibus
1480 2121 106 54 quo
1541 2121 91 54 ad

158 2172 261 53 praedicationem
376 2172 203 53 diuersorum
536 2172 232 53 essentialium
725 2172 131 53 vnius
812 2172 87 53 de
855 2172 160 53 altero,
972 2172 73 53 &
1001 2172 203 53 cuiuslibet
1160 2172 87 53 de
1204 2172 160 53 seipso.
1320 2172 145 53 Tertio
1407 2172 189 53 specialiter

167 2217 92 45 de
213 2217 245 45 personalibus
411 2217 107 45 quo
472 2217 92 45 ad
518 2217 168 45 illorum
640 2217 275 45 praedicationem
870 2217 214 45 diuersorum
1038 2217 138 45 vnius
1130 2217 92 45 de
1175 2217 168 45 altero:
1298 2217 76 45 &
1328 2217 214 45 cuiuslibet
1481 2217 107 45 illo-

161 2259 104 53 rum
221 2259 89 53 de
265 2259 164 53 seipso.
384 2259 149 53 Quarto
488 2259 89 53 de
533 2259 253 53 essentialibus
741 2259 208 53 comparatis
905 2259 89 53 ad
949 2259 208 53 personalia
1113 2259 104 53 quo
1173 2259 89 53 ad
1217 2259 268 53 praedicationem
1425 2259 164 53 essentia-

162 2304 116 57 lium
234 2304 87 57 de
277 2304 231 57 personalibus
465 2304 72 57 &
494 2304 202 57 econuerso.
653 2304 87 57 De
696 2304 144 57 quibus
797 2304 159 57 possent
913 2304 130 57 fieri
1000 2304 144 57 plures
1101 2304 231 57 quaestiones:
1289 2304 101 57 sed
1346 2304 159 57 clarius
1462 2304 130 57 simul
1534 2304 58 57 de

160 2350 290 44 terminabuntur.
402 2350 81 44 ⁋
434 2350 145 44 Circa
531 2350 161 44 primum
644 2350 145 44 primo
741 2350 274 44 distinguendum
967 2350 129 44 puto
1047 2350 97 44 ex
1096 2350 145 44 parte
1193 2350 145 44 eorum
1289 2350 129 44 quae
1354 2350 242 44 praedicantur:

158 2393 77 47 &
188 2393 154 47 deinde
296 2393 231 47 immiscendum
481 2393 262 47 distinctionem
697 2393 185 47 modorum:
836 2393 170 47 dicendo
959 2393 123 47 quod
1036 2393 92 47 ea
1082 2393 123 47 quae
1159 2393 247 47 praedicantur
1360 2393 108 47 aut
1421 2393 123 47 sunt
1483 2393 108 47 possi

157 2438 127 62 bilia
242 2438 198 62 praedicari
397 2438 85 62 in
439 2438 155 62 diuinis
552 2438 71 62 &
580 2438 85 62 de
623 2438 155 62 diuinis
736 2438 169 62 mediante
863 2438 99 62 hoc
919 2438 127 62 verbo
1004 2438 113 62 est:
1075 2438 99 62 aut
1131 2438 226 62 praedicantur
1315 2438 99 62 per
1371 2438 99 62 se,
1428 2438 99 62 aut
1484 2438 99 62 per
1526 2438 71 62 ali

171 2481 96 53 ud.
226 2481 110 53 Isto
295 2481 151 53 secundo
404 2481 110 53 modo
473 2481 151 53 dicitur
583 2481 110 53 quod
651 2481 82 53 in
692 2481 151 53 diuinis
802 2481 96 53 est
857 2481 151 53 quaedam
967 2481 206 53 praedicatio
1131 2481 96 53 per
1186 2481 219 53 identitatem:
1365 2481 123 53 talis
1433 2481 151 53 scilicet,

163 2524 111 59 quod
232 2524 166 59 quicquid
357 2524 97 59 est
412 2524 83 59 in
454 2524 166 59 diuinis:
579 2524 111 59 quia
648 2524 152 59 idipsum
759 2524 97 59 est
814 2524 69 59 &
842 2524 97 59 vna
897 2524 97 59 res
953 2524 194 59 singularis
1105 2524 166 59 absoluta
1230 2524 208 59 plurificata
1396 2524 180 59 solummodo
1521 2524 69 59 se-

170 2570 155 69 cundum
278 2570 186 69 rationem
417 2570 201 69 absolutam
572 2570 108 69 aut
634 2570 248 69 respectiuam,
835 2570 232 69 abstractam,
1021 2570 77 69 &
1051 2570 201 69 concretam
1206 2570 93 69 in
1253 2570 186 69 diuinis:
1392 2570 124 69 siue
1454 2570 139 69 fuerint
