2017 3227
387 241 130 80 plura
473 241 231 80 essentialia,
661 241 116 80 siue
733 241 159 80 fuerint
849 241 130 80 plura
935 241 217 80 personalia:
1109 241 87 80 vt
1152 241 173 80 personae
1282 241 159 80 plures,
1397 241 101 80 aut
1455 241 87 80 vt
1499 241 231 80 proprietates
1686 241 159 80 plures,
1787 241 87 80 siue

390 301 157 58 fuerint
504 301 200 58 essentiale
661 301 72 58 &
690 301 172 58 persona,
819 301 114 58 siue
890 301 200 58 essentiale
1048 301 72 58 &
1076 301 215 58 proprietas,
1248 301 114 58 siue
1319 301 157 58 persona
1434 301 72 58 &
1462 301 215 58 proprietas,
1634 301 114 58 siue
1706 301 86 58 in
1734 301 129 58 abstra-

385 358 114 53 cto,
456 358 114 53 siue
527 358 86 53 in
570 358 171 53 concreto
699 358 257 53 significentur.
912 358 157 53 Idcirco
1027 358 157 53 singula
1141 358 157 53 illorum
1255 358 86 53 de
1298 358 171 53 singulis
1426 358 200 53 praedicari
1583 358 157 53 possunt
1697 358 71 53 &
1725 358 86 53 in
1754 358 114 53 abstra

388 395 167 58 ctione,
509 395 76 58 &
539 395 91 58 in
585 395 227 58 concretione
766 395 106 58 per
827 395 227 58 identitatem
1009 395 121 58 quae
1084 395 182 58 fundatur
1221 395 136 58 super
1312 395 136 58 illud
1403 395 136 58 vnum:
1493 395 121 58 eius
1569 395 136 58 tamen
1645 395 227 58 plurificatio-

385 448 93 50 ne
432 448 187 50 secundum
572 448 202 50 rationem:
727 448 140 50 prout
821 448 187 50 superius
961 448 109 50 est
1023 448 202 50 expositum
1178 448 93 50 de
1225 448 249 50 relationibus
1427 448 233 50 communibus:
1614 448 171 50 dicendo
1738 448 124 50 quod
1800 448 78 50 hoc

391 482 97 60 est
446 482 111 60 hoc:
516 482 111 60 quia
585 482 97 60 est
640 482 111 60 idem
709 482 111 60 illi
778 482 83 60 in
820 482 193 60 substantia
972 482 124 60 vnius
1055 482 97 60 rei
1110 482 207 60 singularis.
1276 482 166 60 secundum
1400 482 111 60 quod
1469 482 180 60 processit
1607 482 124 60 prima
1690 482 166 60 obiectio
1815 482 83 60 ad

388 529 188 57 secundam
529 529 172 57 partem.
655 529 78 57 â‹
686 529 110 57 Sed
749 529 94 57 si
795 529 110 57 per
858 529 141 57 talem
952 529 235 57 identitatem
1140 529 94 57 in
1187 529 110 57 vno
1250 529 188 57 secundum
1391 529 235 57 substantiam
1578 529 219 57 quaecunque
1735 529 141 57 diuersa

382 571 118 66 siue
456 571 192 66 distincta
604 571 89 66 re
648 571 103 66 aut
707 571 162 66 ratione
825 571 89 66 in
869 571 162 66 diuinis
987 571 162 66 possent
1105 571 133 66 mutuo
1194 571 89 66 de
1238 571 89 66 se
1282 571 162 66 inuicem
1400 571 207 66 praedicari
1562 571 177 66 absoluta
1680 571 192 66 praedicatio

386 621 92 57 ne
432 621 183 57 secundum
569 621 137 57 modum
661 621 107 57 quo
722 621 122 57 sunt
798 621 214 57 distincta:
966 621 122 57 tunc
1042 621 183 57 postquam
1180 621 137 57 talia
1271 621 168 57 diuersa
1393 621 92 57 in
1439 621 168 57 diuinis
1561 621 122 57 sunt
1638 621 137 57 eadem
1729 621 183 57 secundum

390 673 240 56 substantiam:
585 673 120 56 quia
661 673 120 56 sunt
736 673 120 56 vnum
811 673 90 56 in
856 673 225 56 substantia:
1036 673 105 56 cum
1096 673 120 56 sint
1172 673 135 56 etiam
1262 673 180 56 aequalia
1397 673 180 56 secundum
1532 673 240 56 quantitatem:
1728 673 120 56 quia
1788 673 90 56 sunt

392 713 115 66 vnum
463 713 86 66 in
507 713 216 66 quantitate:
679 713 129 66 licet
765 713 101 66 non
823 713 187 66 similiter
967 713 115 66 sint
1038 713 172 66 similia:
1168 713 115 66 quia
1240 713 101 66 non
1297 713 115 66 sunt
1369 713 115 66 vnum
1441 713 86 66 in
1484 713 201 66 qualitate:
1642 713 101 66 sed
1700 713 201 66 tantummodo

394 756 177 66 personae
527 756 133 66 inter
616 756 89 66 se
660 756 118 66 sunt
734 756 177 66 similes:
866 756 89 66 vt
911 756 162 66 habitum
1029 756 103 66 est
1088 756 148 66 supra,
1191 756 177 66 loquendo
1324 756 89 66 de
1368 756 236 66 relationibus
1560 756 221 66 communibus:
1737 756 133 66 Eadem
1810 756 74 66 er-

395 808 93 63 go
441 808 170 63 ratione
565 808 108 63 per
627 808 139 63 talem
720 808 248 63 aequalitatem
921 808 93 63 in
967 808 108 63 vno
1029 808 186 63 secundum
1168 808 232 63 quantitatem
1354 808 217 63 quaecunque
1524 808 170 63 diuersa
1648 808 108 63 seu
1695 808 170 63 distincta

399 846 118 60 sunt
473 846 88 60 in
517 846 162 60 diuinis
635 846 88 60 re
679 846 103 60 aut
738 846 177 60 ratione,
870 846 162 60 possent
988 846 132 60 mutuo
1076 846 191 60 deinuicem
1223 846 221 60 praedicari,
1400 846 74 60 &
1429 846 118 60 dici
1503 846 162 60 singula
1621 846 88 60 de
1665 846 177 60 singulis
1783 846 88 60 prae

399 891 141 70 dicari
498 891 169 70 secundum
624 891 239 70 aequalitatem:
822 891 127 70 sicut
906 891 70 70 &
934 891 169 70 secundum
1061 891 225 70 identitatem:
1244 891 113 70 quod
1315 891 127 70 tamen
1399 891 99 70 non
1455 891 99 70 est
1512 891 197 70 consuetum.
1667 891 99 70 Nec
1723 891 141 70 iterum
1808 891 70 70 est

389 945 136 57 modus
479 945 211 57 conueniens
645 945 151 57 dicere
751 945 121 57 quod
827 945 106 57 per
887 945 136 57 talem
978 945 226 57 identitatem
1159 945 151 57 aliqua
1264 945 166 57 possunt
1385 945 121 57 dici
1460 945 211 57 praedicari
1627 945 91 57 de
1672 945 166 57 inuicem
1777 945 91 57 prae

393 991 204 51 dicatione
550 991 204 51 absoluta:
708 991 126 51 quia
786 991 141 51 genus
881 991 79 51 &
912 991 236 51 differentia
1101 991 141 51 licet
1195 991 126 51 vnam
1274 991 79 51 &
1305 991 157 51 eandem
1415 991 110 51 rem
1478 991 220 51 singularem
1651 991 94 51 in
1698 991 204 51 indiuiduo

392 1029 165 57 hominis
512 1029 241 57 significent:
708 1029 90 57 vt
753 1029 105 57 hoc
813 1029 165 57 animal,
933 1029 75 57 &
964 1029 105 57 hoc
1024 1029 196 57 rationale
1174 1029 90 57 in
1219 1029 150 57 Petro:
1324 1029 135 57 sicut
1415 1029 75 57 &
1445 1029 150 57 animal
1550 1029 226 57 simpliciter
1731 1029 75 57 &
1746 1029 135 57 rationa

401 1078 91 58 le
446 1078 227 58 simpliciter
628 1078 91 58 in
673 1078 166 58 homine:
794 1078 136 58 tamen
885 1078 182 58 secundum
1021 1078 227 58 philosophum
1203 1078 136 58 genus
1294 1078 91 58 de
1339 1078 227 58 differentia
1521 1078 212 58 praedicari
1687 1078 106 58 non
1733 1078 136 58 potest:

392 1119 87 59 vt
435 1119 144 59 animal
536 1119 87 59 de
579 1119 202 59 rationali:
738 1119 115 59 quia
810 1119 87 59 vt
853 1119 144 59 dicit,
954 1119 115 59 vnus
1026 1119 115 59 homo
1098 1119 130 59 esset
1185 1119 130 59 plura
1271 1119 187 59 animalia.
1416 1119 187 59 Praeterea
1560 1119 87 59 si
1603 1119 159 59 propter
1718 1119 130 59 talem
1790 1119 87 59 idem

396 1165 159 57 titatem
511 1165 159 57 singula
626 1165 159 57 possent
742 1165 202 57 praedicari
901 1165 87 57 de
944 1165 188 57 singulis,
1088 1165 101 57 cum
1146 1165 87 57 in
1189 1165 159 57 diuinis
1305 1165 130 57 tanta
1391 1165 101 57 sit
1449 1165 188 57 identitas
1593 1165 216 57 personarum,
1767 1165 72 57 &
1781 1165 101 57 etiam

398 1218 214 59 singularum
566 1218 230 59 personalium
750 1218 245 59 proprietatum
949 1218 92 59 in
995 1218 168 59 vnitate
1118 1218 230 59 substantiae
1301 1218 214 59 singularis
1470 1218 153 59 quanta
1577 1218 77 59 &
1608 1218 230 59 quorumlibet
1776 1218 92 59 alio

390 1256 122 59 rum.
466 1256 91 59 Si
512 1256 122 59 ergo
588 1256 152 59 aliqua
695 1256 168 59 aliorum
816 1256 107 59 per
877 1256 152 59 dictam
984 1256 229 59 identitatem
1167 1256 198 59 deinuicem
1319 1256 168 59 possent
1441 1256 229 59 praedicari:
1624 1256 168 59 dicendo
1746 1256 122 59 deus
1807 1256 76 59 est

391 1304 155 57 bonus,
500 1304 109 57 vel
562 1304 155 57 deitas
671 1304 109 57 est
733 1304 187 57 bonitas:
873 1304 140 57 eadem
967 1304 171 57 ratione
1091 1304 78 57 &
1122 1304 109 57 vna
1184 1304 171 57 persona
1308 1304 155 57 posset
1417 1304 218 57 praedicari
1588 1304 140 57 eodem
1681 1304 124 57 modo
1759 1304 93 57 de
1790 1304 78 57 al-

398 1358 102 50 ra:
457 1358 161 50 dicendo
574 1358 131 50 pater
661 1358 102 50 est
720 1358 146 50 filius
822 1358 73 50 &
851 1358 205 50 econuerso:
1012 1358 73 50 &
1041 1358 102 50 vna
1100 1358 205 50 proprietas
1260 1358 88 50 de
1304 1358 117 50 alia
1377 1358 161 50 dicendo
1494 1358 205 50 paternitas
1655 1358 102 50 est
1713 1358 175 50 filiatio
1830 1358 44 50 &

399 1397 210 52 econuerso.
564 1397 210 52 Consequens
729 1397 150 52 falsum
834 1397 120 52 est,
909 1397 165 52 quoniam
1029 1397 120 52 illa
1104 1397 210 52 distinguit
1269 1397 210 52 relationis
1434 1397 210 52 oppositio:
1599 1397 165 52 propter
1719 1397 120 52 quam
1794 1397 105 52 non

392 1440 106 55 sic
452 1440 121 55 sunt
528 1440 121 55 vnum
603 1440 136 55 inter
694 1440 106 55 se:
754 1440 136 55 sicut
844 1440 75 55 &
875 1440 136 55 inter
965 1440 90 55 se
1010 1440 121 55 vnum
1086 1440 121 55 sunt
1161 1440 241 55 essentialia.
1357 1440 136 55 iuxta
1448 1440 136 55 illud
1538 1440 121 55 quod
1614 1440 211 55 excipiendo
1764 1440 106 55 dicit

389 1491 191 51 loannes
527 1491 260 51 Damascenus.
736 1491 104 51 In
788 1491 191 51 diuinis
927 1491 156 51 omnia
1031 1491 139 51 sunt
1117 1491 139 51 vnum
1204 1491 191 51 praeter
1343 1491 312 51 ingenerationem
1603 1491 295 51 generationem,
1829 1491 52 51 &

401 1536 243 59 spirationem.
598 1536 137 59 Quare
689 1536 121 59 etsi
765 1536 228 59 essentialia
947 1536 106 59 per
1008 1536 152 59 dictam
1114 1536 228 59 identitatem
1296 1536 197 59 adinuicem
1448 1536 212 59 praedicari
1615 1536 182 59 possent:
1752 1536 106 59 non
1797 1536 76 59 ta-

392 1588 103 44 men
451 1588 177 44 personae
584 1588 103 44 vel
643 1588 236 44 proprietates
835 1588 222 44 personales.
1012 1588 89 44 Et
1057 1588 103 44 sic
1116 1588 148 44 saltem
1219 1588 133 44 illud
1308 1588 148 44 dictum
1411 1588 103 44 per
1470 1588 222 44 exceptionem
1647 1588 207 44 verificari
1795 1588 74 44 de-

408 1620 137 60 beret
499 1620 91 60 vt
545 1620 228 60 essentialia
727 1620 213 60 dicerentur
894 1620 213 60 praedicari
1062 1620 198 60 adinuicem
1214 1620 106 60 per
1275 1620 243 60 identitatem:
1472 1620 106 60 non
1533 1620 137 60 autem
1624 1620 228 60 personalia.
1807 1620 106 60 Sed

402 1670 99 55 nec
459 1670 99 55 sic
515 1670 156 55 possunt
629 1670 114 55 dici
700 1670 199 55 praedicari
856 1670 170 55 absoluta
984 1670 241 55 praedicatione
1182 1670 185 55 adinuicem
1324 1670 128 55 etiam
1410 1670 227 55 essentialia.
1594 1670 128 55 licet
1679 1670 114 55 enim
1750 1670 114 55 haec
1807 1670 71 55 sit

401 1720 135 53 vera,
491 1720 165 53 bonitas
611 1720 90 53 in
656 1720 165 53 diuinis
776 1720 105 53 est
837 1720 120 53 idem
912 1720 240 53 magnitudini:
1107 1720 90 53 ex
1152 1720 105 53 hoc
1212 1720 135 53 tamen
1302 1720 105 53 non
1362 1720 180 53 sequitur
1497 1720 120 53 quod
1573 1720 165 53 bonitas
1693 1720 105 53 est
1738 1720 135 53 magnitu

401 1761 96 59 do:
456 1761 123 59 sicut
538 1761 96 59 non
593 1761 178 59 sequitur,
730 1761 123 59 pater
812 1761 96 59 est
867 1761 110 59 idem
936 1761 137 59 filio,
1032 1761 110 59 ergo
1100 1761 123 59 pater
1182 1761 96 59 est
1237 1761 151 59 filius:
1347 1761 96 59 aut
1401 1761 206 59 differentia
1566 1761 96 59 est
1621 1761 110 59 idem
1689 1761 151 59 generi,
1799 1761 110 59 ergo

395 1804 216 54 differentia
568 1804 101 54 est
625 1804 144 54 genus.
726 1804 115 54 Mihi
798 1804 144 54 igitur
899 1804 159 54 videtur
1014 1804 115 54 quod
1086 1804 130 54 dicta
1173 1804 187 54 identitas
1317 1804 130 54 eorum
1403 1804 115 54 quae
1475 1804 115 54 sunt
1548 1804 86 54 in
1591 1804 173 54 diuinis,
1720 1804 101 54 non
1778 1804 101 54 sit
1821 1804 58 54 su

398 1850 164 56 ficiens
518 1850 135 56 causa
607 1850 105 56 aut
667 1850 135 56 ratio
757 1850 224 56 praedicandi
936 1850 194 56 adinuicem
1086 1850 149 56 aliqua
1190 1850 120 56 quae
1265 1850 120 56 sunt
1340 1850 90 56 in
1385 1850 179 56 diuinis.
1519 1850 120 56 Dico
1594 1850 254 56 praedicatione
1788 1850 90 56 abso

408 1899 111 51 luta
477 1899 139 51 absque
574 1899 208 51 expositione
741 1899 69 51 &
768 1899 166 51 speciali
893 1899 194 51 intellectu
1046 1899 111 51 alio
1115 1899 111 51 quam
1184 1899 152 51 termini
1295 1899 222 51 praetendunt.
1475 1899 97 51 Nec
1531 1899 125 51 tamen
1614 1899 152 51 propter
1725 1899 125 51 talem
1794 1899 83 51 expo

393 1948 183 57 sitionem
530 1948 199 57 quaelibet
683 1948 229 57 praedicatio
866 1948 92 57 in
912 1948 168 57 diuinis
1034 1948 107 57 est
1095 1948 229 57 recipienda:
1278 1948 92 57 vt
1324 1948 107 57 iam
1385 1948 260 57 declarabitur.
1599 1948 122 57 Vnde
1660 1948 214 57 respondendum

402 1991 107 54 est
463 1991 91 54 ad
508 1991 152 54 dictam
615 1991 183 54 rationem
752 1991 198 54 probantem
904 1991 122 54 quod
980 1991 91 54 in
1026 1991 168 54 diuinis
1148 1991 168 54 singula
1270 1991 198 54 deinuicem
1422 1991 168 54 possunt
1544 1991 228 54 praedicari:
1727 1991 122 54 quia
1788 1991 91 54 sunt

400 2038 122 53 idem
476 2038 92 53 vt
522 2038 153 53 dictum
629 2038 122 53 est:
706 2038 76 53 &
736 2038 184 53 secundum
874 2038 184 53 Boethium
1011 2038 138 53 nulla
1103 2038 214 53 propositio
1271 2038 153 53 verior
1378 2038 107 53 est
1440 2038 122 53 illa
1516 2038 92 53 in
1562 2038 107 53 qua
1623 2038 122 53 idem
1684 2038 199 53 praedicatur

410 2078 90 57 de
455 2078 104 57 se:
515 2078 164 57 dicendo
634 2078 119 57 quod
708 2078 134 57 verum
798 2078 104 57 est
858 2078 194 57 inquantum
1007 2078 104 57 est
1066 2078 119 57 idem
1141 2078 75 57 &
1171 2078 224 57 praedicando
1350 2078 75 57 &
1380 2078 209 57 explicando
1544 2078 224 57 identitatem
1723 2078 90 57 in
1753 2078 119 57 recto:

402 2124 71 56 &
430 2124 85 56 id
473 2124 100 56 cui
530 2124 185 56 subiectum
672 2124 100 56 est
729 2124 114 56 idem
800 2124 85 56 in
843 2124 171 56 obiecto:
971 2124 157 56 dicendo
1085 2124 128 56 pater
1170 2124 100 56 est
1227 2124 114 56 idem
1298 2124 142 56 filio:
1398 2124 71 56 &
1427 2124 100 56 sic
1483 2124 85 56 de
1526 2124 185 56 caeteris:
1669 2124 100 56 vel
1725 2124 114 56 sic,
1782 2124 100 56 magni

409 2173 108 55 tudo
476 2173 94 55 est
530 2173 161 55 bonitas:
651 2173 67 55 &
678 2173 81 55 id
718 2173 108 55 quid
785 2173 94 55 est
839 2173 175 55 magnitudo
974 2173 94 55 est
1027 2173 81 55 id
1068 2173 108 55 quod
1135 2173 94 55 est
1189 2173 161 55 bonitas.
1310 2173 94 55 Sed
1364 2173 81 55 ex
1404 2173 94 55 hoc
1458 2173 94 55 non
1512 2173 161 55 sequitur
1633 2173 108 55 quod
1687 2173 188 55 praedicatio-

411 2219 88 51 ne
455 2219 176 51 absoluta
587 2219 117 51 vnum
660 2219 161 51 illorum
777 2219 102 51 per
836 2219 161 51 seipsum
953 2219 146 51 possit
1055 2219 205 51 praedicari
1216 2219 88 51 de
1260 2219 161 51 altero:
1377 2219 88 51 vt
1421 2219 132 51 patet
1509 2219 88 51 in
1553 2219 146 51 genere
1655 2219 73 51 &
1670 2219 205 51 differentia,

401 2263 68 52 &
429 2263 150 52 animali
537 2263 68 52 &
565 2263 190 52 rationali.
714 2263 82 52 Eo
755 2263 109 52 enim
823 2263 109 52 quod
891 2263 136 52 animal
986 2263 150 52 tanquam
1095 2263 122 52 genus
1176 2263 190 52 significat
1326 2263 82 52 de
1366 2263 150 52 homine,
1475 2263 109 52 quod
1543 2263 109 52 est:
1611 2263 177 52 rationale
1747 2263 109 52 vero
1801 2263 82 52 tam-

408 2308 114 58 quam
479 2308 214 58 differentia
651 2308 200 58 contrahens
808 2308 71 58 &
837 2308 214 58 determinans
1008 2308 143 58 genus,
1108 2308 100 58 quo
1165 2308 114 58 est:
1237 2308 129 58 licet
1323 2308 114 58 homo
1394 2308 100 58 est
1451 2308 114 58 quod
1523 2308 157 58 animal:
1637 2308 143 58 animal
1737 2308 129 58 tamen
1809 2308 71 58 tam

420 2358 89 58 uam
471 2358 166 58 materiale
599 2358 77 58 in
637 2358 192 58 significato
791 2358 141 58 hominis
893 2358 89 58 non
944 2358 89 58 est
995 2358 89 58 hoc
1046 2358 153 58 scilicet
1161 2358 115 58 homo:
1238 2358 102 58 nisi
1302 2358 89 58 quo
1353 2358 77 58 vt
1391 2358 128 58 formal
1481 2358 153 58 scilicet
1596 2358 179 58 rationali:
1736 2358 64 58 &
1762 2358 89 58 est
1800 2358 77 58 homo

402 2403 201 54 compositus
560 2403 86 54 ex
603 2403 144 54 genere
703 2403 72 54 &
732 2403 230 54 differentia:
919 2403 129 54 sicut
1005 2403 86 54 ex
1048 2403 86 54 eo
1091 2403 115 54 quod
1163 2403 101 54 est
1220 2403 72 54 &
1249 2403 101 54 quo
1306 2403 101 54 est
1364 2403 115 54 ipse
1436 2403 129 54 homo.
1522 2403 86 54 Et
1565 2403 115 54 ideo
1637 2403 187 54 nequaquam
1766 2403 115 54 potest

408 2441 151 52 animal
513 2441 211 52 praedicari
679 2441 90 52 de
724 2441 211 52 rationali:
890 2441 121 52 quia
966 2441 90 52 vt
1011 2441 136 52 dicit
1101 2441 241 52 philosophus,
1297 2441 121 52 vnus
1373 2441 121 52 homo
1448 2441 136 52 esset
1538 2441 136 52 plura
1629 2441 196 52 animalia:
1780 2441 75 52 &
1795 2441 75 52 hoc

407 2491 106 59 per
468 2491 122 59 hunc
544 2491 152 59 modum:
650 2491 122 59 quia
726 2491 106 59 cum
787 2491 228 59 differentia
969 2491 228 59 praedicatur
1152 2491 91 59 de
1197 2491 167 59 specie:
1319 2491 122 59 puta
1395 2491 91 59 de
1440 2491 152 59 homine
1547 2491 213 59 rationale:
1714 2491 91 59 vt
1759 2491 106 59 quo
1805 2491 76 59 est

413 2540 141 52 aliquid
516 2540 154 52 secundum
631 2540 179 52 praedicta:
772 2540 77 52 si
810 2540 115 52 genus
887 2540 102 52 puta
951 2540 128 52 animal
1041 2540 218 52 praedicaretur
1220 2540 77 52 de
1258 2540 179 52 rationali:
1399 2540 128 52 animal
1489 2540 205 52 includeretur
1655 2540 77 52 in
1694 2540 192 52 significato
1835 2540 51 52 ra

407 2581 131 55 tionis:
502 2581 60 55 &
526 2581 83 55 sic
574 2581 95 55 homo
634 2581 72 55 ex
669 2581 72 55 eo
705 2581 95 55 quod
765 2581 155 55 rationale
884 2581 107 55 esset
955 2581 131 55 animal.
1051 2581 179 55 Differentia
1194 2581 107 55 autem
1265 2581 83 55 est
1313 2581 107 55 extra
1384 2581 143 55 rationem
1492 2581 143 55 generis:
1599 2581 60 55 &
1623 2581 83 55 sic
1670 2581 95 55 homo
1730 2581 107 55 esset
1790 2581 95 55 animal

415 2628 134 60 praeter
512 2628 85 60 hoc
561 2628 97 60 quod
621 2628 85 60 est
670 2628 170 60 rationale:
804 2628 109 60 esset
877 2628 97 60 ergo
937 2628 122 60 animal
1022 2628 134 60 praeter
1120 2628 170 60 rationale:
1253 2628 61 60 &
1278 2628 85 60 cum
1326 2628 85 60 hoc
1375 2628 109 60 esset
1448 2628 109 60 etiam
1521 2628 122 60 animal
1606 2628 73 60 ex
1642 2628 73 60 eo
1679 2628 97 60 quod
1739 2628 85 60 est
1776 2628 97 60 ratio-

404 2677 131 70 nale,
492 2677 73 70 &
521 2677 102 70 sic
579 2677 204 70 necessario
740 2677 117 70 vnus
813 2677 117 70 homo
886 2677 131 70 esset
973 2677 131 70 plura
1061 2677 190 70 animalia.
1207 2677 131 70 Patet
1294 2677 131 70 etiam
1382 2677 88 70 in
1426 2677 190 70 proposito
1572 2677 88 70 in
1615 2677 131 70 patre
1703 2677 73 70 &
1732 2677 146 70 filio.
1820 2677 58 70 Eo
