2017 3128
194 230 258 68 attributalium
406 230 258 68 proprietatum:
619 230 106 68 non
680 230 106 68 sic
741 230 137 68 autem
832 230 91 68 in
877 230 213 68 attributo:
1045 230 106 68 sed
1105 230 182 68 essentia
1242 230 106 68 sub
1303 230 122 68 alia
1379 230 167 68 ratione
1500 230 76 68 &
1515 230 122 68 dispo-

188 297 158 52 sitione
302 297 129 52 cadit
388 297 86 52 in
431 297 258 52 significatione
646 297 229 52 attributorum
832 297 115 52 quam
904 297 86 52 in
947 297 258 52 significatione
1161 297 229 52 substantiae,
1348 297 172 52 secundum
1462 297 172 52 praedicta.

185 343 162 45 Sumendo
303 343 133 45 tamen
392 343 133 45 nomen
480 343 177 45 personae
613 343 89 45 in
657 343 236 45 abstractione
849 343 89 45 vt
893 343 89 45 in
938 343 103 45 suo
997 343 221 45 significato
1174 343 177 45 includit
1306 343 192 45 essentiam
1454 343 103 45 cum
1498 343 133 45 proprie

186 386 127 55 tate:
270 386 70 55 &
299 386 197 55 proprietas
454 386 70 55 &
482 386 169 55 essentia
609 386 85 55 de
651 386 155 55 persona
764 386 85 55 in
806 386 225 55 abstractione
989 386 240 55 praedicantur:
1186 386 127 55 sicut
1271 386 197 55 animalitas
1426 386 70 55 &
1440 386 197 55 rationalitas

194 430 87 50 de
238 430 218 50 humanitate,
413 430 131 50 prout
500 430 145 50 tactum
601 430 102 50 est
660 430 145 50 supra.
761 430 218 50 Essentialia
936 430 131 50 autem
1023 430 204 50 praedicari
1183 430 247 50 praedicatione
1386 430 174 50 absoluta
1517 430 87 50 de
1546 430 73 50 pro

186 476 213 55 prietatibus
356 476 142 55 altero
456 476 100 55 vel
513 476 156 55 ambobus
627 476 185 55 existente
769 476 85 55 in
811 476 228 55 abstractione
996 476 100 55 non
1053 476 142 55 video.
1153 476 100 55 Aut
1210 476 128 55 etiam
1295 476 114 55 quod
1366 476 199 55 essentiale
1508 476 114 55 possit

189 522 198 53 praedicari
344 522 85 53 de
387 522 212 53 proprietate
556 522 155 53 ambobus
669 522 127 53 etiam
754 522 226 53 existentibus
937 522 85 53 in
980 522 226 53 concretione:
1163 522 85 53 vt
1205 522 113 53 quod
1276 522 198 53 paternitas
1431 522 99 53 sit
1488 522 113 53 deus
1558 522 99 53 aut

197 568 142 50 deitas,
300 568 103 50 nisi
364 568 116 50 forte
442 568 142 50 ratione
545 568 193 50 realitatis:
699 568 103 50 quam
764 568 180 50 proprietas
905 568 142 50 tanquam
1008 568 142 50 relatio
1111 568 167 50 contrahit
1240 568 64 50 a
1266 568 90 50 suo
1317 568 193 50 fundamento.
1472 568 129 50 Aliter
1549 568 77 50 enim

196 610 156 47 relatio
309 610 99 47 nec
366 610 170 47 secundum
494 610 85 47 se
536 610 99 47 est
593 610 170 47 aliquid,
721 610 99 47 nec
778 610 114 47 ipsa
849 610 199 47 suppositum
1005 610 128 47 habet
1090 610 114 47 esse
1161 610 170 47 aliquid,
1288 610 99 47 sed
1345 610 142 47 tantum
1445 610 85 47 ad
1487 610 170 47 aliquid,

196 649 99 54 sed
252 649 184 54 econuerso
394 649 198 54 proprietas
550 649 113 54 bene
621 649 142 54 potest
720 649 198 54 praedicari
876 649 85 54 de
918 649 184 54 essentia,
1060 649 198 54 supponente
1215 649 127 54 tamen
1300 649 99 54 pro
1357 649 170 54 persona:
1484 649 99 54 cum
1527 649 99 54 etiam

190 696 159 53 persona
305 696 144 53 possit
406 696 202 53 praedicari
565 696 87 53 de
608 696 217 53 essentiali:
782 696 159 53 dicendo
897 696 116 53 deus
969 696 101 53 est
1027 696 144 53 pater,
1128 696 144 53 bonus,
1229 696 159 53 magnus,
1345 696 72 53 &
1374 696 159 53 caetera
1475 696 144 53 huiusmo-

192 740 97 59 di:
248 740 153 59 quamuis
359 740 180 59 conuersae
497 740 125 59 magis
580 740 111 59 sint
650 740 180 59 propriae:
788 740 111 59 quia
858 740 125 59 omnia
941 740 208 59 essentialia
1107 740 83 59 se
1149 740 139 59 habent
1246 740 83 59 vt
1287 740 139 59 formae
1384 740 166 59 respectu
1495 740 139 59 persona-

192 786 129 61 rum,
273 786 194 61 secundum
402 786 194 61 praedicta.

182 837 95 85 â‹
220 837 322 85 Transcurrendo
485 837 189 85 igitur
617 837 265 85 argumenta:
825 837 151 85 Dico
920 837 151 85 quod
1015 837 189 85 primum
1147 837 284 85 concedendum
1374 837 151 85 est,
1450 837 170 85 probans

202 927 109 52 quod
270 927 95 52 non
325 927 150 52 singula
434 927 218 52 praedicantur
611 927 82 52 de
651 927 177 52 singulis,
787 927 150 52 propter
896 927 204 52 confusionem
1060 927 109 52 quae
1128 927 204 52 contingeret
1291 927 95 52 tam
1345 927 82 52 in
1386 927 163 52 personis
1509 927 109 52 quam
1577 927 82 52 in

194 965 249 50 proprietatibus,
403 965 105 50 quam
469 965 79 50 in
508 965 236 50 essentialibus,
704 965 79 50 si
743 965 222 50 praedicatione
927 965 157 50 absoluta
1044 965 79 50 de
1084 965 105 50 quod
1149 965 105 50 est:
1214 965 92 50 qua
1267 965 144 50 dicitur
1371 965 92 50 hoc
1424 965 92 50 est
1476 965 105 50 hoc:
1542 965 105 50 quae

190 1012 99 52 est
246 1012 85 52 de
289 1012 127 52 esse:
374 1012 184 52 quodlibet
515 1012 127 52 eorum
600 1012 113 52 quae
671 1012 113 52 sunt
742 1012 85 52 in
784 1012 156 52 diuinis
898 1012 241 52 praedicaretur
1096 1012 85 52 de
1138 1012 170 52 quolibet
1266 1012 212 52 affirmatiue
1436 1012 71 52 &
1464 1012 127 52 vere:
1535 1012 99 52 secun

187 1055 96 48 dum
242 1055 110 48 quod
311 1055 220 48 intelligitur
490 1055 179 48 quaestio.
627 1055 110 48 Quia
696 1055 124 48 talis
779 1055 206 48 praedicatio
944 1055 96 48 non
999 1055 220 48 intelligitur
1177 1055 165 48 praecise
1301 1055 193 48 verificari
1452 1055 83 48 ex
1494 1055 124 48 parte
1562 1055 69 48 rei

200 1097 221 47 significatae
380 1097 83 47 vt
421 1097 97 47 est
477 1097 207 47 simpliciter
643 1097 83 47 in
684 1097 166 47 subiecto
808 1097 69 47 &
836 1097 194 47 praedicato
988 1097 221 47 significato:
1168 1097 97 47 sed
1223 1097 124 47 etiam
1306 1097 83 47 ex
1348 1097 124 47 parte
1430 1097 111 47 modi
1486 1097 138 47 signifi-

191 1145 141 54 candi:
290 1145 183 54 videlicet
431 1145 85 54 vt
473 1145 99 54 est
529 1145 211 54 significata
698 1145 85 54 in
741 1145 169 54 subiecto
868 1145 70 54 &
896 1145 197 54 praedicato
1051 1145 99 54 sub
1107 1145 113 54 modo
1178 1145 113 54 tali
1248 1145 70 54 &
1277 1145 127 54 tali:
1361 1145 113 54 quia
1432 1145 99 54 non
1488 1145 127 54 solum
1573 1145 85 54 ab

184 1186 80 45 eo
224 1186 106 45 quod
290 1186 93 45 res
343 1186 93 45 est
396 1186 212 45 simpliciter,
568 1186 146 45 dicitur
674 1186 133 45 oratio
767 1186 119 45 vera:
847 1186 93 45 sed
900 1186 80 45 ab
940 1186 80 45 eo
979 1186 106 45 quod
1046 1186 93 45 sic
1099 1186 106 45 est:
1165 1186 119 45 idest
1244 1186 119 45 sicut
1324 1186 93 45 per
1377 1186 172 45 orationem
1496 1186 133 45 exprimi-

190 1232 117 51 tur.
263 1232 161 51 Propter
380 1232 117 51 quod
454 1232 132 51 licet
541 1232 88 51 in
585 1232 161 51 omnibus
702 1232 161 51 diuinis
819 1232 292 51 praedicationibus
1068 1232 102 51 res
1126 1232 132 51 eadem
1214 1232 205 51 singularis
1375 1232 102 51 sit
1433 1232 88 51 in
1477 1232 175 51 subiecto
1594 1232 44 51 &

196 1272 87 55 in
239 1272 216 55 praedicato:
412 1272 101 55 non
470 1272 130 55 tamen
556 1272 87 55 ex
600 1272 101 55 hoc
657 1272 101 55 est
715 1272 115 55 vera
787 1272 216 55 praedicatio
960 1272 173 55 absoluta
1090 1272 87 55 de
1133 1272 101 55 hoc
1191 1272 115 55 esse
1263 1272 115 55 hoc,
1335 1272 115 55 nisi
1408 1272 130 55 eodem
1494 1272 115 55 modo
1552 1272 72 55 ex-

192 1318 182 55 primatur
329 1318 106 55 per
389 1318 182 55 sermonem
526 1318 91 55 in
572 1318 213 55 praedicato
739 1318 76 55 &
769 1318 91 55 in
815 1318 197 55 subiecto.
967 1318 122 55 Vnde
1043 1318 91 55 si
1088 1318 91 55 in
1134 1318 182 55 subiecto
1270 1318 243 55 significatur
1468 1318 106 55 sub
1513 1318 122 55 ratio-

185 1365 88 47 ne
229 1365 236 47 quantitatis,
421 1365 74 47 &
450 1365 88 47 in
495 1365 206 47 praedicato
657 1365 103 47 sub
716 1365 162 47 ratione
834 1365 206 47 qualitatis
996 1365 103 47 vel
1055 1365 206 47 econuerso,
1217 1365 103 47 vel
1276 1365 250 47 vniuersaliter
1467 1365 177 47 diuersimo-

188 1407 111 56 de:
252 1407 191 56 secundum
395 1407 222 56 quencumque
569 1407 143 56 modum
665 1407 270 56 significandi:
887 1407 79 56 &
919 1407 143 56 etiam
1014 1407 143 56 solum
1110 1407 207 56 differunt
1269 1407 191 56 secundum
1412 1407 191 56 rationem
1539 1407 95 56 absa

186 1453 133 52 tracti
279 1453 67 52 &
306 1453 173 52 concreti:
439 1453 93 52 non
492 1453 107 52 ideo
559 1453 133 52 potest
652 1453 107 52 dici
719 1453 120 52 vera,
799 1453 67 52 &
825 1453 147 52 propria
932 1453 227 52 praedicatione
1119 1453 160 52 absoluta
1239 1453 107 52 quod
1305 1453 93 52 hoc
1358 1453 93 52 est
1412 1453 107 52 hoc.
1478 1453 120 52 Licet
1545 1453 80 52 enim

177 1496 85 57 res
225 1496 97 57 quae
286 1496 85 57 est
335 1496 182 57 significata
481 1496 73 57 in
517 1496 158 57 subiecto,
639 1496 85 57 sit
688 1496 182 57 significata
834 1496 73 57 in
870 1496 182 57 praedicato:
1016 1496 73 57 vt
1052 1496 109 57 tamen
1125 1496 85 57 est
1174 1496 182 57 significata
1320 1496 73 57 in
1356 1496 158 57 subiecto,
1478 1496 85 57 non
1527 1496 85 57 sic
1563 1496 61 57 est

191 1539 231 49 significata
376 1539 93 49 in
422 1539 231 49 praedicato.
607 1539 123 49 Quia
684 1539 154 49 igitur
792 1539 108 49 res
854 1539 185 49 subiecta
993 1539 93 49 in
1039 1539 108 49 hoc
1101 1539 154 49 nomine
1209 1539 201 49 magnitudo
1363 1539 108 49 non
1424 1539 108 49 est
1471 1539 154 49 magnitu-

181 1589 85 51 do
223 1589 85 51 vt
266 1589 99 51 est
322 1589 99 51 res
379 1589 226 51 simpliciter:
563 1589 99 51 sed
619 1589 127 51 solum
704 1589 85 51 vt
746 1589 99 51 est
803 1589 99 51 sub
859 1589 113 51 tali
930 1589 170 51 ratione:
1057 1589 127 51 neque
1142 1589 99 51 res
1199 1589 212 51 significata
1368 1589 99 51 hoc
1425 1589 141 51 nomine
1510 1589 127 51 bonitas

180 1631 98 44 est
236 1631 167 44 bonitas,
361 1631 112 44 nisi
431 1631 84 44 vt
473 1631 98 44 est
529 1631 209 44 significata
696 1631 98 44 sub
752 1631 112 44 tali
822 1631 126 44 modo:
906 1631 126 44 modus
989 1631 126 44 autem
1073 1631 112 44 vnus
1143 1631 98 44 non
1199 1631 98 44 est
1254 1631 140 44 alter:
1352 1631 112 44 siue
1422 1631 126 44 ratio
1505 1631 98 44 vna
1561 1631 98 44 non

190 1675 95 55 est
245 1675 149 55 altera,
353 1675 68 55 &
380 1675 95 55 non
434 1675 203 55 praedicatur
597 1675 108 55 tali
664 1675 217 55 propositione
841 1675 95 55 res
895 1675 81 55 de
935 1675 81 55 re
976 1675 217 55 simpliciter:
1152 1675 95 55 sed
1206 1675 95 55 res
1260 1675 108 55 quae
1328 1675 95 55 est
1382 1675 163 55 bonitas,
1504 1675 68 55 &
1531 1675 81 55 vt
1558 1675 68 55 il-

186 1716 84 60 la
228 1716 98 60 res
284 1716 111 60 quae
353 1716 167 60 secundum
479 1716 84 60 se
520 1716 98 60 est
576 1716 70 60 &
604 1716 209 60 simpliciter
771 1716 98 60 res
827 1716 111 60 quae
897 1716 98 60 est
952 1716 153 60 bonitas
1064 1716 84 60 de
1106 1716 84 60 re
1147 1716 111 60 quae
1217 1716 98 60 est
1273 1716 195 60 magnitudo:
1426 1716 70 60 &
1454 1716 84 60 vt
1496 1716 98 60 est
1537 1716 98 60 magni

190 1764 129 52 tudo:
275 1764 157 52 Idcirco
390 1764 114 52 dico
461 1764 114 52 quod
532 1764 100 52 non
590 1764 129 52 video
675 1764 157 52 quomodo
789 1764 114 52 haec
861 1764 143 52 potest
961 1764 114 52 esse
1032 1764 114 52 vera
1104 1764 243 52 praedicatione
1304 1764 171 52 absoluta
1432 1764 86 52 de
1475 1764 129 52 esse:
1561 1764 100 52 ma-

190 1805 153 59 gnitudo
301 1805 97 59 est
357 1805 166 59 bonitas.
481 1805 97 59 lta
537 1805 111 59 quod
606 1805 83 59 si
648 1805 139 59 talium
745 1805 139 59 aliqua
842 1805 153 59 concedi
953 1805 153 59 possit:
1064 1805 97 59 hoc
1120 1805 97 59 non
1175 1805 97 59 est
1231 1805 236 59 praedicatione
1425 1805 180 59 absoluta:
1564 1805 97 59 sed

182 1853 201 43 solummodo
336 1853 108 43 per
398 1853 247 43 expositionem
599 1853 170 43 dicendo
722 1853 201 43 magnitudo
877 1853 108 43 est
939 1853 185 43 bonitas,
1078 1853 139 43 idest
1170 1853 93 43 ea
1217 1853 108 43 res
1279 1853 124 43 quae
1356 1853 108 43 est
1418 1853 201 43 magnitudo
1557 1853 77 43 est

182 1895 121 57 ipsa
258 1895 182 57 bonitas.
394 1895 106 57 Res
454 1895 121 57 enim
530 1895 136 57 eadem
621 1895 212 57 singularis
787 1895 91 57 in
832 1895 166 57 diuinis
953 1895 106 57 sub
1014 1895 106 57 vna
1074 1895 166 57 ratione
1195 1895 106 57 est
1256 1895 212 57 magnitudo:
1422 1895 76 57 &
1452 1895 106 57 sub
1513 1895 121 57 alia
1573 1895 61 57 bo

190 1950 137 46 nitas,
286 1950 69 46 &
314 1950 96 46 sub
369 1950 96 46 vna
424 1950 96 46 est
479 1950 151 46 deitas,
588 1950 69 46 &
616 1950 96 46 sub
671 1950 110 46 alia
740 1950 206 46 paternitas:
904 1950 69 46 &
932 1950 96 46 sub
987 1950 110 46 alia
1055 1950 179 46 filiatio:
1193 1950 69 46 &
1220 1950 96 46 sub
1275 1950 110 46 alia
1344 1950 137 46 pater:
1440 1950 69 46 &
1467 1950 96 46 sic
1522 1950 82 46 de
1550 1950 82 46 cae-

177 1985 139 54 teris:
275 1985 111 54 nisi
344 1985 98 54 sic
400 1985 111 54 sint
470 1985 167 54 diuersae
595 1985 167 54 rationes
720 1985 111 54 quod
790 1985 98 54 vna
846 1985 167 54 includit
971 1985 139 54 aliam,
1069 1985 125 54 sicut
1152 1985 125 54 ratio
1236 1985 139 54 viuere
1333 1985 167 54 rationem
1459 1985 125 54 esse:
1542 1985 70 54 &
1556 1985 70 54 raa

191 2037 99 50 tio
248 2037 114 50 eius
319 2037 114 50 quod
390 2037 99 50 est
447 2037 227 50 intelligere,
631 2037 171 50 rationem
759 2037 114 50 eius
830 2037 114 50 quod
901 2037 99 50 est
958 2037 156 50 viuere,
1072 2037 71 50 &
1100 2037 85 50 in
1143 2037 114 50 illo
1214 2037 171 50 rationem
1342 2037 114 50 eius
1413 2037 114 50 quod
1484 2037 99 50 est
1527 2037 99 50 esse.

189 2074 165 52 Propter
309 2074 120 52 quod
384 2074 135 52 talia
475 2074 195 52 abinuicem
625 2074 165 52 possunt
745 2074 210 52 praedicari
910 2074 256 52 praedicatione
1121 2074 90 52 de
1166 2074 120 52 quod
1241 2074 120 52 est:
1316 2074 120 52 siue
1391 2074 90 52 de
1437 2074 105 52 hoc
1497 2074 120 52 esse
1557 2074 75 52 hoc

187 2121 177 54 secundum
320 2121 207 54 praedicta.
482 2121 103 54 Sic
541 2121 118 54 ergo
615 2121 118 54 dico
689 2121 148 54 illam,
792 2121 192 54 magnitudo
940 2121 103 54 est
999 2121 177 54 bonitas,
1131 2121 118 54 esse
1205 2121 221 54 recipiendam
1382 2121 103 54 per
1441 2121 148 54 dictam
1530 2121 89 54 expo

195 2157 190 63 sitionem:
342 2157 102 63 sic
400 2157 73 63 &
430 2157 176 63 singulas
561 2157 132 63 alias
649 2157 117 63 quae
722 2157 220 63 inueniuntur
898 2157 88 63 in
942 2157 205 63 scripturis
1103 2157 161 63 sanctis
1220 2157 73 63 &
1249 2157 205 63 sanctorum:
1410 2157 88 63 de
1454 2157 146 63 quibus
1542 2157 88 63 Magi

194 2203 119 53 ster
268 2203 163 53 tractat
387 2203 134 53 primo
476 2203 134 53 libro
565 2203 237 53 sententiarum
758 2203 104 53 pro
818 2203 134 53 magna
907 2203 134 53 parte
996 2203 208 53 concedendo
1159 2203 104 53 eas
1218 2203 119 53 esse
1292 2203 148 53 veras:
1396 2203 193 53 cuiusmodi
1530 2203 89 53 sunt

190 2250 125 58 illae
274 2250 83 58 in
315 2250 139 58 quibus
413 2250 97 58 non
468 2250 97 58 est
524 2250 181 58 periculum
663 2250 97 58 aut
718 2250 153 58 occasio
830 2250 167 58 errandi:
955 2250 139 58 qualis
1052 2250 97 58 est
1108 2250 111 58 illa
1177 2250 111 58 quam
1247 2250 125 58 ponit
1330 2250 125 58 Augu.
1414 2250 97 58 vi.
1469 2250 83 58 de
1497 2250 139 58 trinita.

192 2304 81 49 vt
233 2304 95 49 iam
287 2304 149 49 habitum
396 2304 108 49 est,
463 2304 149 49 dicens.
572 2304 122 49 Nefas
653 2304 95 49 est
707 2304 135 49 dicere
802 2304 81 49 vt
843 2304 108 49 deus
910 2304 176 49 subsistat
1046 2304 68 49 &
1073 2304 135 49 subsit
1168 2304 163 49 bonitati
1289 2304 122 49 suae:
1371 2304 122 49 atque
1452 2304 108 49 illa
1520 2304 95 49 non
1560 2304 68 49 sub

191 2343 144 61 stantia
296 2343 92 61 sit
348 2343 92 61 aut
400 2343 131 61 potius
492 2343 170 61 essentia:
623 2343 118 61 neque
701 2343 105 61 ipse
767 2343 105 61 deus
832 2343 92 61 sit
885 2343 157 61 bonitas:
1003 2343 92 61 sed
1055 2343 144 61 bonitas
1160 2343 79 61 in
1199 2343 105 61 illo
1264 2343 92 61 sit
1317 2343 144 61 tanquam
1422 2343 79 61 in
1461 2343 170 61 subiecto.
1579 2343 52 61 Ec

188 2389 80 52 ce
228 2389 107 52 vult
294 2389 107 52 quod
361 2389 120 52 nefas
441 2389 93 52 sit
495 2389 107 52 quod
561 2389 107 52 deus
628 2389 93 52 non
681 2389 93 52 sit
735 2389 160 52 bonitas:
855 2389 107 52 haec
922 2389 93 52 est
975 2389 107 52 ergo
1042 2389 107 52 vera
1109 2389 67 52 &
1135 2389 200 52 recipienda,
1295 2389 107 52 deus
1362 2389 93 52 est
1415 2389 160 52 bonitas.
1536 2389 80 52 Et
1562 2389 67 52 di-

195 2432 86 55 co
238 2432 115 55 quod
309 2432 129 55 verum
395 2432 100 55 est
453 2432 100 55 per
510 2432 229 55 expositionem
696 2432 143 55 talem,
797 2432 129 55 idest
883 2432 86 55 ea
926 2432 100 55 res
983 2432 115 55 quae
1055 2432 100 55 est
1112 2432 115 55 deus
1184 2432 115 55 ipsa
1255 2432 100 55 est
1313 2432 172 55 bonitas.
1442 2432 100 55 Non
1499 2432 115 55 enim
1556 2432 72 55 de-

195 2475 83 53 us
237 2475 97 53 sub
292 2475 153 53 ratione
404 2475 97 53 qua
459 2475 97 53 est
515 2475 111 53 deus
585 2475 97 53 est
640 2475 167 53 bonitas:
765 2475 83 53 vt
807 2475 139 53 dictum
905 2475 111 53 est.
974 2475 83 53 Et
1016 2475 111 53 quod
1085 2475 195 53 Augustinus
1238 2475 195 53 intelligat
1392 2475 139 53 dictum
1489 2475 111 53 suum
1558 2475 97 53 non

194 2519 242 52 simpliciter:
391 2519 106 52 sed
451 2519 197 52 solummodo
603 2519 182 52 secundum
739 2519 151 52 dictam
845 2519 257 52 expositionem,
1057 2519 212 52 manifestat
1223 2519 151 52 litera
1329 2519 227 52 circunstans
1496 2519 136 52 praece-

189 2562 106 53 dens
255 2562 66 53 &
281 2562 159 53 sequens.
400 2562 106 53 Bene
466 2562 106 53 enim
533 2562 119 53 verum
612 2562 93 53 est
665 2562 106 53 quod
731 2562 119 53 nesas
810 2562 93 53 est
863 2562 132 53 dicere
956 2562 106 53 quod
1022 2562 106 53 deus
1088 2562 106 53 ipse
1154 2562 93 53 non
1207 2562 93 53 sit
1260 2562 159 53 bonitas:
1379 2562 79 53 vt
1418 2562 119 53 nefas
1498 2562 93 53 sit
1551 2562 106 53 quod

180 2606 104 50 haec
245 2606 156 50 negatiua
362 2606 208 50 intelligatur
531 2606 104 50 esse
596 2606 117 50 vera:
674 2606 78 50 eo
713 2606 156 50 scilicet
830 2606 104 50 quod
895 2606 143 50 bonitas
999 2606 91 50 sit
1051 2606 78 50 in
1090 2606 104 50 illo
1155 2606 143 50 tanquam
1259 2606 78 50 in
1298 2606 169 50 subiecto:
1428 2606 65 50 &
1454 2606 104 50 ipse
1519 2606 104 50 deus
1571 2606 65 50 sub

185 2649 85 69 sit
234 2649 146 69 bonitati
343 2649 110 69 suae:
416 2649 85 69 sic
465 2649 97 69 quod
526 2649 97 69 illa
587 2649 195 69 intelligatur
745 2649 85 69 non
794 2649 97 69 esse
855 2649 183 69 substantia:
1001 2649 85 69 sed
1050 2649 122 69 potius
1135 2649 146 69 essentia
1244 2649 97 69 dei.
1305 2649 73 69 Si
1342 2649 97 69 enim
1403 2649 85 69 sic
1451 2649 110 69 esset
1525 2649 73 69 in
1549 2649 73 69 illo
