2017 3149
347 230 144 99 ponit,
447 230 101 99 est
505 230 173 99 aliquid:
634 230 115 99 quia
706 230 115 99 ipsa
778 230 158 99 persona
893 230 173 99 secundum
1022 230 86 99 se
1065 230 101 99 est
1123 230 173 99 aliquid:
1252 230 72 99 &
1281 230 158 99 propter
1396 230 101 99 hoc
1454 230 158 99 ratione
1569 230 173 99 personae
1698 230 101 99 est
1755 230 86 99 id

359 298 117 76 quod
433 298 234 76 praedicatur.
623 298 88 76 Et
667 298 103 76 sic
726 298 132 76 etiam
813 298 117 76 bene
887 298 132 76 verum
975 298 103 76 est
1033 298 117 76 quod
1106 298 103 76 per
1165 298 220 76 identitatem
1341 298 73 76 &
1370 298 234 76 expositionem
1560 298 146 76 potest
1648 298 176 76 essentiale

356 341 175 78 existens
488 341 88 78 in
531 341 190 78 abstracto
677 341 204 78 praedicari
838 341 88 78 de
882 341 204 78 personali,
1042 341 73 78 &
1071 341 175 78 existens
1202 341 88 78 in
1246 341 175 78 concreto
1377 341 102 78 per
1436 341 263 78 informationem:
1655 341 102 78 sed
1698 341 117 78 vtrobi

376 388 98 75 per
432 388 183 75 personali
573 388 84 75 in
615 388 169 75 subiecto
741 388 98 75 non
797 388 112 75 nisi
868 388 183 75 existente
1008 388 183 75 concreto:
1149 388 112 75 quia
1219 388 183 75 personale
1359 388 112 75 quod
1430 388 98 75 est
1486 388 211 75 proprietas,
1654 388 98 75 non
1697 388 112 75 potest

366 436 172 58 supponere
498 436 93 58 pro
551 436 172 58 personali
684 436 106 58 quod
750 436 93 58 est
803 436 159 58 persona,
922 436 106 58 nisi
988 436 199 58 proprietate
1147 436 172 58 existente
1279 436 79 58 in
1319 436 172 58 concreto.
1452 436 79 58 Et
1491 436 106 58 quod
1557 436 172 58 assumitur
1690 436 106 58 quod
1743 436 66 58 nec

363 492 179 48 subiectum
501 492 96 48 est
556 492 151 48 aliquid
666 492 138 48 quando
762 492 179 48 subiectum
900 492 96 48 est
955 492 165 48 persona:
1078 492 110 48 quia
1147 492 124 48 pater
1230 492 96 48 est
1285 492 165 48 persona:
1408 492 96 48 sed
1463 492 83 48 in
1505 492 83 48 eo
1546 492 110 48 quod
1615 492 124 48 pater
1697 492 96 48 est
1752 492 96 48 non

363 523 100 68 est
420 523 172 68 aliquid,
549 523 100 68 sed
606 523 86 68 ad
649 523 172 68 aliquid:
779 523 115 68 Dico
850 523 115 68 quod
922 523 129 68 pater
1008 523 129 68 licet
1094 523 129 68 nomen
1180 523 115 68 eius
1252 523 172 68 secundum
1381 523 186 68 praedicta
1524 523 186 68 imponatur
1668 523 72 68 a
1682 523 129 68 proprie

367 582 107 46 tate
434 582 80 46 si
474 582 94 46 sit
527 582 121 46 nomen
608 582 174 46 personae,
742 582 121 46 sicut
822 582 147 46 parens,
929 582 80 46 in
969 582 80 46 eo
1009 582 107 46 quod
1076 582 134 46 pater,
1170 582 94 46 est
1224 582 147 46 aliquid
1331 582 161 46 secundum
1451 582 94 46 se,
1505 582 67 46 &
1531 582 94 46 non
1585 582 94 46 est
1639 582 147 46 aliquid
1732 582 94 46 secun

375 623 106 48 dum
435 623 106 48 se:
496 623 121 48 quia
571 623 196 48 inquantum
722 623 91 48 in
767 623 106 48 suo
827 623 226 48 significato
1008 623 181 48 includit
1144 623 196 48 essentiam
1295 623 106 48 est
1355 623 181 48 aliquid:
1491 623 196 48 inquantum
1642 623 121 48 vero
1717 623 91 48 in
1748 623 75 48 suo

365 657 233 72 significato
552 657 187 72 includit
692 657 249 72 proprietatem
894 657 109 72 non
956 657 109 72 est
1018 657 187 72 aliquid.
1158 657 109 72 Sed
1221 657 124 72 homo
1298 657 202 72 inquantum
1454 657 124 72 homo
1532 657 109 72 est
1594 657 171 72 aliquid
1703 657 124 72 dupli-

369 704 139 63 citer:
466 704 70 63 &
494 704 181 63 inquantum
633 704 167 63 includit
758 704 83 63 in
800 704 97 63 suo
856 704 209 63 significato
1023 704 153 63 animal:
1134 704 70 63 &
1162 704 181 63 inquantum
1301 704 167 63 includit
1426 704 181 63 rationale
1565 704 83 63 in
1606 704 139 63 eodem.
1704 704 83 63 Si
1732 704 83 63 vero

372 748 128 70 pater
457 748 100 70 sit
514 748 128 70 nomen
599 748 242 70 proprietatis,
799 748 114 70 tunc
870 748 142 70 reuera
969 748 100 70 non
1026 748 100 70 est
1083 748 157 70 aliquid
1197 748 114 70 nisi
1268 748 85 70 ex
1311 748 185 70 contracta
1453 748 199 70 realitate:
1610 748 100 70 nec
1667 748 142 70 potest
1752 748 57 70 de

374 795 116 61 patre
451 795 180 61 praedicari
592 795 180 61 essentiale
734 795 77 61 in
772 795 180 61 abstracto,
913 795 154 61 secundum
1029 795 103 61 quod
1093 795 90 61 iam
1144 795 128 61 dictum
1234 795 103 61 est.
1324 795 77 61 Ad
1363 795 154 61 quartum,
1478 795 103 61 quid
1542 795 90 61 est
1594 795 77 61 ad
1632 795 116 61 idem:
1709 795 77 61 si
1735 795 77 61 quae

376 846 124 49 libet
459 846 193 49 personarum
610 846 96 49 est
666 846 152 49 deitas,
776 846 96 49 cum
831 846 110 49 illa
900 846 96 49 non
955 846 96 49 sit
1010 846 110 49 nisi
1079 846 96 49 vna
1134 846 152 49 numero:
1244 846 69 49 &
1272 846 124 49 illae
1355 846 138 49 essent
1451 846 110 49 idem
1520 846 152 49 numero,
1630 846 124 49 quare
1713 846 69 49 &
1727 846 96 49 inter

374 882 101 69 se,
431 882 115 69 Dico
503 882 115 69 quod
575 882 187 69 quaelibet
719 882 202 69 personarum
878 882 101 69 est
935 882 130 69 eadem
1022 882 158 69 deitati
1137 882 115 69 modo
1209 882 101 69 quo
1267 882 130 69 totum
1353 882 101 69 vel
1411 882 130 69 quasi
1497 882 130 69 totum
1584 882 101 69 est
1641 882 115 69 idem
1713 882 101 69 cum
1756 882 58 69 eo

375 925 109 70 quod
444 925 95 70 est
498 925 109 70 pars
566 925 109 70 siue
634 925 150 70 aliquid
744 925 109 70 sui,
812 925 95 70 seu
866 925 123 70 quasi
948 925 136 70 alquid
1044 925 109 70 sui:
1112 925 95 70 non
1166 925 123 70 autem
1248 925 109 70 modo
1316 925 95 70 quo
1371 925 136 70 aliqua
1466 925 164 70 secundum
1589 925 205 70 totalitatem
1739 925 82 70 sunt

372 973 130 54 eadem
458 973 145 54 alicui
560 973 174 54 secundum
690 973 217 54 totalitatem
864 973 159 54 illius.
980 973 116 54 Nunc
1053 973 130 54 autem
1140 973 116 54 illa
1212 973 159 54 maxima.
1328 973 203 54 Quaecumque
1488 973 101 54 vni
1546 973 72 54 &
1575 973 130 54 eidem
1662 973 116 54 sunt
1720 973 101 54 eadem

373 1023 124 51 inter
456 1023 83 51 se
497 1023 110 51 sunt
566 1023 138 51 eadem:
663 1023 96 51 non
718 1023 220 51 intelligitur
897 1023 110 51 nisi
966 1023 83 51 de
1007 1023 124 51 illis
1090 1023 110 51 quae
1159 1023 110 51 sunt
1228 1023 124 51 eadem
1310 1023 165 51 secundum
1434 1023 179 51 vtriusque
1572 1023 220 51 totalitatem.
1737 1023 83 51 Vnde

382 1066 78 51 in
421 1066 168 51 creaturis
550 1066 129 51 partes
641 1066 103 51 quae
705 1066 103 51 sunt
770 1066 129 51 eaedem
860 1066 103 51 toti
925 1066 90 51 non
977 1066 142 51 ratione
1080 1066 103 51 suae
1145 1066 207 51 totalitatis,
1313 1066 90 51 non
1365 1066 142 51 oportet
1468 1066 103 51 quod
1533 1066 103 51 sint
1597 1066 129 51 eaedem
1688 1066 116 51 inter
1752 1066 65 51 se.

376 1115 154 47 Propter
488 1115 112 47 quod
558 1115 98 47 non
615 1115 183 47 sequitur:
755 1115 84 47 si
797 1115 168 47 personae
923 1115 168 47 diuersae
1050 1115 112 47 sunt
1120 1115 112 47 idem
1190 1115 84 47 in
1232 1115 168 47 deitate,
1359 1115 112 47 quae
1429 1115 126 47 eadem
1513 1115 140 47 numero
1611 1115 211 47 praedicatur
1766 1115 56 47 de

381 1151 177 61 singulis
514 1151 89 61 in
559 1151 236 61 abstractione
751 1151 103 61 per
810 1151 222 61 identitatem
987 1151 133 61 primo
1076 1151 118 61 modo
1149 1151 222 61 identitatis
1327 1151 118 61 quae
1401 1151 103 61 est
1460 1151 133 61 inter
1548 1151 192 61 quanlibet
1696 1151 148 61 partem
1785 1151 44 61 &

382 1209 141 49 totum:
481 1209 113 49 quod
551 1209 113 49 sint
622 1209 141 49 eaedem
721 1209 127 49 inter
806 1209 99 49 se.
862 1209 85 49 De
905 1209 212 49 differentia
1074 1209 127 49 autem
1159 1209 212 49 identitatis
1328 1209 141 49 totius
1427 1209 85 49 ad
1470 1209 127 49 totum
1555 1209 71 49 &
1583 1209 141 49 partis
1682 1209 85 49 ad
1710 1209 113 49 totum,

385 1246 162 58 mabitum
503 1246 103 58 est
562 1246 133 58 satis
650 1246 133 58 supra
739 1246 88 58 in
783 1246 88 58 de
827 1246 236 58 relationibus
1019 1246 221 58 communibus.
1225 1246 88 58 Ad
1269 1246 177 58 quintum,
1402 1246 162 58 probans
1520 1246 118 58 quod
1593 1246 206 58 personalia
1755 1246 103 58 non

390 1291 146 57 ossunt
492 1291 204 57 praedicari
653 1291 87 57 de
696 1291 87 57 in
740 1291 218 57 concretione
915 1291 175 57 acceptis
1046 1291 262 57 essentialibus:
1264 1291 116 57 quia
1337 1291 102 57 cum
1395 1291 204 57 essentiale
1555 1291 189 57 concretum
1701 1291 102 57 sit
1759 1291 102 57 qua

382 1343 71 46 e
410 1343 114 46 quid
481 1343 71 46 &
510 1343 156 46 commune
624 1343 185 46 pluribus,
766 1343 114 46 ergo
837 1343 71 46 &
865 1343 156 46 persona
979 1343 171 46 subiecta
1107 1343 128 46 esset
1192 1343 128 46 quale
1278 1343 114 46 quid
1349 1343 71 46 &
1377 1343 171 46 commune,
1505 1343 114 46 quod
1576 1343 142 46 falsum
1676 1343 114 46 est:
1733 1343 85 46 quia

381 1376 151 57 persona
491 1376 82 57 in
532 1376 151 57 diuinis
642 1376 96 57 non
697 1376 96 57 est
751 1376 110 57 nisi
820 1376 110 57 iste
888 1376 164 57 aliquis:
1012 1376 110 57 Dico
1080 1376 110 57 quod
1149 1376 123 57 verum
1231 1376 123 57 esset
1313 1376 82 57 si
1354 1376 233 57 praedicaretur
1546 1376 192 57 essentiale
1683 1376 151 57 concretum

381 1430 80 55 de
421 1430 147 55 persona
527 1430 227 55 praedicatione
714 1430 160 55 absoluta
834 1430 80 55 de
874 1430 107 55 quod
940 1430 107 55 est,
1007 1430 147 55 dicente
1114 1430 93 55 hoc
1167 1430 93 55 est
1220 1430 107 55 hoc.
1287 1430 93 55 Sed
1340 1430 93 55 non
1394 1430 93 55 est
1447 1430 93 55 ita
1500 1430 160 55 secundum
1620 1430 187 55 praedicta:
1753 1430 67 55 im-

386 1471 85 59 mo
428 1471 100 59 non
485 1471 100 59 sic
542 1471 214 59 praedicatur
713 1471 114 59 nisi
784 1471 242 59 praedicatione
984 1471 85 59 de
1027 1471 100 59 quo
1084 1471 114 59 est,
1155 1471 157 59 dicente
1269 1471 100 59 hoc
1326 1471 142 59 inesse
1425 1471 128 59 huic.
1511 1471 114 59 Tali
1582 1471 114 59 enim
1639 1471 185 59 praedicatio

368 1514 87 56 ne
411 1514 130 56 esset
498 1514 87 56 in
541 1514 188 56 argumento
685 1514 173 56 fallacia
816 1514 217 56 accidentis:
989 1514 130 56 sicut
1076 1514 87 56 si
1119 1514 101 56 per
1177 1514 231 56 inhaerentiam
1365 1514 188 56 diceretur
1509 1514 145 56 Petrus
1610 1514 101 56 est
1668 1514 130 56 homo:
1755 1514 101 56 ho-

375 1554 86 53 mo
418 1554 101 53 est
475 1554 130 53 quale
562 1554 115 53 siue
634 1554 159 53 species
749 1554 101 53 aut
807 1554 216 53 vniuersale:
980 1554 115 53 ergo
1052 1554 144 53 Petrus
1153 1554 101 53 est
1210 1554 130 53 quale
1297 1554 115 53 quid
1369 1554 115 53 siue
1441 1554 159 53 species
1556 1554 101 53 aut
1614 1554 216 53 vniuersale.
1772 1554 58 53 Et

381 1604 103 50 hoc
440 1604 132 50 licet
528 1604 88 50 in
572 1604 161 50 diuinis
689 1604 161 50 commune
807 1604 103 50 non
865 1604 103 50 sit
924 1604 161 50 commune
1041 1604 103 50 per
1100 1604 293 50 vniuersalitatem,
1349 1604 117 50 quod
1422 1604 103 50 non
1481 1604 132 50 inest
1569 1604 191 50 supposito
1701 1604 132 50 singula

373 1644 83 51 ri
415 1644 111 51 nisi
484 1644 97 51 per
539 1644 111 51 suam
608 1644 263 51 determinationem
829 1644 83 51 vt
871 1644 138 51 animal
967 1644 83 51 in
1009 1644 152 51 homine:
1119 1644 97 51 sed
1175 1644 97 51 sit
1230 1644 152 51 commune
1340 1644 97 51 per
1396 1644 221 51 communionem,
1575 1644 111 51 quod
1644 1644 124 51 inest
1713 1644 111 51 cuili-

382 1685 106 58 bet
442 1685 197 58 supposito
594 1685 197 58 singulari
745 1685 151 58 absque
850 1685 106 58 sua
911 1685 287 58 determinatione.
1153 1685 91 58 In
1198 1685 197 58 creaturis
1349 1685 121 58 enim
1425 1685 166 58 commune
1546 1685 212 58 vniuersale
1712 1685 106 58 non
1757 1685 76 58 de-

378 1733 162 48 scendit
496 1733 88 48 in
540 1733 192 48 singulare
688 1733 118 48 nisi
762 1733 103 48 per
821 1733 280 48 determinationem
1056 1733 133 48 suam:
1145 1733 103 48 sed
1204 1733 147 48 aliter
1307 1733 133 48 genus
1395 1733 88 48 in
1440 1733 177 48 speciem,
1572 1733 74 48 &
1602 1733 147 48 aliter
1690 1733 133 48 species

379 1779 88 54 in
423 1779 206 54 indiuidua:
585 1779 118 54 quia
659 1779 132 54 genus
747 1779 103 54 non
806 1779 191 54 descendit
953 1779 88 54 vt
997 1779 147 54 animal
1100 1779 88 54 in
1144 1779 103 54 hoc
1203 1779 147 54 animal
1305 1779 118 54 quod
1379 1779 103 54 est
1438 1779 132 54 homo:
1526 1779 118 54 nisi
1599 1779 147 54 aliquo
1688 1779 132 54 formali

379 1831 103 47 ter
438 1831 235 47 determinante
629 1831 162 47 animal:
747 1831 103 47 quo
806 1831 132 47 etiam
894 1831 118 47 homo
968 1831 147 47 potest
1071 1831 118 47 esse
1144 1831 162 47 aliquid
1262 1831 132 47 sicut
1350 1831 162 47 animal:
1468 1831 118 47 puta
1542 1831 206 47 rationali.
1704 1831 88 47 Et
1748 1831 118 47 ideo

386 1874 107 48 non
447 1874 123 48 sunt
524 1874 123 48 ambo
601 1874 138 48 simul
693 1874 92 48 in
739 1874 154 48 homine
846 1874 123 48 nisi
923 1874 107 48 per
984 1874 261 48 compositionem
1199 1874 92 48 ex
1246 1874 123 48 quod
1322 1874 107 48 est
1384 1874 77 48 &
1414 1874 107 48 quo
1476 1874 123 48 est:
1553 1874 138 48 sicut
1645 1874 92 48 ex
1691 1874 154 48 genere
1783 1874 46 48 &

381 1912 246 64 differentia.
580 1912 123 64 Homo
657 1912 138 64 autem
749 1912 108 64 est
811 1912 123 64 iste
888 1912 123 64 homo
965 1912 123 64 puta
1041 1912 169 64 Petrus,
1164 1912 108 64 non
1226 1912 154 64 aliquo
1333 1912 246 64 determinante
1533 1912 215 64 formaliter
1687 1912 138 64 hominem

387 1959 106 56 quo
447 1959 151 56 Petrus
553 1959 136 56 habet
644 1959 121 56 esse
719 1959 181 56 aliquid,
856 1959 106 56 sed
916 1959 151 56 aliquo
1022 1959 151 56 agente
1128 1959 76 56 &
1158 1959 212 56 producente
1324 1959 242 56 humanitatem,
1521 1959 121 56 quae
1596 1959 91 56 de
1642 1959 91 56 se
1672 1959 151 56 vniuersa

376 2008 86 56 le
419 2008 100 56 est
476 2008 71 56 &
504 2008 157 56 aliquid
618 2008 100 56 per
675 2008 185 56 essentiam
818 2008 128 56 solum
903 2008 86 56 in
946 2008 214 56 existentia.
1117 2008 86 56 Et
1160 2008 114 56 ideo
1231 2008 100 56 non
1288 2008 100 56 est
1345 2008 86 56 in
1388 2008 128 56 Petro
1474 2008 200 56 compositio
1630 2008 86 56 ex
1659 2008 171 56 indetermi-

374 2051 136 51 nante
465 2051 76 51 &
495 2051 242 51 determinante
692 2051 136 51 sicut
782 2051 106 51 est
843 2051 91 51 in
888 2051 166 51 homine:
1009 2051 106 51 sed
1070 2051 91 51 si
1115 2051 106 51 est
1176 2051 151 51 aliqua
1281 2051 227 51 superaddita
1463 2051 91 51 in
1508 2051 197 51 indiuiduo
1660 2051 136 51 super
1735 2051 91 51 com-

380 2091 202 61 positionem
539 2091 130 61 illam
625 2091 116 61 quae
698 2091 101 61 est
755 2091 87 61 in
799 2091 159 61 specie,
914 2091 116 61 illa
987 2091 101 61 est
1044 2091 87 61 ex
1088 2091 173 61 essentia
1218 2091 116 61 quae
1290 2091 101 61 est
1348 2091 202 61 humanitas,
1507 2091 246 61 comprehendens
1695 2091 130 61 animali

381 2134 135 63 tatem
471 2134 75 63 &
501 2134 270 63 rationalitatem
726 2134 90 63 in
771 2134 90 63 se
816 2134 225 63 significata
996 2134 150 63 nomine
1101 2134 180 63 hominis:
1237 2134 75 63 &
1267 2134 120 63 modo
1342 2134 225 63 subsistendi
1522 2134 90 63 in
1567 2134 90 63 se
1612 2134 75 63 &
1642 2134 180 63 secundum
1762 2134 60 63 se

392 2189 112 45 quae
462 2189 98 45 est
518 2189 195 45 compositio
671 2189 84 45 ex
713 2189 168 45 essentia
839 2189 70 45 &
867 2189 168 45 ratione,
992 2189 154 45 ratione
1104 2189 195 45 suppositi.
1258 2189 98 45 Sed
1313 2189 140 45 neutro
1411 2189 112 45 modo
1481 2189 168 45 essentia
1607 2189 168 45 deitatis
1718 2189 112 45 descen

380 2223 106 51 dit
441 2223 91 51 in
486 2223 197 51 personas.
638 2223 121 51 Deus
714 2223 121 51 enim
789 2223 228 51 significans
971 2223 106 51 rem
1032 2223 212 51 singularem
1199 2223 76 51 a
1229 2223 106 51 qua
1290 2223 197 51 imponitur
1442 2223 152 51 nomen,
1548 2223 76 51 &
1578 2223 228 51 superponens
1745 2223 91 51 inde

389 2269 138 54 finite
486 2269 96 54 pro
541 2269 165 54 pluribus
665 2269 207 54 suppositis:
830 2269 83 54 vt
871 2269 96 54 hic
927 2269 96 54 est
982 2269 124 54 deus:
1064 2269 110 54 puta
1133 2269 138 54 pater:
1230 2269 96 54 non
1285 2269 138 54 aliquo
1381 2269 220 54 determinante
1560 2269 193 54 formaliter
1712 2269 110 54 deum
1767 2269 69 54 vel

383 2314 175 60 deitatem
515 2314 87 60 vt
558 2314 102 60 sit
617 2314 102 60 hic
675 2314 131 60 deus:
762 2314 73 60 &
792 2314 102 60 quo
850 2314 131 60 habet
937 2314 117 60 esse
1010 2314 160 60 aliquid
1127 2314 102 60 hic
1185 2314 117 60 deus
1258 2314 160 60 praeter
1375 2314 189 60 deitatem:
1520 2314 131 60 sicut
1608 2314 189 60 rationale
1739 2314 102 60 deter

390 2364 131 55 minat
478 2364 146 55 animal
580 2364 88 55 vt
624 2364 102 55 sit
682 2364 102 55 hoc
741 2364 146 55 animal
843 2364 117 55 quod
916 2364 102 55 est
974 2364 131 55 homo:
1062 2364 73 55 &
1091 2364 102 55 quo
1149 2364 117 55 homo
1222 2364 131 55 habet
1310 2364 117 55 esse
1383 2364 161 55 aliquid
1499 2364 161 55 praeter
1616 2364 248 55 animalitatem:

382 2412 107 50 nec
443 2412 137 50 etiam
534 2412 152 50 aliquo
641 2412 244 50 determinante
839 2412 213 50 effectiue:
1007 2412 91 50 vt
1052 2412 122 50 deus
1129 2412 198 50 similiter
1281 2412 107 50 sit
1342 2412 107 50 hic
1403 2412 122 50 deus
1479 2412 168 50 quomodo
1601 2412 198 50 producens
1738 2412 107 50 homi-

383 2454 103 49 nem
442 2454 88 49 in
486 2454 118 49 esse
560 2454 221 49 existentiae
736 2454 206 49 determinat
898 2454 103 49 eum
957 2454 88 49 vt
1001 2454 103 49 sit
1060 2454 103 49 hic
1119 2454 132 49 homo:
1207 2454 74 49 &
1236 2454 103 49 hoc
1295 2454 118 49 quia
1368 2454 88 49 in
1413 2454 162 49 diuinis
1530 2454 103 49 non
1589 2454 103 49 est
1648 2454 132 49 ratio
1721 2454 118 49 vniuer

385 2492 148 52 salis:
489 2492 104 52 nec
548 2492 119 52 deus
623 2492 104 52 est
682 2492 134 52 nomen
771 2492 193 52 suppositi
920 2492 178 52 communis
1053 2492 223 52 communitate
1231 2492 223 52 vniuersalis
1409 2492 89 52 in
1454 2492 238 52 significando
1647 2492 163 52 aliquid
1751 2492 89 52 vnum

385 2535 163 49 commune
504 2535 267 49 vniuersalitate
727 2535 89 49 ad
771 2535 149 49 patrem
875 2535 149 49 filium
979 2535 74 49 &
1009 2535 178 49 spiritum
1143 2535 178 49 sanctum:
1276 2535 134 49 sicut
1366 2535 208 49 significat
1529 2535 119 49 homo
1603 2535 89 49 ad
1648 2535 149 49 Petrum
1737 2535 89 49 Pau-

386 2578 109 65 lum
449 2578 78 65 &
480 2578 186 65 Andream.
620 2578 109 65 Sed
682 2578 124 65 deus
759 2578 109 65 est
822 2578 140 65 nomen
915 2578 171 65 commune
1039 2578 233 65 communitate
1225 2578 280 65 communicabilis
1459 2578 93 65 in
1505 2578 249 65 significando
1707 2578 171 65 aliquid

386 2623 115 60 vnum
458 2623 187 60 singulare
602 2623 115 60 quod
674 2623 101 60 est
731 2623 202 60 communiter
890 2623 86 60 in
933 2623 130 60 patre
1020 2623 130 60 filio
1106 2623 72 60 &
1135 2623 159 60 spiritu
1250 2623 159 60 sancto:
1365 2623 101 60 sed
1423 2623 86 60 in
1466 2623 202 60 supponendo
1625 2623 101 60 est
1682 2623 130 60 nomen
1755 2623 86 60 con-

384 2673 127 63 mune
463 2673 95 63 ad
511 2673 158 63 patrem
622 2673 79 63 &
653 2673 158 63 filium
764 2673 79 63 &
796 2673 190 63 spiritum
938 2673 190 63 sanctum:
1080 2673 142 63 sicut
1175 2673 127 63 homo
1255 2673 95 63 ad
1302 2673 158 63 Petrum
1413 2673 158 63 Paulum
1524 2673 79 63 &
1555 2673 190 63 loannem.
1698 2673 95 63 Et
1729 2673 111 63 nihil
