2017 3179
411 226 171 72 homine:
536 226 109 72 aut
598 226 171 72 ratione
722 226 218 72 realitatis
893 226 218 72 contractae
1064 226 78 72 a
1096 226 233 72 fundamento:
1282 226 109 72 nec
1344 226 218 72 repugnaret
1515 226 140 72 modus
1609 226 249 72 significandi
1795 226 109 72 nomi-

413 294 155 47 naliter
526 294 71 47 &
554 294 198 47 adiectiue:
710 294 85 47 vt
752 294 155 47 ratione
865 294 226 47 paternitatis
1049 294 99 47 aut
1105 294 212 47 filiationis
1275 294 240 47 significantis
1472 294 198 47 concretiue
1628 294 141 47 tantum
1727 294 155 47 propter
1825 294 71 47 mo-

420 338 105 60 dum
480 338 241 60 significandi
676 338 211 60 verbaliter
841 338 120 60 siue
916 338 150 60 actiue
1022 338 120 60 siue
1097 338 180 60 passiue:
1232 338 135 60 nullo
1322 338 120 60 modo
1398 338 211 60 praedicari
1563 338 165 60 possunt
1683 338 90 60 de
1713 338 196 60 essentiali:

424 377 118 57 quia
498 377 103 57 non
557 377 192 57 egreditur
705 377 133 57 actio
793 377 118 57 nisi
867 377 74 57 a
897 377 207 57 supposito:
1059 377 133 57 sicut
1148 377 103 57 nec
1207 377 222 57 terminatur:
1384 377 103 57 sed
1443 377 207 57 essentiale
1606 377 103 57 est
1665 377 192 57 solummodo
1798 377 103 57 ratio

432 430 184 55 eliciendi
574 430 142 55 illam.
673 430 128 55 prout
758 430 85 55 in
801 430 128 55 dicta
886 430 199 55 quaestione
1042 430 113 55 plus
1113 430 99 55 est
1169 430 213 55 explicatum.
1340 430 113 55 Vnde
1411 430 113 55 ista
1481 430 213 55 praedicatio
1652 430 199 55 personalis
1808 430 85 55 de
1836 430 71 55 es-

425 467 169 57 sentiali
551 467 98 57 per
608 467 225 57 expositionem
790 467 70 57 &
819 467 98 57 per
875 467 197 57 quancumque
1029 467 211 57 identitatem
1198 467 197 57 recipienda
1353 467 98 57 non
1409 467 112 57 est:
1479 467 127 57 licet
1564 467 127 57 forte
1648 467 141 57 possit
1746 467 141 57 recipi
1831 467 70 57 ex-

436 513 181 50 positione
575 513 181 50 contraria
714 513 97 50 iam
769 513 139 50 dicta:
867 513 97 50 sic
922 513 167 50 dicendo,
1047 513 167 50 essentia
1172 513 167 50 generat:
1297 513 111 50 quia
1366 513 111 50 ille
1436 513 97 50 qui
1491 513 97 50 est
1547 513 167 50 essentia
1672 513 125 50 dicto
1755 513 125 50 modo,
1825 513 83 50 sci-

431 562 133 55 licet
520 562 147 55 pater,
623 562 177 55 generat.
755 562 74 55 ⁋
785 562 88 55 Ad
829 562 265 55 decimumtertium
1050 562 118 55 quod
1124 562 206 55 personalia
1286 562 103 55 aut
1345 562 177 55 personae
1478 562 103 55 non
1537 562 162 55 possunt
1654 562 206 55 praedicari
1817 562 118 55 abin

435 605 134 59 uicem:
528 605 107 59 quia
595 605 94 59 aut
649 605 107 59 sunt
716 605 174 59 disparata
850 605 94 59 aut
904 605 188 59 contraria:
1051 605 161 59 Dicendum
1172 605 94 59 est
1226 605 161 59 secundum
1346 605 161 59 superius
1467 605 134 59 dicta.
1561 605 67 59 ⁋
1588 605 80 59 Ad
1628 605 241 59 decimumquartum
1816 605 80 59 quod

425 647 225 58 essentialia
605 647 105 58 non
665 647 165 58 possunt
785 647 195 58 abinuicem
934 647 225 58 praedicari:
1114 647 120 58 quia
1189 647 195 58 pertinent
1339 647 90 58 ad
1384 647 210 58 voluntatem
1548 647 75 58 &
1578 647 240 58 intellectum,
1773 647 105 58 qui
1833 647 105 58 non

431 695 242 58 praedicantur
627 695 212 58 abinuicem:
794 695 121 58 Dico
869 695 121 58 quod
945 695 136 58 omnia
1035 695 227 58 essentialia
1217 695 196 58 deinuicem
1368 695 242 58 praedicantur
1564 695 151 58 maxime
1670 695 91 58 in
1701 695 196 58 concretione

425 738 112 46 nisi
495 738 154 46 aliquid
607 738 168 46 speciale
734 738 140 46 obuiet
832 738 112 46 quod
902 738 224 46 absurditatem
1084 738 168 46 inducat:
1211 738 84 46 vt
1253 738 112 46 quod
1323 738 210 46 intelligens
1491 738 98 46 est
1547 738 154 46 volens,
1660 738 126 46 bonum
1744 738 98 46 est
1786 738 112 46 verum:

424 782 116 53 bene
497 782 233 53 concedendum:
686 782 73 53 &
716 782 116 53 quod
788 782 102 53 per
847 782 233 53 expositionem
1036 782 218 53 intellectus
1210 782 102 53 est
1269 782 189 53 voluntas:
1414 782 73 53 &
1443 782 116 53 quod
1516 782 160 53 bonitas
1632 782 102 53 est
1691 782 175 53 veritas.
1807 782 102 53 Absur

427 823 134 52 ditas
516 823 134 52 autem
606 823 134 52 talis
695 823 193 52 praecipue
843 823 193 52 contingit
992 823 149 52 quando
1096 823 208 52 essentiale
1260 823 238 52 significatur
1453 823 104 52 per
1512 823 134 52 modum
1602 823 149 52 actus:
1706 823 104 52 qui
1765 823 119 52 sibi
1825 823 74 52 de-

422 876 181 56 terminat
558 876 106 56 non
618 876 136 56 solum
709 876 181 56 rationem
845 876 196 56 suppositi
996 876 91 56 in
1042 876 196 56 elicitiuo
1193 876 76 56 &
1223 876 227 56 terminatiuo
1404 876 196 56 alterius:
1555 876 106 56 sed
1616 876 136 56 etiam
1707 876 181 56 rationem
1843 876 91 56 in

432 917 118 48 illo
506 917 103 48 quo
565 917 177 48 elicitur
697 917 88 48 vt
742 917 133 48 actus
830 917 236 48 intelligendi
1021 917 221 48 intellectum
1198 917 74 48 &
1228 917 162 48 volendi
1345 917 221 48 voluntatem.
1522 917 162 48 Propter
1640 917 118 48 quod
1714 917 133 48 licet
1802 917 88 48 re
1846 917 88 48 in

434 961 99 58 deo
490 961 113 58 idem
561 961 113 58 sint
631 961 211 58 intellectus
800 961 70 58 &
828 961 183 58 voluntas:
969 961 113 58 ista
1040 961 127 58 tamen
1124 961 99 58 non
1181 961 183 58 recipitur
1321 961 113 58 quod
1392 961 113 58 deus
1462 961 183 58 voluntate
1603 961 211 58 intelligat:
1758 961 141 58 necilla-

432 1005 119 50 deus
507 1005 208 50 intellectu
670 1005 134 50 vult.
759 1005 74 50 ⁋
789 1005 89 50 Ad
834 1005 268 50 decimumquintum
1057 1005 119 50 quod
1131 1005 119 50 idem
1206 1005 208 50 essentiale
1369 1005 104 50 non
1429 1005 149 50 potest
1533 1005 208 50 praedicari
1697 1005 89 50 de
1741 1005 149 50 seipso
1831 1005 74 50 con

423 1056 128 53 creto
508 1056 85 53 in
551 1056 199 53 abstracto:
707 1056 100 53 nec
764 1056 199 53 econuerso:
921 1056 114 53 quia
992 1056 85 53 si
1035 1056 142 53 deitas
1134 1056 100 53 est
1191 1056 128 53 deus:
1277 1056 71 53 &
1305 1056 114 53 deus
1376 1056 171 53 generat:
1504 1056 114 53 ergo
1576 1056 142 53 deitas
1675 1056 171 53 generat:
1803 1056 71 53 &
1818 1056 85 53 econ

426 1094 126 64 uerso
510 1094 84 64 si
552 1094 112 64 deus
622 1094 98 64 est
678 1094 154 64 deitas:
790 1094 140 64 Deitas
888 1094 126 64 autem
972 1094 98 64 non
1028 1094 168 64 generat:
1154 1094 112 64 ergo
1225 1094 112 64 deus
1295 1094 98 64 non
1351 1094 168 64 generat:
1477 1094 168 64 Dicendum
1603 1094 112 64 quod
1673 1094 84 64 in
1715 1094 154 64 vtroque
1827 1094 98 64 pro

421 1139 131 51 cessu
509 1139 102 51 est
567 1139 174 51 fallacia
697 1139 203 51 accidentis
857 1139 87 51 ex
900 1139 203 51 variatione
1060 1139 145 51 medii.
1162 1139 87 51 In
1205 1139 131 51 primo
1292 1139 116 51 enim
1365 1139 116 51 deus
1438 1139 160 51 ratione
1554 1139 116 51 eius
1626 1139 116 51 quod
1699 1139 102 51 est
1742 1139 160 51 praedica-

420 1186 105 46 tur
480 1186 90 46 de
525 1186 179 46 deitate:
659 1186 105 46 sed
719 1186 164 46 ratione
838 1186 105 46 qua
898 1186 105 46 est
958 1186 224 46 suppositum,
1137 1186 90 46 de
1182 1186 120 46 ipso
1257 1186 224 46 praedicatur
1436 1186 194 46 generare:
1585 1186 75 46 &
1615 1186 120 46 ideo
1690 1186 164 46 propter
1794 1186 105 46 medii

429 1233 231 54 variationem
614 1233 108 54 non
675 1233 170 54 oportet
799 1233 170 54 extrema
922 1233 185 54 coniungi
1061 1233 170 54 dicendo
1184 1233 123 54 deus
1262 1233 108 54 non
1323 1233 185 54 generat.
1462 1233 93 54 Et
1508 1233 201 54 similiter
1663 1233 93 54 in
1709 1233 170 54 secundo
1817 1233 77 54 dei

427 1277 97 54 tas
482 1277 152 54 ratione
593 1277 110 54 eius
662 1277 110 54 quod
731 1277 97 54 est
786 1277 207 54 praedicatur
951 1277 83 54 de
993 1277 110 54 deo:
1062 1277 69 54 &
1089 1277 83 54 eo
1131 1277 110 54 quod
1200 1277 97 54 non
1255 1277 124 54 habet
1338 1277 166 54 rationem
1462 1277 193 54 suppositi,
1613 1277 83 54 ab
1655 1277 83 54 eo
1696 1277 179 54 remouetur
1820 1277 83 54 gene

421 1322 140 46 rare.
515 1322 78 46 &
546 1322 109 46 sic
608 1322 93 46 vt
654 1322 140 46 prius
747 1322 171 46 propter
871 1322 233 46 variationem
1058 1322 140 46 medii
1151 1322 109 46 non
1213 1322 171 46 oportet
1337 1322 171 46 extrema
1445 1322 171 46 coniungi.

425 1371 90 94 ⁋
461 1371 108 94 Ad
515 1371 181 94 primum
642 1371 108 94 in
696 1371 253 94 contrarium
895 1371 145 94 quod
985 1371 199 94 singula
1130 1371 108 94 in
1184 1371 199 94 diuinis
1329 1371 199 94 possunt
1473 1371 253 94 praedicari
1672 1371 108 94 de
1726 1371 217 94 diuinis:

435 1446 117 58 quia
508 1446 117 58 sunt
581 1446 117 58 vnum
654 1446 73 58 &
683 1446 117 58 idem
756 1446 87 58 re
800 1446 204 58 singulari:
960 1446 73 58 &
989 1446 117 58 idem
1062 1446 117 58 vere
1135 1446 87 58 de
1179 1446 146 58 seipso
1281 1446 233 58 praedicatur:
1471 1446 117 58 Dico
1543 1446 117 58 quod
1616 1446 131 58 licet
1704 1446 131 58 eadem
1791 1446 102 58 sit
1835 1446 73 58 res

428 1497 160 55 omnium
540 1497 208 55 diuinorum
700 1497 112 55 pro
764 1497 160 55 quanto
875 1497 176 55 aliquid
1003 1497 128 55 sunt
1083 1497 144 55 etiam
1179 1497 224 55 relationum
1355 1497 160 55 siquid
1467 1497 128 55 sunt
1547 1497 176 55 praeter
1674 1497 144 55 modum
1770 1497 128 55 quid
1834 1497 80 55 est

431 1545 89 58 ad
476 1545 134 58 aliud
565 1545 134 58 esse:
654 1545 134 58 tamen
744 1545 104 58 sub
803 1545 179 58 diuersis
937 1545 208 58 rationibus
1101 1545 89 58 in
1146 1545 179 58 diuersis
1280 1545 194 58 diuinorum
1429 1545 194 58 nominibus
1577 1545 253 58 significatur.
1771 1545 134 58 Propter

424 1586 113 60 quas
495 1586 127 60 licet
579 1586 156 60 ratione
693 1586 141 60 illius
792 1586 99 60 rei
848 1586 170 60 praecise
975 1586 156 60 singula
1089 1586 85 60 de
1131 1586 170 60 singulis
1258 1586 156 60 possent
1372 1586 212 60 praedicari:
1541 1586 127 60 tamen
1626 1586 156 60 propter
1739 1586 127 60 illas
1810 1586 99 60 diuer

413 1633 103 58 sas
472 1633 176 58 rationes
604 1633 147 58 nullum
707 1633 161 58 illorum
824 1633 147 58 potest
927 1633 88 58 de
971 1633 117 58 alio
1044 1633 205 58 praedicari
1205 1633 249 58 praedicatione
1410 1633 191 58 absoluta,
1557 1633 161 58 dicendo
1674 1633 103 58 hoc
1733 1633 103 58 est
1792 1633 103 58 hoc
1836 1633 73 58 to-

421 1675 179 55 taliter
551 1675 196 55 secundum
698 1675 163 55 primum
812 1675 147 55 modum
910 1675 261 55 identitatis:
1122 1675 114 55 sed
1187 1675 212 55 solummodo
1350 1675 114 55 per
1416 1675 261 55 expositionem
1628 1675 82 55 &
1660 1675 245 55 identitatem
1840 1675 65 55 pe

418 1725 106 56 nes
479 1725 182 56 secundum
615 1725 137 56 modum
706 1725 243 56 identitatis:
903 1725 106 56 quo
964 1725 167 56 diuersa
1086 1725 137 56 eadem
1177 1725 121 56 sunt
1252 1725 182 56 secundum
1389 1725 167 56 aliquod
1510 1725 121 56 quod
1586 1725 167 56 commune
1708 1725 106 56 est
1753 1725 152 56 ambobus.

429 1762 106 64 sed
489 1762 106 64 hoc
550 1762 106 64 non
610 1762 166 64 semper,
732 1762 91 64 vt
777 1762 106 64 iam
838 1762 136 64 supra
928 1762 91 64 in
974 1762 197 64 solutione
1125 1762 136 64 primi
1216 1762 197 64 argumenti
1367 1762 106 64 est
1428 1762 212 64 expositum.
1594 1762 76 64 ⁋
1625 1762 91 64 Ad
1670 1762 182 64 secundum
1806 1762 121 64 quod

425 1809 219 49 essentialia
601 1809 161 49 possunt
718 1809 205 49 praedicari
879 1809 88 49 de
922 1809 175 49 personis
1054 1809 73 49 &
1083 1809 205 49 econuerso:
1244 1809 117 49 quia
1317 1809 88 49 in
1361 1809 161 49 diuinis
1478 1809 102 49 est
1537 1809 117 49 idem
1610 1809 117 49 quod
1683 1809 102 49 est
1741 1809 73 49 &
1770 1809 102 49 quo
1814 1809 88 49 est:

427 1859 101 56 quod
491 1859 101 56 est,
554 1859 89 56 est
605 1859 190 56 essentiale:
757 1859 89 56 quo
807 1859 101 56 est,
871 1859 89 56 est
921 1859 177 56 personale:
1061 1859 101 56 ergo
1124 1859 89 56 &c.
1175 1859 101 56 Dico
1238 1859 101 56 quod
1302 1859 89 56 quo
1352 1859 89 56 est
1403 1859 63 56 &
1428 1859 101 56 quod
1492 1859 89 56 est
1542 1859 89 56 tam
1593 1859 76 56 in
1631 1859 139 56 diuinis
1732 1859 101 56 quam
1796 1859 76 56 in
1821 1859 76 56 crea

416 1899 142 51 turis
511 1899 220 51 dupliciter
684 1899 252 51 accipiuntur.
889 1899 110 51 Vno
951 1899 126 51 enim
1030 1899 126 51 modo
1109 1899 126 51 quod
1188 1899 110 51 est
1251 1899 220 51 appellatur
1424 1899 220 51 subsistens
1597 1899 126 51 siue
1676 1899 236 51 suppositum,
1849 1899 47 51 &

412 1946 213 59 quodcunque
579 1946 91 59 in
625 1946 91 59 se
671 1946 76 59 &
701 1946 183 59 secundum
839 1946 91 59 se
884 1946 183 59 existens
1022 1946 91 59 vt
1067 1946 137 59 homo:
1159 1946 76 59 &
1189 1946 107 59 quo
1250 1946 107 59 est
1311 1946 213 59 appellatur
1479 1946 137 59 forma
1571 1946 107 59 qua
1632 1946 168 59 existit
1754 1946 107 59 hoc
1815 1946 122 59 quod

412 1988 128 52 est,
492 1988 96 52 vt
540 1988 209 52 humanitas
701 1988 112 52 est
765 1988 112 52 qua
829 1988 128 52 homo
910 1988 177 52 existit
1038 1988 144 52 homo.
1134 1988 128 52 Alio
1215 1988 144 52 autem
1311 1988 128 52 modo
1391 1988 128 52 quod
1472 1988 112 52 est
1536 1988 80 52 &
1568 1988 112 52 quo
1632 1988 112 52 est
1696 1988 112 52 non
1744 1988 161 52 dicuntur

426 2032 113 63 nisi
497 2032 142 63 aliqua
596 2032 113 63 quae
667 2032 113 63 sunt
737 2032 142 63 ipsius
837 2032 227 63 subsistentis
1021 2032 71 63 &
1049 2032 85 63 in
1092 2032 127 63 ipso.
1177 2032 127 63 Primo
1262 2032 142 63 igitur
1361 2032 113 63 modo
1432 2032 113 63 quod
1502 2032 99 63 est
1559 2032 99 63 tam
1616 2032 85 63 in
1658 2032 156 63 diuinis
1772 2032 113 63 quam
1842 2032 85 63 in

414 2081 191 57 creaturis
561 2081 103 57 non
620 2081 103 57 est
679 2081 118 57 nisi
752 2081 206 57 subsistens
914 2081 118 57 siue
988 2081 221 57 suppositum:
1164 2081 74 57 &
1193 2081 191 57 vtrobique
1340 2081 221 57 dupliciter:
1517 2081 118 57 siue
1590 2081 191 57 definitum
1737 2081 74 57 &
1752 2081 147 57 singula-

423 2120 100 52 re,
480 2120 86 52 vt
523 2120 86 52 in
566 2120 186 52 creaturis
708 2120 143 52 Petrus
808 2120 157 52 Paulus:
923 2120 86 52 in
966 2120 157 52 diuinis
1080 2120 129 52 pater
1166 2120 143 52 filius
1265 2120 71 52 &
1294 2120 171 52 spiritus
1423 2120 171 52 sanctus:
1551 2120 114 52 siue
1623 2120 229 52 indefinitum:
1808 2120 71 52 &
1823 2120 71 52 hoc

420 2166 226 56 differenter
601 2166 211 56 vtrobique:
766 2166 120 56 quia
841 2166 90 56 in
887 2166 196 56 creaturis
1037 2166 105 56 est
1097 2166 211 56 suppositum
1263 2166 226 56 indefinitum
1443 2166 271 56 significatione
1669 2166 75 56 &
1684 2166 211 56 suprpositio-

412 2208 93 51 ne
459 2208 155 51 simul:
568 2208 124 51 quia
646 2208 233 51 indefinitum
832 2208 93 51 in
879 2208 202 51 creaturis
1034 2208 218 51 significat
1205 2208 171 51 aliquid
1330 2208 218 51 vniuersale
1501 2208 171 51 commune
1625 2208 187 51 pluribus
1750 2208 155 51 supposi-

414 2257 97 60 tis
470 2257 236 60 singularibus,
664 2257 111 60 quod
734 2257 194 60 indefinite
886 2257 83 60 se
928 2257 125 60 habet
1011 2257 83 60 ad
1053 2257 194 60 singularia
1206 2257 208 60 significata
1372 2257 83 60 in
1414 2257 139 60 illis:
1511 2257 69 60 &
1539 2257 125 60 etiam
1622 2257 194 60 indefinite
1761 2257 139 60 supponit

414 2301 108 62 pro
475 2301 155 62 illis.
584 2301 93 62 vt
630 2301 124 62 homo
707 2301 216 62 significat
877 2301 247 62 humanitatem:
1078 2301 124 62 quae
1155 2301 216 62 indefinite
1325 2301 93 62 se
1372 2301 139 62 habet
1464 2301 93 62 ad
1511 2301 232 62 humanitatem
1696 2301 139 62 Petri
1789 2301 77 62 &
1804 2301 93 62 huma

420 2347 168 44 nitatem
542 2347 153 44 Pauli:
649 2347 76 44 &
680 2347 184 44 supponit
817 2347 214 44 indefinite
985 2347 107 44 pro
1047 2347 138 44 Petro
1138 2347 76 44 &
1169 2347 153 44 Paulo.
1276 2347 92 44 In
1322 2347 168 44 diuinis
1444 2347 138 44 autem
1536 2347 107 44 non
1597 2347 107 44 est
1658 2347 214 44 suppositum
1827 2347 107 44 in-

409 2393 193 59 definitum
558 2393 267 59 significatione
780 2393 104 59 sed
840 2393 238 59 suppositione
1033 2393 163 59 tantum:
1152 2393 119 59 quia
1226 2393 208 59 suppositum
1389 2393 223 59 indefinitum
1567 2393 89 59 in
1612 2393 163 59 diuinis
1716 2393 178 59 significat

419 2430 124 66 idem
496 2430 201 66 singulare
651 2430 201 66 absolutum
806 2430 124 66 quod
883 2430 217 66 significat
1054 2430 186 66 singulum
1193 2430 201 66 singulare
1348 2430 232 66 suppositum.
1534 2430 93 66 vt
1581 2430 124 66 deus
1658 2430 217 66 significat
1813 2430 93 66 sin-

420 2481 168 48 gularem
542 2481 168 48 diuinam
663 2481 198 48 essentiam
816 2481 107 48 sub
877 2481 168 48 ratione
998 2481 228 48 substantiae
1181 2481 91 48 vt
1227 2481 122 48 eius
1303 2481 198 48 deitatem:
1455 2481 122 48 quam
1532 2481 137 48 etiam
1623 2481 76 48 &
1653 2481 107 48 sub
1714 2481 137 48 eadem
1790 2481 107 48 ratio

404 2525 98 50 ne
453 2525 228 50 significat
631 2525 195 50 singulum
778 2525 276 50 suppositorum,
1005 2525 130 50 puta
1086 2525 81 50 &
1119 2525 146 50 pater
1216 2525 81 50 &
1249 2525 163 50 filius
1363 2525 81 50 &
1395 2525 195 50 spiritus
1541 2525 195 50 sanctus:
1688 2525 114 50 sed
1736 2525 163 50 supponit

408 2563 208 63 indefinite
571 2563 104 63 pro
631 2563 178 63 quolibet
765 2563 163 63 illorum
883 2563 163 63 quantum
1002 2563 104 63 est
1061 2563 89 63 de
1106 2563 104 63 se:
1165 2563 134 63 licet
1255 2563 119 63 sint
1329 2563 178 63 indiuisa
1462 2563 134 63 illis
1551 2563 74 63 &
1581 2563 178 63 communia
1715 2563 104 63 per
1759 2563 134 63 indiui-

406 2611 135 79 sionem
501 2611 203 79 essentialia
664 2611 135 79 omnia:
758 2611 68 79 &
785 2611 81 79 in
826 2611 122 79 nulla
907 2611 217 79 propositione
1083 2611 81 79 in
1124 2611 95 79 qua
1178 2611 203 79 praedicatur
1340 2611 203 79 essentiale,
1503 2611 135 79 possit
1597 2611 189 79 propositio
1733 2611 162 79 verificari
