2017 3043
219 269 140 62 nomine
317 269 154 62 proprio
429 269 224 62 significante
611 269 84 62 id
653 269 112 62 quod
723 269 196 62 quaeritur:
877 269 84 62 vt
919 269 252 62 interrogationi
1129 269 238 62 satiffaceret:
1325 269 98 62 sed
1381 269 210 62 responsione
1549 269 84 62 ad

208 317 269 56 interrogantes
430 317 158 56 nomine
540 317 158 56 alieno
651 317 79 56 &
683 317 174 56 mutuato
809 317 253 56 significante
1015 317 95 56 id
1062 317 127 56 quod
1141 317 221 56 quaeritur.
1315 317 79 56 &
1347 317 111 56 hoc
1410 317 95 56 vt
1442 317 158 56 interro-

210 348 156 68 gantium
323 348 212 68 pertinaciam
493 348 227 68 compesceret.
677 348 170 68 Secundum
804 348 113 68 quod
875 348 142 68 dicit.
974 348 85 68 v.
1017 348 85 68 de
1059 348 198 68 Trinitate.
1215 348 142 68 Dictum
1314 348 99 68 est
1371 348 113 68 tres
1442 348 170 68 personae
1569 348 99 68 non
1612 348 42 68 O

214 416 81 42 vt
254 416 121 42 illud
335 416 175 42 diceretur
470 416 162 42 scilicet
591 416 108 42 quod
659 416 216 42 quaerebatur:
834 416 94 42 sed
888 416 81 42 ne
928 416 175 42 taceretur
1063 416 148 42 omnino:
1171 416 67 42 &
1198 416 94 42 per
1252 416 94 42 hoc
1306 416 135 42 falsum
1401 416 108 42 esse
1455 416 148 42 putaretur

219 444 109 53 quod
287 444 122 53 dicat
369 444 109 53 tres
437 444 122 53 esse,
518 444 95 53 cum
573 444 95 53 non
627 444 136 53 possit
722 444 177 53 assignare
858 444 95 53 qui
913 444 122 53 tres.
994 444 109 53 Quae
1062 444 136 53 quidem
1157 444 163 53 quaestio
1280 444 150 53 quaerit
1388 444 122 53 nodum
1470 444 82 53 in
1497 444 109 53 scirpo

214 497 72 47 in
250 497 84 47 deo
298 497 144 47 scilicet
406 497 96 47 quod
466 497 72 47 in
502 497 96 47 illo
562 497 84 47 non
611 497 96 47 est:
671 497 84 47 nec
719 497 96 47 esse
779 497 108 47 natum
851 497 96 47 est:
911 497 108 47 licet
983 497 96 47 tale
1043 497 96 47 quid
1103 497 84 47 sit
1151 497 72 47 in
1187 497 168 47 creaturis.
1320 497 72 47 Et
1356 497 180 47 expressius.
1500 497 96 47 vii.
1548 497 48 47 de

213 533 200 44 Trinitate
366 533 123 44 cap.
443 533 107 44 vi.
504 533 107 44 Cur
566 533 154 44 inquit
673 533 107 44 non
735 533 123 44 haec
812 533 123 44 tria
888 533 138 44 simul
980 533 123 44 vnam
1057 533 184 44 personam
1195 533 169 44 dicimus
1318 533 138 44 sicut
1410 533 77 44 &
1441 533 123 44 vnam
1503 533 107 44 essen

220 576 127 54 tiam
299 576 79 54 &
331 576 127 54 vnum
410 576 142 54 deum:
505 576 111 54 sed
568 576 127 54 tres
647 576 206 54 personas:
806 576 111 54 cum
869 576 127 54 tres
948 576 206 54 essentias
1106 576 111 54 non
1170 576 190 54 dicamus:
1312 576 127 54 nisi
1391 576 127 54 quia
1455 576 142 54 volumus

210 617 106 53 vel
271 617 122 53 vnum
347 617 167 53 aliquod
468 617 198 53 vocabulum
620 617 167 53 seruire
742 617 122 53 huic
818 617 274 53 significationi
1046 617 106 53 qua
1107 617 243 53 intelligitur
1304 617 198 53 trinitas,
1456 617 91 53 ne
1487 617 106 53 omni-

222 661 90 53 no
267 661 196 53 taceretur
418 661 241 53 interroganti
613 661 105 53 qui
674 661 120 53 tres
749 661 105 53 cum
809 661 120 53 tres
884 661 120 53 esse
960 661 211 53 fateremur:
1125 661 136 53 Quasi
1216 661 151 53 dicat,
1321 661 120 53 nisi
1396 661 181 53 vellemus
1517 661 75 53 non

218 712 149 44 omnino
322 712 149 44 tacere
426 712 283 44 interrogantibus
664 712 134 44 aliis
753 712 104 44 qui
813 712 134 44 tres:
902 712 104 44 non
962 712 104 44 sic
1021 712 193 44 diceremus
1170 712 89 44 in
1214 712 223 44 respondendo
1393 712 119 44 tali
1452 712 149 44 interro-

221 742 182 59 gationi:
358 742 122 59 immo
434 742 152 59 omnino
540 742 213 59 taceremus:
707 742 76 59 &
738 742 106 59 non
798 742 198 59 niteremur
950 742 122 59 voce
1026 742 228 59 significare
1209 742 106 59 qui
1270 742 137 59 tres:
1361 742 122 59 quia
1437 742 137 59 mente
1513 742 91 59 capi

220 788 94 48 non
273 788 147 48 potest:
380 788 94 48 non
434 788 94 48 tam
487 788 107 48 quia
554 788 134 48 mentem
648 788 147 48 excedat
755 788 94 48 aut
808 788 174 48 excederet
942 788 80 48 si
982 788 134 48 esset:
1076 788 107 48 quam
1143 788 107 48 quia
1210 788 94 48 non
1263 788 107 48 est:
1330 788 80 48 eo
1371 788 107 48 quod
1437 788 94 48 non
1491 788 94 48 est
1544 788 80 48 in

216 830 150 55 diuinis
325 830 150 55 aliquid
434 830 163 55 generale
557 830 95 55 vel
611 830 163 55 speciale
734 830 163 55 secundum
856 830 95 55 rem
911 830 82 55 ad
952 830 136 55 patrem
1047 830 68 55 &
1074 830 136 55 filium
1169 830 68 55 &
1197 830 163 55 spiritum
1319 830 163 55 sanctum.
1442 830 82 55 Et
1482 830 95 55 sic
1537 830 95 55 pro

215 881 117 48 pter
289 881 132 48 talem
377 881 235 48 necessitatem
568 881 220 48 respondendi
744 881 161 48 volumus
861 881 147 48 saltem
964 881 117 48 vnum
1037 881 191 48 vocabulum
1184 881 132 48 magis
1272 881 132 48 aptum
1360 881 161 48 seruire
1463 881 132 48 tamquam

210 928 100 46 non
267 928 171 46 proprium
395 928 114 46 huic
466 928 256 46 significationi
679 928 114 46 quam
750 928 185 46 quaerunt:
893 928 100 46 sed
950 928 242 46 accommodatum:
1149 928 114 46 quia
1220 928 100 46 non
1277 928 85 46 ad
1319 928 142 46 illam:
1419 928 100 46 sed
1476 928 85 46 ad
1504 928 100 46 alte-

215 960 103 54 ram
274 960 250 54 significandam
480 960 206 54 translatum
641 960 103 54 est
700 960 73 54 a
729 960 206 54 creaturis:
891 960 103 54 qua
949 960 132 54 quasi
1037 960 264 54 significatione
1258 960 235 54 intelligitur
1449 960 132 54 prout
1522 960 88 54 sup-

220 1002 120 56 ponit
300 1002 146 56 illorum
406 1002 226 56 interrogatio,
592 1002 200 56 significari
752 1002 173 56 trinitas.
885 1002 80 56 i.
925 1002 120 56 pater
1005 1002 67 56 &
1032 1002 133 56 filius
1125 1002 67 56 &
1151 1002 160 56 spiritus
1271 1002 160 56 sanctus.
1391 1002 80 56 Et
1431 1002 93 56 hoc
1484 1002 146 56 tanquam

213 1041 133 52 aliquo
306 1041 159 52 secundum
425 1041 93 52 rem
479 1041 159 52 generali
598 1041 93 52 aut
651 1041 159 52 speciali
771 1041 106 52 quod
837 1041 159 52 proprium
957 1041 120 52 nomen
1037 1041 106 52 sibi
1103 1041 93 52 non
1156 1041 146 52 habetur
1263 1041 186 52 impositum:
1409 1041 80 52 ad
1449 1041 106 52 quod
1502 1041 93 52 inue-

211 1087 152 54 niendum
322 1087 97 54 nos
377 1087 193 54 conferimus
529 1087 97 54 cum
584 1087 179 54 quaeritur
722 1087 97 54 qui
777 1087 124 54 tres:
860 1087 97 54 quo
915 1087 221 54 contemplemur
1094 1087 110 54 tres
1163 1087 138 54 simul:
1260 1087 124 54 sicut
1343 1087 193 54 singularia
1495 1087 138 54 omnino

219 1127 127 55 vnius
303 1127 155 55 speciei
416 1127 141 55 nomine
515 1127 141 55 ipsius
613 1127 169 55 speciei:
740 1127 113 55 puta
810 1127 155 55 Petrum,
923 1127 155 55 Paulum,
1036 1127 169 55 Andream:
1162 1127 141 55 nomine
1261 1127 99 55 hoc
1317 1127 113 55 quod
1388 1127 99 55 est
1444 1127 127 55 homo.
1529 1127 113 55 Quod

224 1171 113 55 tamen
300 1171 88 55 non
350 1171 163 55 inuenitur
476 1171 75 55 in
514 1171 151 55 diuinis,
627 1171 75 55 vt
664 1171 113 55 dicit
740 1171 176 55 Augustinus
878 1171 101 55 cap.
941 1171 113 55 iiii.
1016 1171 88 55 Cum
1067 1171 163 55 quaeritur
1192 1171 101 55 quid
1255 1171 101 55 tres
1318 1171 88 55 &c.
1368 1171 75 55 vt
1406 1171 126 55 supra,
1481 1171 126 55 quaestio

230 1211 78 57 ne
269 1211 144 57 proxima
374 1211 196 57 praecedenti
531 1211 78 57 in
570 1211 183 57 principio.
714 1211 105 57 Nota
779 1211 105 57 quod
845 1211 131 57 dicit,
936 1211 144 57 Seruire
1041 1211 105 57 huic
1106 1211 248 57 significationi:
1315 1211 92 57 quo
1368 1211 183 57 significat
1511 1211 105 57 quod
1564 1211 52 57 il

225 1256 86 57 lam
274 1256 86 57 non
323 1256 183 57 significat:
469 1256 98 57 quam
530 1256 110 57 tamen
604 1256 159 57 haeretici
726 1256 159 57 quaerendo
848 1256 86 57 qui
897 1256 110 57 tres,
970 1256 98 57 sibi
1031 1256 183 57 significari
1178 1256 147 57 petebant
1288 1256 147 57 scilicet
1398 1256 73 57 in
1435 1256 86 57 vno
1484 1256 122 57 homine
1557 1256 61 57 ali

217 1304 112 52 quid
287 1304 154 52 commune
399 1304 126 52 reale
484 1304 84 52 ad
526 1304 126 52 tres:
610 1304 98 52 non
666 1304 126 52 autem
750 1304 126 52 sicut
834 1304 196 52 significat
989 1304 154 52 aliquid
1101 1304 154 52 commune
1213 1304 126 52 illis
1297 1304 140 52 tribus
1396 1304 98 52 hoc
1452 1304 126 52 nomen
1522 1304 84 52 Deus

224 1350 105 46 quod
289 1350 92 46 non
342 1350 183 46 significat
486 1350 144 46 commune
591 1350 118 46 illis
669 1350 105 46 nisi
735 1350 92 46 per
787 1350 197 46 communionem
945 1350 197 46 singularis:
1102 1350 92 46 nec
1154 1350 118 46 sicut
1233 1350 105 46 cone
1298 1350 79 46 ad
1338 1350 118 46 illos
1416 1350 105 46 tres
1469 1350 157 46 significat

222 1381 90 52 hoc
274 1381 116 52 nomen
351 1381 168 52 trinitas,
480 1381 103 52 quod
545 1381 181 52 significat
687 1381 77 52 id
726 1381 103 52 quid
790 1381 181 52 significat
932 1381 90 52 hoc
984 1381 116 52 nomen
1062 1381 116 52 Deus:
1139 1381 103 52 quod
1204 1381 129 52 quidem
1294 1381 207 52 significatum
1462 1381 90 52 hoc
1501 1381 103 52 nomine

223 1428 112 51 Deus,
297 1428 87 51 est
347 1428 112 51 ipsum
421 1428 99 51 quod
483 1428 87 51 est
533 1428 99 51 quod
595 1428 174 51 communiter
731 1428 198 51 significatum
892 1428 87 51 est
942 1428 62 51 &
967 1428 124 51 nomine
1054 1428 124 51 patris
1141 1428 62 51 &
1165 1428 124 51 nomine
1252 1428 112 51 filii
1327 1428 62 51 &
1351 1428 124 51 nomine
1438 1428 149 51 spiritus
1538 1428 74 51 san-

223 1469 99 52 cti:
285 1469 99 52 quod
347 1469 112 52 nomen
421 1469 149 52 trinitas
533 1469 174 52 significat
670 1469 112 52 etiam
744 1469 87 52 cum
794 1469 99 52 isto
856 1469 99 52 quod
918 1469 87 52 est
967 1469 99 52 tres
1030 1469 199 52 proprietates
1191 1469 74 52 vt
1228 1469 99 52 tria
1290 1469 87 52 quo
1340 1469 87 52 est
1390 1469 74 52 ad
1427 1469 124 52 aliud:
1514 1469 124 52 quorum

216 1510 140 55 singulum
321 1510 187 55 significatur
473 1510 70 55 in
508 1510 140 55 singulis
613 1510 105 55 trium
683 1510 175 55 personarum.
823 1510 140 55 scilicet
928 1510 70 55 in
963 1510 105 55 patre
1033 1510 128 55 primum,
1127 1510 70 55 in
1162 1510 105 55 filio
1232 1510 152 55 secundum,
1349 1510 70 55 in
1384 1510 128 55 spiritu
1477 1510 117 55 sancto
1547 1510 70 55 ter-

227 1555 112 53 tium.
301 1555 75 53 Vt
339 1555 162 53 propterea
464 1555 112 53 sicut
539 1555 112 53 dicit
614 1555 175 53 Augustinus
751 1555 62 53 i
776 1555 75 53 de
814 1555 125 53 Trini.
901 1555 62 53 &
926 1555 150 53 Magister
1038 1555 200 53 Sententiarum
1201 1555 125 53 primo,
1288 1555 112 53 dist.
1363 1555 137 53 xxiiii.
1463 1555 87 53 cum
1501 1555 112 53 dicitur

233 1596 153 55 Trinitas,
351 1596 94 55 idem
410 1596 177 55 significari
551 1596 129 55 videtur
645 1596 94 55 quod
704 1596 188 55 significatur
857 1596 82 55 cum
904 1596 129 55 dicitur
998 1596 94 55 tres
1057 1596 153 55 personae:
1175 1596 82 55 nec
1222 1596 129 55 oportet
1316 1596 141 55 apponere
1422 1596 106 55 vnius
1481 1596 129 55 essentiae

223 1645 99 51 quia
284 1645 74 51 in
321 1645 148 51 qualibet
432 1645 148 51 personae
543 1645 148 51 essentia
654 1645 99 51 illa
715 1645 86 51 vna
765 1645 209 51 significatur.
937 1645 74 51 Vt
974 1645 148 51 secundum
1085 1645 86 51 hoc
1134 1645 172 51 trinitatis
1269 1645 160 51 definitio
1393 1645 86 51 est
1442 1645 99 51 quod
1503 1645 86 51 sit
1540 1645 62 51 dei

220 1688 103 48 ras,
285 1688 193 48 paternitas,
439 1688 168 48 filiatio,
568 1688 168 48 spiratio:
697 1688 64 48 &
723 1688 90 48 per
774 1688 103 48 hunc
839 1688 116 48 modum
916 1688 116 48 nomen
993 1688 193 48 collectiuum
1148 1688 168 48 continens
1277 1688 193 48 significata
1432 1688 142 48 illorum
1522 1688 90 48 trium

222 1724 128 59 Pater,
312 1724 141 59 filius,
414 1724 64 59 &
439 1724 153 59 spiritus
554 1724 153 59 sanctus.
669 1724 102 59 Dico
733 1724 115 59 autem
810 1724 115 59 nomen
887 1724 192 59 collectiuum
1040 1724 89 59 quo
1091 1724 77 59 ad
1129 1724 128 59 ipsas:
1219 1724 89 59 non
1270 1724 89 59 quo
1321 1724 77 59 ad
1359 1724 153 59 vnitatem
1461 1724 141 59 essentiae

218 1775 96 48 quam
278 1775 132 48 coniter
374 1775 180 48 significant
518 1775 96 48 illa
578 1775 132 48 quatuor
674 1775 132 48 nomina,
770 1775 120 48 Pater,
854 1775 132 48 filius,
950 1775 144 48 spiritus
1058 1775 132 48 sctuns,
1154 1775 156 48 trinitas:
1274 1775 72 48 vt
1310 1775 120 48 vnicum
1394 1775 96 48 quod
1454 1775 84 48 est
1502 1775 72 48 in
1526 1775 84 48 singu

222 1814 104 52 lis:
287 1814 91 52 sed
339 1814 91 52 quo
392 1814 78 52 ad
431 1814 209 52 proprietates
600 1814 196 52 personarum,
757 1814 130 52 quarum
848 1814 170 52 quaelibet
979 1814 144 52 illarum
1083 1814 117 52 trium
1161 1814 117 52 habet
1240 1814 157 52 singulam
1357 1814 104 52 quam
1422 1814 183 52 significat
1553 1814 52 52 vt

223 1852 96 53 quo
278 1852 110 53 est,
347 1852 69 53 &
375 1852 69 53 a
402 1852 96 53 quo
457 1852 124 53 nomen
540 1852 83 53 eo
581 1852 193 53 formaliter
733 1852 179 53 imponitur
870 1852 69 53 &
898 1852 110 53 voce
967 1852 69 53 &
994 1852 96 53 re.
1049 1852 96 53 Hoc
1105 1852 124 53 autem
1187 1852 124 53 nomen
1270 1852 165 53 trinitas
1394 1852 124 53 habet
1476 1852 110 53 illa
1531 1852 83 53 tria

223 1897 120 51 simul
303 1897 80 51 vt
342 1897 106 51 suum
409 1897 93 51 quo
462 1897 93 51 est
515 1897 106 51 quod
582 1897 226 51 significatur,
768 1897 67 51 &
795 1897 67 51 a
821 1897 93 51 quo
874 1897 120 51 nomen
954 1897 186 51 formaliter
1101 1897 173 51 imponitur
1234 1897 67 51 &
1260 1897 106 51 voce
1327 1897 67 51 &
1353 1897 93 51 re.
1406 1897 80 51 Et
1446 1897 93 51 sic
1486 1897 120 51 ratione

220 1937 133 59 ipsius
313 1937 93 59 quo
366 1937 93 59 est
419 1937 160 59 trinitas
539 1937 93 59 est
592 1937 146 59 triplex
699 1937 146 59 vnitas.
805 1937 80 59 Et
845 1937 93 59 sic
898 1937 80 59 ab
938 1937 93 59 hoc
991 1937 133 59 nomine
1084 1937 160 59 trinitas
1204 1937 120 59 sicut
1284 1937 67 59 a
1310 1937 133 59 numero
1403 1937 133 59 quodam
1497 1937 133 59 distin

221 1978 111 47 uitur
295 1978 111 47 sicut
369 1978 124 47 vnitas
456 1978 136 47 quaedam
555 1978 111 47 nomen
629 1978 186 47 cuiuscumque
777 1978 111 47 trium
851 1978 186 47 personarum.
1000 1978 148 47 secundum
1111 1978 99 47 quod
1173 1978 111 47 dicit
1247 1978 111 47 lsid.
1322 1978 74 47 i.
1359 1978 111 47 Sent.
1433 1978 99 47 cap.
1495 1978 124 47 xxiii.
1569 1978 37 47 &

225 2007 160 62 Magister.
348 2007 74 62 i.
385 2007 197 62 Sententiarum
545 2007 111 62 dist.
619 2007 136 62 xxiiii.
718 2007 74 62 in
755 2007 111 62 fine.
829 2007 210 62 Distinguendum
1001 2007 86 62 est
1050 2007 111 62 inter
1124 2007 173 62 trinitatem
1260 2007 62 62 &
1285 2007 160 62 vnitatem.
1408 2007 86 62 Est
1457 2007 99 62 enim
1506 2007 99 62 vnitas

224 2064 163 51 simplex
343 2064 74 51 &
372 2064 222 51 singularis.
550 2064 178 51 Trinitas
683 2064 118 51 vero
757 2064 192 51 multiplex
905 2064 74 51 &
935 2064 267 51 innumerabilis:
1157 2064 118 51 quia
1231 2064 104 51 est
1290 2064 133 51 trium
1379 2064 163 51 vnitas.
1483 2064 133 51 Ratione

218 2107 113 51 autem
294 2107 126 51 ipsius
382 2107 101 51 quod
445 2107 101 51 est,
508 2107 75 51 in
545 2107 113 51 nullo
621 2107 75 51 ab
658 2107 113 51 illis
734 2107 214 51 distinguitur:
910 2107 63 51 &
935 2107 88 51 per
985 2107 113 51 illud
1061 2107 101 51 quod
1123 2107 101 51 est,
1186 2107 151 51 trinitas
1299 2107 101 51 ipsa
1362 2107 101 51 quae
1425 2107 88 51 est
1463 2107 138 51 multiplex

222 2149 66 55 &
248 2149 199 55 numerabilis
407 2149 146 55 propter
513 2149 106 55 tria
579 2149 93 55 quo
632 2149 93 55 est
685 2149 106 55 quae
751 2149 106 55 sunt
818 2149 79 55 in
857 2149 119 55 ipsa,
937 2149 159 55 aequalis
1056 2149 225 55 simplicitatis
1241 2149 93 55 est
1294 2149 93 55 cum
1347 2149 159 55 qualibet
1453 2149 159 55 personarum

221 2196 110 55 quae
290 2196 97 55 est
345 2196 152 55 simplex
456 2196 69 55 &
483 2196 193 55 singularis
635 2196 152 55 propter
746 2196 152 55 singula
856 2196 97 55 quo
911 2196 97 55 est
966 2196 110 55 quae
1035 2196 110 55 sunt
1104 2196 83 55 in
1146 2196 179 55 singulis.
1284 2196 152 55 dicente
1394 2196 166 55 Ambrosio
1504 2196 97 55 primo

217 2237 82 51 de
258 2237 178 51 trinitate
395 2237 82 51 in
436 2237 178 51 principio
573 2237 164 51 sparsim.
696 2237 82 51 In
737 2237 96 51 hac
792 2237 178 51 trinitate
929 2237 164 51 perfecta
1052 2237 178 51 plenitudo
1189 2237 96 51 est
1244 2237 219 51 diuinitatis.
1421 2237 96 51 Non
1476 2237 96 51 est
1531 2237 109 51 ergo

218 2277 149 51 diuisum
327 2277 136 51 regnum
422 2277 190 51 trinitatis
572 2277 95 51 nec
626 2277 163 51 confusum
748 2277 109 51 quod
816 2277 109 51 vnum
884 2277 109 51 est:
952 2277 95 51 nec
1006 2277 177 51 multiplex
1142 2277 109 51 quod
1210 2277 204 51 indifferens
1373 2277 190 51 diuersitas
1509 2277 95 51 plura

223 2318 141 55 facit.
322 2318 141 55 Vnitas
420 2318 169 55 excludit
547 2318 141 55 numeri
646 2318 226 55 quantitatem:
830 2318 113 55 quia
900 2318 141 55 vnitas
999 2318 155 55 numerus
1112 2318 99 55 non
1168 2318 113 55 est:
1239 2318 99 55 sed
1296 2318 113 55 haec
1366 2318 141 55 omnium
1465 2318 113 55 ipsa
1521 2318 85 55 prin

220 2368 139 49 cipium.
322 2368 139 49 Propter
423 2368 101 49 quod
486 2368 152 49 nullorum
600 2368 139 49 aliorum
701 2368 114 49 trium
777 2368 139 49 numerus
879 2368 177 49 trinitatem
1018 2368 190 49 constituere
1170 2368 127 49 potest
1259 2368 177 49 deficiente
1398 2368 101 49 illa
1461 2368 139 49 vnitate
1562 2368 76 49 in

230 2404 96 53 eis.
290 2404 84 53 Non
338 2404 84 53 est
387 2404 96 53 enim
447 2404 145 53 trinitas
555 2404 96 53 nisi
615 2404 108 53 trium
688 2404 169 53 personarum
820 2404 96 53 quae
880 2404 96 53 sunt
941 2404 108 53 vnius
1013 2404 169 53 essentiae:
1145 2404 60 53 &
1169 2404 84 53 per
1218 2404 84 53 hoc
1266 2404 84 53 est
1314 2404 108 53 trium
1386 2404 132 53 vnitas.
1483 2404 84 53 Sed
1519 2404 84 53 haere

223 2449 101 53 tici
286 2449 164 53 quaerendo
412 2449 88 53 qui
463 2449 101 53 tres
526 2449 151 53 petebant
639 2449 101 53 sibi
702 2449 189 53 significari
854 2449 76 53 in
891 2449 88 53 vno
942 2449 126 53 nomine
1030 2449 139 53 aliquid
1131 2449 101 53 cone
1194 2449 113 53 reale
1270 2449 76 53 ad
1307 2449 101 53 tres
1370 2449 63 53 &
1396 2449 139 53 quantum
1497 2449 76 53 ad
1534 2449 101 53 quod

224 2493 89 57 em:
275 2493 63 57 &
300 2493 139 57 quantum
401 2493 76 57 ad
439 2493 89 57 quo
490 2493 89 57 est
541 2493 177 57 vnusqusque
680 2493 152 57 illorum:
794 2493 114 57 sicut
869 2493 101 57 homo
933 2493 177 57 significat
1072 2493 114 57 cone,
1148 2493 63 57 &
1173 2493 139 57 quantum
1274 2493 76 57 ad
1312 2493 101 57 quod
1375 2493 101 57 est:
1439 2493 63 57 &
1464 2493 139 57 quantum
1552 2493 51 57 ad

232 2544 106 42 quo
293 2544 122 42 est,
369 2544 91 42 ad
414 2544 137 42 tres,
505 2544 106 42 qui
566 2544 122 42 sunt
642 2544 152 42 Petrus
749 2544 152 42 Paulus
855 2544 76 42 &
885 2544 182 42 Andreas.
1022 2544 91 42 Et
1068 2544 106 42 ita
1129 2544 91 42 vt
1174 2544 106 42 cum
1235 2544 198 42 quaeritur
1387 2544 91 42 de
1433 2544 137 42 Petro
1509 2544 106 42 Paulo

223 2573 73 69 &
253 2573 146 69 Andrea
355 2573 103 69 qui
414 2573 132 69 tres,
502 2573 220 69 respondetur
677 2573 103 69 vno
736 2573 146 69 nomine
839 2573 176 69 speciali
970 2573 132 69 reali
1058 2573 161 69 aliquid
1176 2573 117 69 cone
1249 2573 132 69 reale
1337 2573 88 69 ad
1381 2573 117 69 tres
1439 2573 176 69 plurifica
