2017 3123
449 256 98 72 tum
505 256 70 72 &
533 256 154 72 quantum
645 256 84 72 ad
687 256 112 72 quod
757 256 98 72 est
813 256 70 72 &
841 256 154 72 quantum
953 256 84 72 ad
995 256 98 72 quo
1051 256 98 72 est
1107 256 84 72 in
1149 256 140 72 illis:
1246 256 126 72 tamen
1330 256 210 72 respondetur
1498 256 112 72 quod
1568 256 112 72 sunt
1638 256 154 72 homines
1750 256 126 72 tres:
1820 256 70 72 sic

450 315 102 47 cum
509 315 189 47 quaeritur
654 315 87 47 de
697 315 131 47 patre
785 315 73 47 &
814 315 131 47 filio
901 315 73 47 &
930 315 160 47 spiritu
1046 315 145 47 sancto
1148 315 116 47 qui,
1221 315 232 47 respondeatur
1409 315 102 47 vno
1468 315 145 47 nomine
1569 315 174 47 speciali
1700 315 102 47 aut
1744 315 145 47 generali

457 359 119 58 reali
536 359 145 58 aliquod
642 359 145 58 commune
747 359 119 58 reale
826 359 79 58 ad
866 359 106 58 tres
932 359 211 58 plurificatum
1103 359 66 58 &
1130 359 145 58 quantum
1235 359 79 58 ad
1275 359 106 58 quod
1341 359 92 58 est
1394 359 66 58 &
1420 359 145 58 quantum
1526 359 79 58 ad
1565 359 92 58 quo
1618 359 92 58 est
1671 359 79 58 in
1710 359 132 58 illis.
1803 359 106 58 Quod

450 395 129 61 tamen
536 395 143 61 omnino
636 395 100 61 est
693 395 229 61 impossibile:
879 395 115 61 quia
951 395 100 61 nec
1008 395 143 61 deitas
1108 395 215 61 plurificari
1280 395 157 61 potest:
1394 395 100 61 nec
1452 395 143 61 aliqua
1552 395 200 61 personalis
1695 395 186 61 proprietas,

437 448 179 47 nullumque
575 448 151 47 illorum
685 448 151 47 commune
795 448 151 47 aliquod
905 448 124 47 super
987 448 83 47 se
1029 448 138 47 habere
1125 448 151 47 potest.
1235 448 96 47 Sic
1290 448 110 47 ergo
1359 448 124 47 patet
1441 448 110 47 quod
1510 448 96 47 cum
1565 448 83 47 ad
1606 448 206 47 quaestionem
1757 448 138 47 haereti-

446 491 124 48 corum
529 491 96 48 qui
584 491 124 48 tres:
667 491 220 48 respondebant
846 491 193 48 catholici:
997 491 110 48 tres
1066 491 179 48 personae:
1204 491 110 48 quod
1273 491 96 48 sic
1328 491 193 48 pluraliter
1479 491 110 48 siue
1548 491 207 48 plurificate
1714 491 83 48 ly
1741 491 138 48 personae

442 538 193 55 nequaquam
591 538 223 55 substantiam
769 538 223 55 significare
948 538 164 55 potest:
1066 538 104 55 cum
1126 538 104 55 non
1185 538 208 55 significet
1349 538 134 55 ipsam
1438 538 104 55 per
1498 538 134 55 modum
1587 538 134 55 actus
1676 538 74 55 &
1691 538 193 55 egredientis

443 572 168 63 secundum
569 572 140 63 actum:
668 572 126 63 sicut
752 572 211 63 significant
920 572 140 63 creans
1019 572 168 63 spirans:
1145 572 126 63 neque
1229 572 211 63 denominatur
1398 572 84 63 ab
1440 572 112 63 ipsa
1510 572 154 63 ratione
1622 572 168 63 alicuius
1735 572 154 63 potentiae

443 615 136 59 sicut
534 615 227 59 denominatur
715 615 197 59 spirator:
867 615 91 59 in
912 615 151 59 quibus
1018 615 167 59 omnibus
1139 615 182 59 secundum
1275 615 197 59 praedicta
1427 615 151 59 potest
1533 615 121 59 idem
1609 615 136 59 nomen
1699 615 91 59 de
1730 615 151 59 pluribus

449 671 188 57 praedicari
597 671 215 57 singulariter
772 671 67 57 &
799 671 81 57 de
839 671 148 57 omnibus
947 671 121 57 simul
1027 671 202 57 pluraliter:
1189 671 94 57 nec
1243 671 121 57 etiam
1324 671 188 57 significat
1472 671 188 57 relationem
1620 671 215 57 proprietatum
1795 671 81 57 in
1822 671 67 57 con

439 713 120 54 muni:
518 713 106 54 quia
585 713 120 54 nihil
664 713 133 54 habent
757 713 106 54 cone
824 713 133 54 reale.
917 713 146 54 Necesse
1023 713 93 54 est
1076 713 106 54 ergo
1142 713 106 54 quod
1209 713 186 54 significet
1355 713 199 54 relationem:
1514 713 120 54 sicut
1594 713 133 54 nomine
1687 713 159 54 secundae
1793 713 93 54 inten

444 749 159 60 tionis:
559 749 87 60 vt
603 749 130 60 etiam
689 749 217 60 significant
863 749 87 60 in
906 749 159 60 diuinis
1022 749 116 60 haec
1094 749 145 60 nomina
1195 749 217 60 suppositum,
1369 749 202 60 relatiuum,
1528 749 72 60 &
1557 749 202 60 huiusmodi:
1716 749 116 60 quae
1773 749 116 60 commu-

444 802 120 44 niter
524 802 80 44 de
564 802 160 44 singulis
684 802 213 44 praedicantur
857 802 80 44 in
897 802 187 44 singulari.
1044 802 120 44 Pater
1124 802 107 44 enim
1191 802 93 44 est
1244 802 187 44 suppositum
1391 802 107 44 siue
1457 802 160 44 relatum:
1577 802 173 44 similiter
1711 802 133 44 filius
1804 802 67 44 &
1817 802 67 44 spi

449 841 125 61 ritus
532 841 166 61 sanctus:
657 841 69 61 &
685 841 111 61 sunt
754 841 111 61 tria
823 841 152 61 relata:
934 841 97 61 non
989 841 125 61 autem
1073 841 111 61 vnum
1142 841 194 61 suppositum
1294 841 69 61 &
1322 841 111 61 vnum
1391 841 166 61 relatum.
1516 841 83 61 Et
1557 841 97 61 est
1613 841 194 61 definitiue
1765 841 83 61 in
1793 841 83 61 diui

448 887 102 57 nis
506 887 160 57 persona
622 887 203 57 suppositum
781 887 174 57 relatum:
912 887 87 57 vt
955 887 102 57 sit
1013 887 203 57 suppositum
1173 887 131 57 quasi
1260 887 145 57 genus:
1361 887 160 57 relatum
1477 887 131 57 autem
1564 887 131 57 quasi
1651 887 232 57 differentia.
1825 887 58 57 Et

443 932 87 51 vt
486 932 202 51 communiter
645 932 231 51 accipiantur:
833 932 101 51 est
890 932 202 51 suppositum
1049 932 101 51 vbi
1107 932 101 51 non
1165 932 101 51 est
1223 932 159 51 persona
1338 932 101 51 nec
1396 932 173 51 relatum:
1526 932 87 51 vt
1569 932 87 51 in
1613 932 188 51 speciebus
1743 932 144 51 creatura

451 975 99 51 rum
508 975 284 51 intellectualium.
749 975 99 51 Est
806 975 128 51 etiam
891 975 156 51 persona
1004 975 99 51 vbi
1061 975 99 51 non
1118 975 99 51 est
1175 975 170 51 relatum,
1302 975 85 51 vt
1345 975 85 51 in
1387 975 199 51 suppositis
1543 975 213 51 creaturarum
1700 975 184 51 intellectua

445 1012 112 61 lium
515 1012 197 61 absolutis.
670 1012 98 61 Sed
726 1012 84 61 in
768 1012 155 61 diuinis
880 1012 169 61 proprium
1007 1012 98 61 est
1063 1012 98 61 per
1119 1012 84 61 se
1161 1012 112 61 esse
1232 1012 197 61 suppositum
1386 1012 169 61 relatum:
1513 1012 70 61 &
1541 1012 98 61 sic
1597 1012 155 61 persona
1709 1012 169 61 relatiue
1822 1012 56 61 di

447 1064 124 60 citur
530 1064 96 60 non
585 1064 83 60 ad
626 1064 124 60 aliud
709 1064 124 60 extra
791 1064 96 60 se:
846 1064 124 60 sicut
929 1064 151 60 dicitur
1039 1064 124 60 pater
1122 1064 83 60 ad
1163 1064 151 60 filium:
1273 1064 96 60 sed
1328 1064 83 60 in
1370 1064 179 60 contentis
1507 1064 96 60 sub
1562 1064 96 60 se:
1617 1064 124 60 sicut
1700 1064 151 60 relatio
1796 1064 83 60 quae

445 1107 100 53 est
502 1107 129 53 genus
588 1107 258 53 generalissimum
803 1107 86 53 in
845 1107 186 53 creaturis
989 1107 86 53 in
1032 1107 115 53 suis
1103 1107 200 53 speciebus.
1261 1107 86 53 Et
1303 1107 115 53 quia
1375 1107 86 53 in
1418 1107 86 53 se
1461 1107 100 53 non
1518 1107 157 53 dicitur
1633 1107 86 53 ad
1676 1107 157 53 aliquid
1776 1107 100 53 extra

448 1141 98 68 se:
504 1141 98 68 sed
560 1141 181 68 solummodo
699 1141 84 68 in
741 1141 181 68 contentis
880 1141 98 68 sub
936 1141 98 68 se:
991 1141 153 68 idcirco
1103 1141 125 68 sicut
1186 1141 153 68 persona
1298 1141 84 68 in
1340 1141 153 68 ratione
1451 1141 98 68 sub
1507 1141 84 68 se
1549 1141 167 68 contenti
1674 1141 98 68 non
1730 1141 98 68 est
1785 1141 125 68 aliud

438 1185 111 70 quam
508 1185 195 70 substantia
661 1185 153 70 diuina:
772 1185 97 70 sic
827 1185 181 70 contentum
966 1185 83 70 in
1008 1185 153 70 ratione
1119 1185 167 70 personae
1244 1185 97 70 non
1300 1185 97 70 est
1356 1185 83 70 ad
1397 1185 139 70 aliud:
1495 1185 125 70 sicut
1578 1185 97 70 nec
1634 1185 167 70 persona.
1745 1185 125 70 dicente

451 1238 193 64 Augustino.
603 1238 110 64 vii.
672 1238 83 64 de
713 1238 193 64 Trinitate.
865 1238 110 64 cap.
934 1238 110 64 vii.
1003 1238 124 64 Neque
1086 1238 83 64 in
1127 1238 97 64 hac
1182 1238 179 64 trinitate
1320 1238 97 64 cum
1375 1238 152 64 dicimus
1486 1238 166 64 personam
1610 1238 152 64 patris,
1720 1238 124 64 aliud
1803 1238 97 64 di-

436 1273 123 72 cimus
518 1273 109 72 quam
587 1273 205 72 substantiam
751 1273 150 72 patris.
860 1273 164 72 Quocirca
983 1273 82 72 vt
1024 1273 191 72 substantia
1174 1273 137 72 patris
1270 1273 109 72 ipse
1338 1273 123 72 pater
1420 1273 109 72 est:
1489 1273 96 72 non
1543 1273 96 72 quo
1598 1273 123 72 pater
1680 1273 109 72 est:
1748 1273 96 72 sed
1803 1273 109 72 quod

435 1324 107 55 est:
502 1324 94 55 ita
555 1324 67 55 &
582 1324 147 55 persona
689 1324 134 55 patris
783 1324 94 55 non
837 1324 121 55 aliud
917 1324 107 55 quam
984 1324 107 55 ipse
1051 1324 121 55 pater
1132 1324 107 55 est.
1199 1324 107 55 Ecce
1266 1324 147 55 primum,
1373 1324 107 55 quod
1440 1324 147 55 persona
1547 1324 80 55 in
1587 1324 147 55 ratione
1695 1324 161 55 contenti
1802 1324 67 55 non

434 1366 90 70 est
486 1366 193 70 substantia:
640 1366 64 70 &
666 1366 103 70 quod
731 1366 90 70 per
782 1366 90 70 hoc
834 1366 90 70 non
885 1366 90 70 est
937 1366 116 70 aliud
1014 1366 103 70 quam
1079 1366 103 70 ipse
1143 1366 116 70 pater
1221 1366 103 70 est.
1285 1366 77 70 Et
1324 1366 155 70 sequitur
1440 1366 155 70 continuo
1556 1366 155 70 secundum
1672 1366 103 70 quod
1736 1366 77 70 in
1762 1366 116 70 ratione

434 1407 155 71 personae
550 1407 155 71 scilicet
666 1407 77 71 vt
705 1407 103 71 ipse
770 1407 116 71 pater
847 1407 90 71 est
899 1407 155 71 persona,
1015 1407 90 71 non
1066 1407 90 71 est
1118 1407 77 71 ad
1157 1407 129 71 aliud,
1247 1407 116 71 sicut
1324 1407 90 71 nec
1376 1407 103 71 ipsa
1440 1407 155 71 persona,
1556 1407 90 71 cum
1608 1407 142 71 subdit.
1711 1407 77 71 Ad
1750 1407 77 71 se
1776 1407 103 71 quippe

440 1457 155 67 dicitur
553 1457 155 67 persona
666 1457 99 67 non
722 1457 85 67 ad
764 1457 141 67 filium
863 1457 99 67 nec
920 1457 85 67 ad
962 1457 169 67 spiritum
1089 1457 169 67 sanctum:
1216 1457 127 67 sicut
1301 1457 85 67 ad
1343 1457 85 67 se
1385 1457 155 67 dicitur
1498 1457 127 67 deus.
1583 1457 155 67 Differt
1696 1457 127 67 tamen
1780 1457 85 67 in
1808 1457 71 67 hoc

441 1505 127 56 quod
521 1505 112 56 hoc
584 1505 143 56 nomen
680 1505 127 56 Deus
760 1505 80 56 a
792 1505 223 56 substantia
967 1505 80 56 &
999 1505 175 56 obiecto
1126 1505 207 56 solummodo
1285 1505 223 56 imponitur.
1461 1505 112 56 Hoc
1524 1505 143 56 autem
1620 1505 143 56 nomen
1716 1505 175 56 persona
1827 1505 48 56 &

429 1539 102 62 hoc
488 1539 131 62 nomen
575 1539 161 62 relatum
692 1539 73 62 a
721 1539 175 62 respectu
853 1539 190 62 imponitur
998 1539 131 62 licet
1086 1539 88 62 in
1130 1539 175 62 communi.
1261 1539 88 62 Et
1305 1539 102 62 per
1363 1539 117 62 hunc
1436 1539 131 62 modum
1524 1539 88 62 in
1568 1539 161 62 diuinis
1684 1539 131 62 nihil
1757 1539 117 62 signi-

430 1584 131 73 ficat
518 1584 102 73 sub
576 1584 160 73 ratione
693 1584 233 73 subsistentis
882 1584 116 73 siue
955 1584 102 73 hoc
1013 1584 131 73 nomen
1100 1584 160 73 persona
1217 1584 116 73 siue
1290 1584 102 73 hoc
1348 1584 131 73 nomen
1435 1584 248 73 subsistentia:
1639 1584 116 73 quae
1712 1584 116 73 sunt
1770 1584 102 73 secun

433 1634 91 67 dae
485 1634 209 67 intentionis:
655 1634 104 67 siue
720 1634 104 67 haec
785 1634 144 67 nominia
890 1634 131 67 Pater,
981 1634 144 67 filius,
1086 1634 65 67 &
1112 1634 157 67 spiritus
1229 1634 157 67 sanctus,
1347 1634 104 67 quae
1412 1634 104 67 sunt
1477 1634 131 67 primae
1569 1634 209 67 intentionis:
1738 1634 104 67 quin
1791 1634 78 67 rela

433 1673 110 70 tiue
502 1673 193 70 subsistat,
654 1673 69 70 &
681 1673 179 70 relatiuum
819 1673 110 70 sit.
888 1673 96 70 Sed
943 1673 110 70 tunc
1012 1673 110 70 quid
1081 1673 96 70 est
1136 1673 110 70 quod
1205 1673 124 70 dicit
1287 1673 193 70 Augustinus
1439 1673 96 70 vbi
1494 1673 138 70 supra,
1590 1673 96 70 cap
1646 1673 124 70 iiii.
1728 1673 83 70 in
1770 1673 124 70 fine:

443 1716 131 72 Omnis
531 1716 102 72 res
589 1716 87 72 ad
633 1716 160 72 seipsam
750 1716 204 72 subsistit,
910 1716 146 72 quanto
1012 1716 131 72 magis
1099 1716 131 72 deus:
1187 1716 117 72 Dico
1260 1716 117 72 quod
1333 1716 204 72 subsistere
1493 1716 204 72 aequiuocum
1653 1716 102 72 est
1712 1716 87 72 ad
1741 1716 131 72 subesse

435 1764 242 58 accidentibus
631 1764 91 58 in
677 1764 197 58 creaturis
828 1764 76 58 &
858 1764 212 58 attributis
1024 1764 91 58 in
1070 1764 121 58 deo:
1145 1764 76 58 &
1176 1764 91 58 ad
1221 1764 197 58 distincte
1372 1764 91 58 ab
1417 1764 121 58 alio
1493 1764 197 58 existere.
1644 1764 136 58 Primo
1735 1764 121 58 modo
1795 1764 76 58 ve-

436 1807 94 61 rum
489 1807 94 61 est
543 1807 107 61 quod
610 1807 107 61 deus
677 1807 80 61 ad
717 1807 80 61 se
757 1807 188 61 subsistit:
905 1807 67 61 &
932 1807 94 61 sic
985 1807 214 61 intelligitur
1160 1807 134 61 verbum
1253 1807 107 61 suum
1320 1807 94 61 iam
1374 1807 147 61 dictum:
1481 1807 107 61 quia
1548 1807 80 61 vt
1588 1807 94 61 est
1642 1807 107 61 deus
1696 1807 174 61 simpliciter

438 1847 188 70 subiicitur
585 1847 107 70 suis
652 1847 255 70 proprietatibus.
867 1847 80 70 Si
907 1847 121 70 tamen
987 1847 94 70 (vt
1041 1847 121 70 dicit
1121 1847 161 70 continue
1242 1847 107 70 post
1309 1847 134 70 dictum
1403 1847 147 70 verbum)
1510 1847 134 70 dignum
1604 1847 94 70 est
1658 1847 80 70 vt
1698 1847 107 70 deus
1751 1847 121 70 dicatur

433 1893 198 75 subsistere.
591 1893 79 75 Et
631 1893 159 75 sequitur
750 1893 159 75 continue
869 1893 79 75 in
909 1893 185 75 principio.
1054 1893 79 75 v.
1094 1893 106 75 cap.
1160 1893 79 75 De
1199 1893 93 75 his
1252 1893 106 75 enim
1318 1893 119 75 recte
1397 1893 211 75 intelligitur
1569 1893 93 75 &c.
1622 1893 145 75 quantum
1728 1893 79 75 ad
1754 1893 106 75 propo-

443 1939 114 68 situm
520 1939 127 68 supra,
608 1939 191 68 quaestione.
761 1939 89 68 ii.
812 1939 114 68 huius
888 1939 165 68 articuli.
1015 1939 140 68 Secundo
1117 1939 114 68 autem
1193 1939 102 68 modo
1256 1939 89 68 non
1307 1939 216 68 intelligitur,
1485 1939 76 68 vt
1523 1939 127 68 dictum
1612 1939 102 68 est:
1675 1939 102 68 immo
1739 1939 102 68 isto
1790 1939 76 68 modo

443 1987 117 68 omnis
521 1987 156 68 creatura
638 1987 78 68 ad
677 1987 78 68 se
716 1987 169 68 subsistit
846 1987 143 68 propter
950 1987 104 68 suam
1015 1987 169 68 finitatem
1145 1987 65 68 &
1171 1987 234 68 compositionem.
1366 1987 117 68 Solus
1444 1987 117 68 autem
1522 1987 104 68 deus
1587 1987 143 68 propter
1691 1987 104 68 suam
1743 1987 130 68 infinita

432 2027 88 73 tem
483 2027 63 73 &
508 2027 214 73 simplicitatem
684 2027 75 73 ad
722 2027 113 73 aliud
797 2027 176 73 subsistit.
961 2027 88 73 His
1011 2027 189 73 praelibatis
1162 2027 75 73 ad
1200 2027 189 73 quaestionem
1350 2027 151 73 breuiter
1464 2027 201 73 respondendum
1627 2027 101 73 est:
1690 2027 138 73 dicendo
1791 2027 101 73 quod

438 2069 111 69 sicut
512 2069 185 69 praedicatio
660 2069 111 69 vnius
734 2069 185 69 essentialis
882 2069 74 69 de
919 2069 148 69 pluribus
1030 2069 148 69 personis
1141 2069 136 69 quantum
1240 2069 86 69 est
1289 2069 74 69 de
1326 2069 136 69 ratione
1425 2069 197 69 essentialis,
1585 2069 74 69 eo
1622 2069 99 69 quod
1684 2069 86 69 non
1733 2069 99 69 nisi
1783 2069 86 69 essen

442 2118 98 64 tiam
503 2118 183 64 significat:
649 2118 110 64 licet
722 2118 159 64 aliquando
844 2118 85 64 sub
893 2118 134 64 ratione
991 2118 195 64 determinata:
1149 2118 122 64 semper
1235 2118 110 64 tamen
1308 2118 134 64 propter
1406 2118 146 64 vnitatem
1515 2118 159 64 essentiae
1637 2118 171 64 resoluitur
1772 2118 73 64 in
1796 2118 61 64 sin

438 2155 144 78 gularem,
546 2155 96 78 nisi
606 2155 132 78 propter
703 2155 132 78 aliquid
799 2155 144 78 speciale
907 2155 156 78 contingat
1027 2155 180 78 contrarium,
1172 2155 72 78 vt
1208 2155 132 78 habitum
1304 2155 84 78 est
1352 2155 108 78 supra
1424 2155 72 78 in
1460 2155 180 78 praecedenti
1604 2155 180 78 quaestione:
1749 2155 84 78 sic
1785 2155 72 78 prae

431 2210 145 64 dicatio
536 2210 145 64 plurium
642 2210 185 64 personarum
787 2210 79 64 de
827 2210 92 64 vno
880 2210 185 64 essentiali
1025 2210 79 64 eo
1065 2210 106 64 quod
1131 2210 145 64 persona
1236 2210 185 64 significat
1381 2210 172 64 essentiam
1514 2210 66 64 &
1540 2210 211 64 proprietatem
1712 2210 145 64 quantum
1804 2210 66 64 est

429 2244 82 74 ex
470 2244 151 74 ratione
580 2244 192 74 essentiae,
731 2244 137 74 semper
827 2244 124 74 debet
910 2244 151 74 resolui
1020 2244 82 74 in
1061 2244 206 74 singularem,
1226 2244 151 74 dicendo
1335 2244 110 74 Deus
1404 2244 96 74 est
1459 2244 137 74 pater,
1555 2244 110 74 deus
1624 2244 96 74 est
1679 2244 151 74 filius,
1775 2244 82 74 deus

439 2293 95 66 est
494 2293 162 66 spiritus
615 2293 162 66 sanctus:
737 2293 68 66 &
764 2293 122 66 tamen
845 2293 108 66 deus
913 2293 95 66 non
967 2293 95 66 est
1021 2293 108 66 tres
1088 2293 108 66 dii,
1156 2293 95 66 sed
1210 2293 108 66 vnus
1278 2293 95 66 est
1332 2293 122 66 deus:
1413 2293 108 66 quia
1480 2293 95 66 non
1535 2293 95 66 est
1589 2293 108 66 nisi
1656 2293 95 66 vna
1697 2293 162 66 singularis

448 2331 122 85 deitas
533 2331 73 85 in
569 2331 134 85 tribus.
667 2331 73 85 Et
703 2331 85 85 hoc
752 2331 97 85 modo
813 2331 97 85 deus
873 2331 97 85 quid
934 2331 85 85 est
983 2331 122 85 pater,
1068 2331 134 85 filius,
1165 2331 61 85 &
1190 2331 146 85 spiritus
1299 2331 134 85 sctuns,
1396 2331 85 85 est
1445 2331 97 85 vnus
1506 2331 134 85 aliquis
1603 2331 85 85 non
1652 2331 97 85 tres
1713 2331 134 85 aliqui.

472 2413 101 79 Et
523 2413 203 79 secundum
675 2413 118 79 hoc
742 2413 220 79 processit
911 2413 84 79 &
945 2413 135 79 bene
1029 2413 152 79 prima
1131 2413 152 79 ratio
1232 2413 186 79 adducta
1367 2413 101 79 ad
1418 2413 270 79 quaestionem:
1637 2413 135 79 quae
1705 2413 152 79 idcirco

442 2477 187 56 concedenda
589 2477 107 56 est:
656 2477 67 56 &
683 2477 94 56 sic
736 2477 174 56 respondet
870 2477 174 56 resolutio
1004 2477 241 56 interrogationi
1205 2477 80 56 de
1245 2477 134 56 tribus
1339 2477 107 56 quid
1406 2477 121 56 sunt.
1486 2477 147 56 Quantum
1593 2477 107 56 vero
1660 2477 94 56 est
1714 2477 80 56 de
1740 2477 121 56 ratione

447 2514 198 55 proprietatum
608 2514 87 55 nec
657 2514 74 55 in
695 2514 174 55 singularem
831 2514 124 55 potest
918 2514 149 55 resolui:
1029 2514 99 55 quia
1091 2514 124 55 nullum
1178 2514 161 55 fingulare
1302 2514 99 55 vnum
1364 2514 87 55 est
1414 2514 99 55 cone
1476 2514 124 55 tribus
1562 2514 149 55 personis
1674 2514 136 55 ratione
1761 2514 99 55 perso-

430 2562 144 53 nalium
530 2562 230 53 proprietatum
717 2562 158 53 suarum:
832 2562 101 53 nec
890 2562 86 53 in
933 2562 173 53 pluralem
1063 2562 101 53 sub
1120 2562 158 53 communi
1235 2562 144 53 nomine
1336 2562 144 53 primae
1436 2562 230 53 intentionis:
1623 2562 158 53 dicendo
1739 2562 115 53 deus
1796 2562 72 53 est

440 2595 135 67 pater,
535 2595 108 67 deus
603 2595 95 67 est
657 2595 149 67 filius,
765 2595 108 67 deus
832 2595 95 67 est
886 2595 162 67 spiritus
1008 2595 162 67 sanctus:
1129 2595 68 67 &
1157 2595 95 67 est
1211 2595 108 67 tres
1278 2595 162 67 personae
1400 2595 95 67 non
1454 2595 108 67 vna:
1521 2595 108 67 tria
1589 2595 176 67 supposita
1724 2595 95 67 non
1764 2595 95 67 vnum.

430 2646 158 82 Ratione
545 2646 129 82 autem
631 2646 187 82 vtriusque
775 2646 129 82 simul
861 2646 173 82 scilicet
991 2646 72 82 &
1020 2646 187 82 essentiae
1163 2646 72 82 &
1192 2646 230 82 proprietatum
1379 2646 144 82 potest
1480 2646 158 82 resolui
1595 2646 86 82 in
1638 2646 201 82 singularem
1782 2646 72 82 sub
