2017 3221
116 284 137 72 actio
207 284 243 72 determinatur
405 284 107 72 per
466 284 183 72 obiectum
603 284 152 72 quanto
709 284 137 72 autem
801 284 107 72 est
861 284 228 72 simplicior,
1044 284 259 72 spiritualior,
1257 284 76 72 &
1287 284 137 72 magis
1379 284 213 72 abstracta,
1531 284 76 72 tan

119 350 90 50 to
164 350 105 50 est
224 350 150 50 potior
329 350 75 50 &
359 350 255 50 principalior.
570 350 210 50 simplicius
735 350 120 50 enim
810 350 75 50 &
840 350 135 50 magis
930 350 225 50 abstractum,
1110 350 150 50 potius
1215 350 105 50 est
1276 350 150 50 semper
1381 350 75 50 &
1396 350 210 50 principalius

122 381 158 68 Propter
237 381 115 68 quod
308 381 115 68 vult
380 381 216 68 Philosophus
553 381 129 68 primo
639 381 244 68 metaphysicae,
840 381 115 68 quod
912 381 273 68 demonstrationes
1142 381 230 68 arithmeticae
1329 381 172 68 potiores
1458 381 115 68 sunt
1530 381 115 68 quam

116 445 235 54 geometricae:
308 445 118 54 quia
381 445 88 54 de
425 445 265 54 simplicioribus
646 445 88 54 vt
690 445 88 54 de
734 445 177 54 numeris,
867 445 103 54 qui
925 445 235 54 simpliciores
1117 445 118 54 sunt
1190 445 221 54 magnitudie,
1367 445 88 54 de
1411 445 103 54 qua
1470 445 103 54 est
1514 445 88 54 geo-

117 480 151 53 metria.
227 480 124 53 Actio
310 480 124 53 autem
393 480 110 53 quae
461 480 96 53 est
516 480 206 53 intelligere
682 480 110 53 dei,
750 480 193 53 simplicior
902 480 96 53 est
957 480 69 53 &
985 480 124 53 magis
1067 480 193 53 abstracta,
1219 480 110 53 quam
1287 480 96 53 sit
1342 480 124 53 actio
1425 480 110 53 quae
1494 480 96 53 est
1535 480 69 53 vel

117 524 90 55 le,
168 524 102 55 quia
232 524 192 55 intelligere
386 524 90 55 est
437 524 90 55 rei
488 524 115 55 prout
565 524 115 55 habet
642 524 102 55 esse
706 524 77 55 in
744 524 192 55 intellectu:
898 524 115 55 velle
974 524 102 55 vero
1038 524 115 55 prout
1115 524 115 55 habet
1192 524 102 55 esse
1256 524 77 55 in
1294 524 90 55 se.
1345 524 64 55 &
1371 524 179 55 simplicius
1512 524 64 55 &
1524 524 90 55 magis

118 571 185 63 abstractum
263 571 106 63 esse
329 571 119 63 habet
409 571 93 63 res
461 571 79 63 in
501 571 185 63 intellectu
646 571 106 63 quam
712 571 119 63 extra
792 571 79 63 in
831 571 145 63 seipsa.
937 571 106 63 ergo
1003 571 93 63 &c.
1056 571 66 63 ⁋
1082 571 185 63 Praeterea.
1228 571 159 63 obiectum
1347 571 198 63 intellectus
1505 571 93 63 est
1545 571 66 63 ve-

123 612 133 57 rum:
207 612 233 57 voluntatis
390 612 150 57 autem
489 612 166 57 bonum.
606 612 150 57 verum
706 612 150 57 autem
806 612 233 57 simplicius
989 612 116 57 est
1055 612 83 57 &
1089 612 150 57 magis
1188 612 233 57 abstractum
1371 612 150 57 bono.
1471 612 83 57 ⁋
1488 612 133 57 Tertio

114 664 112 52 sic.
184 664 112 52 ille
253 664 125 52 actus
337 664 167 52 nobilior
463 664 98 52 est
518 664 70 52 &
546 664 237 52 principalior,
742 664 98 52 per
797 664 112 52 quem
867 664 167 52 potentia
992 664 167 52 nobilius
1118 664 84 52 in
1160 664 112 52 esse
1230 664 209 52 perficitur.
1397 664 112 52 iste
1467 664 125 52 autem
1536 664 70 52 est

110 716 232 49 intelligere,
298 716 116 49 quia
370 716 101 49 per
428 716 130 49 ipsum
515 716 203 49 perficitur
674 716 232 49 intellectus,
863 716 159 49 habendo
978 716 87 49 in
1022 716 87 49 se
1065 716 101 49 rem
1123 716 217 49 intellectam
1297 716 87 49 vt
1340 716 145 49 nobile
1442 716 130 49 quid,
1529 716 101 49 non

109 750 104 56 sic
169 750 149 56 velle:
273 750 119 56 quia
347 750 104 56 per
407 750 134 56 ipsum
496 750 208 56 perficitur
660 750 179 56 voluntas
794 750 89 56 vt
838 750 193 56 comparata
987 750 89 56 ad
1032 750 104 56 rem
1091 750 164 56 nobilem
1210 750 208 56 existentem
1374 750 134 56 extra
1463 750 104 56 se,
1508 750 89 56 nunc

119 796 131 54 autem
207 796 203 54 perfectius
366 796 73 54 &
395 796 174 54 nobilius
526 796 218 54 simpliciter
700 796 73 54 &
729 796 174 54 absolute
860 796 102 54 est
918 796 145 54 habere
1019 796 87 54 in
1063 796 87 54 se
1106 796 145 54 nobile
1208 796 131 54 quid,
1295 796 116 54 quam
1368 796 189 54 comparari
1513 796 87 54 ad
1542 796 58 54 no

115 848 112 49 bile
185 848 125 49 extra
268 848 98 49 se.
324 848 112 49 ergo
394 848 98 49 &c.
450 848 70 49 ⁋
478 848 139 49 Quarto
575 848 112 49 sic.
645 848 125 49 illud
729 848 98 49 est
784 848 167 49 nobilius
910 848 112 49 quod
980 848 153 49 viliori
1091 848 84 49 se
1133 848 125 49 minus
1217 848 195 49 inficitur.
1370 848 84 49 vt
1412 848 125 49 patet
1496 848 84 49 de
1537 848 98 49 lu-
1579 848 42 49 A

120 882 92 58 ce
166 882 76 58 &
196 882 138 58 aere,
288 882 107 58 cum
349 882 199 58 transeunt
502 882 107 58 per
563 882 122 58 loca
639 882 153 58 speda.
746 882 107 58 sed
807 882 229 58 intellectus
991 882 138 58 minus
1082 882 199 58 inficitur
1235 882 245 58 intelligendo
1434 882 168 58 viliora
1541 882 61 58 se

105 923 85 70 vt
147 923 212 70 corporalia,
317 923 113 70 quam
388 923 170 70 voluntas
515 923 85 70 in
558 923 184 70 diligendo
699 923 184 70 inferiora
841 923 99 70 se.
897 923 113 70 ergo
968 923 99 70 &c.
1025 923 71 70 ⁋
1053 923 141 70 Quinto
1152 923 113 70 sic.
1223 923 170 70 nobilior
1350 923 99 70 est
1407 923 170 70 potentia
1534 923 113 70 quae
1591 923 42 70 s

119 981 109 53 est
182 981 93 53 ad
228 981 217 53 nobiliorem
399 981 140 53 actum
492 981 109 53 seu
554 981 264 53 productionem.
771 981 109 53 sed
833 981 233 53 intellectus
1019 981 78 53 &
1050 981 186 53 voluntas
1189 981 93 53 in
1236 981 109 53 deo
1298 981 124 53 sunt
1375 981 202 53 principia
1515 981 93 53 pro-

110 1019 190 60 ductionum
257 1019 234 60 personalium,
447 1019 132 60 quasi
535 1019 176 60 nobilior
666 1019 132 60 autem
754 1019 102 60 est
813 1019 132 60 ratio
901 1019 234 60 productionis
1091 1019 117 60 quae
1164 1019 102 60 est
1223 1019 205 60 generatio,
1383 1019 117 60 quam
1442 1019 161 60 productio

116 1077 95 49 nis
171 1077 108 49 quae
238 1077 95 49 est
292 1077 176 49 spiratio:
428 1077 81 49 eo
468 1077 108 49 quod
536 1077 176 49 productum
671 1077 81 49 ab
712 1077 108 49 illa
780 1077 122 49 quasi
861 1077 162 49 nobilius
983 1077 95 49 est
1037 1077 108 49 quam
1104 1077 176 49 productum
1240 1077 81 49 ab
1280 1077 122 49 ista:
1361 1077 81 49 eo
1402 1077 108 49 quod
1456 1077 149 49 productum

117 1116 87 53 ab
160 1116 116 53 illa
232 1116 87 53 vt
276 1116 159 53 filius,
391 1116 130 53 habet
478 1116 232 53 auctoritatem
666 1116 101 53 aut
724 1116 130 53 quasi
811 1116 232 53 auctoritatem
999 1116 130 53 super
1086 1116 188 53 productum
1231 1116 87 53 ab
1274 1116 116 53 ista
1347 1116 87 53 vt
1390 1116 130 53 super
1462 1116 145 53 spiritum

119 1157 173 60 sanctum.
249 1157 116 60 ergo
321 1157 101 60 &c.
379 1157 72 60 ⁋
407 1157 87 60 In
451 1157 202 60 contrarium
610 1157 116 60 est,
682 1157 159 60 quoniam
798 1157 130 60 actio
884 1157 116 60 illa
956 1157 144 60 potior
1058 1157 101 60 est
1115 1157 72 60 &
1144 1157 231 60 principalior
1332 1157 116 60 quae
1404 1157 101 60 est
1462 1157 188 60 liberior.

118 1214 131 59 talis
206 1214 102 59 est
264 1214 131 59 actio
351 1214 218 59 voluntatis,
525 1214 87 59 vt
569 1214 131 59 patet
656 1214 87 59 ex
700 1214 131 59 supra
787 1214 247 59 determinatis.
990 1214 116 59 ergo
1048 1214 73 59 &c.

113 1261 88 91 ⁋
149 1261 211 91 Dicendum
307 1261 106 91 ad
360 1261 141 91 hoc:
448 1261 141 91 quod
535 1261 106 91 de
588 1261 246 91 actionibus
782 1261 123 91 dei
852 1261 141 91 quae
940 1261 141 91 sunt
1028 1261 158 91 velle
1133 1261 88 91 &
1168 1261 281 91 intelligere,
1397 1261 211 91 possumus
1538 1261 70 91 lo

122 1338 108 61 qui
183 1338 232 61 dupliciter.
369 1338 108 61 Vno
431 1338 124 61 modo
508 1338 186 61 secundum
647 1338 93 61 id
694 1338 124 61 quod
771 1338 124 61 sunt
848 1338 170 61 aliquid
972 1338 93 61 in
1018 1338 108 61 re:
1080 1338 108 61 aut
1142 1338 186 61 secundum
1281 1338 124 61 suas
1358 1338 186 61 proprias
1497 1338 155 61 ratio-

119 1390 106 52 nes
179 1390 121 52 quas
255 1390 181 52 nominant
390 1390 136 52 circa
481 1390 106 52 rem
541 1390 151 52 ipsam.
646 1390 136 52 Primo
737 1390 121 52 modo
812 1390 121 52 sunt
888 1390 181 52 idipsum,
1023 1390 75 52 &
1053 1390 136 52 nullo
1144 1390 121 52 modo
1219 1390 211 52 differunt:
1385 1390 121 52 quia
1460 1390 106 52 non
1506 1390 90 52 sunt

111 1439 115 50 nisi
183 1439 115 50 ipsa
255 1439 144 50 diuina
356 1439 187 50 essentia,
500 1439 86 50 vt
543 1439 130 50 patet
629 1439 86 50 ex
672 1439 130 50 supra
759 1439 245 50 determinatis.
961 1439 72 50 &
989 1439 101 50 sic
1047 1439 144 50 neutra
1148 1439 101 50 est
1206 1439 144 50 potior
1306 1439 101 50 aut
1364 1439 231 50 principalior
1537 1439 72 50 al-

114 1478 130 61 tera:
200 1478 101 61 nec
258 1478 130 61 habet
345 1478 174 61 secundum
476 1478 101 61 hoc
533 1478 130 61 locum
620 1478 174 61 quaestio
751 1478 87 61 in
794 1478 116 61 eis.
867 1478 87 61 Si
910 1478 116 61 ergo
982 1478 246 61 principalitas
1185 1478 159 61 dicenda
1301 1478 101 61 sit
1359 1478 116 61 esse
1431 1478 87 61 in
1475 1478 116 61 eis,
1533 1478 72 61 hoc

121 1521 95 52 est
176 1521 218 52 considerando
353 1521 123 52 ipsas
435 1521 163 52 secundum
557 1521 109 52 suas
625 1521 163 52 proprias
748 1521 163 52 rationes
871 1521 136 52 quibus
966 1521 123 52 inter
1048 1521 82 52 se
1088 1521 177 52 differunt
1225 1521 123 52 sicut
1306 1521 109 52 alia
1374 1521 191 52 attributa,
1511 1521 95 52 secun

107 1568 106 59 dum
167 1568 121 59 quod
243 1568 167 59 habitum
365 1568 106 59 est
425 1568 152 59 supra.
531 1568 106 59 Sic
592 1568 121 59 enim
668 1568 91 59 in
713 1568 136 59 ipsis
804 1568 106 59 est
865 1568 258 59 principalitas
1077 1568 182 59 secundum
1214 1568 182 59 rationem
1350 1568 91 59 in
1396 1568 121 59 deo,
1472 1568 91 59 eo
1517 1568 121 59 modo

119 1619 110 51 quo
182 1619 173 51 ratione
308 1619 220 51 differunt:
481 1619 236 51 quemadmodum
670 1619 110 51 est
732 1619 267 51 principalitas
953 1619 94 51 in
1000 1619 110 51 eis
1063 1619 189 51 secundum
1204 1619 110 51 rem
1267 1619 94 51 in
1314 1619 220 51 creaturis,
1487 1619 94 51 eo
1534 1619 110 51 mo-

115 1656 90 57 do
160 1656 105 57 quo
220 1656 181 57 secundum
356 1656 105 57 rem
416 1656 211 57 differunt.
582 1656 90 57 Vt
627 1656 120 57 enim
702 1656 135 57 dicit
792 1656 226 57 Philosophus
973 1656 90 57 in
1018 1656 196 57 principio
1169 1656 211 57 politicae,
1334 1656 211 57 quaecumque
1500 1656 90 57 ex
1530 1656 75 57 plu

105 1708 141 50 ribus
199 1708 141 50 fiunt
293 1708 172 50 aliquod
418 1708 188 50 commune,
559 1708 94 50 in
606 1708 172 50 omnibus
731 1708 109 50 est
794 1708 219 50 principans
966 1708 78 50 &
997 1708 219 50 subiectum:
1169 1708 235 50 quemadmodum
1357 1708 94 50 in
1404 1708 188 50 harmonia
1529 1708 78 50 con

109 1758 214 44 mixtionis
273 1758 263 44 elementorum,
487 1758 165 44 semper
603 1758 115 44 est
668 1758 132 44 vnum
751 1758 214 44 elementum
915 1758 263 44 praedominans
1129 1758 132 44 siue
1212 1758 247 44 principans:
1409 1758 82 44 &
1442 1758 99 44 in
1475 1758 132 44 harmo-

106 1791 112 55 nia
170 1791 144 55 vocum
266 1791 112 55 est
330 1791 112 55 vox
393 1791 112 55 vna
457 1791 255 55 consonantiam
665 1791 176 55 aliarum
793 1791 176 55 tenens:
920 1791 80 55 &
952 1791 96 55 in
1000 1791 160 55 homine
1112 1791 144 55 anima
1208 1791 224 55 principans
1383 1791 112 55 est
1431 1791 176 55 despotico

110 1841 231 60 principatu,
294 1841 154 60 corpus
402 1841 123 60 vero
479 1841 216 60 subiectum:
649 1841 77 60 &
680 1841 231 60 intellectus
865 1841 231 60 principatur
1049 1841 200 60 appetitui
1203 1841 200 60 sensitiuo
1358 1841 154 60 regali
1450 1841 154 60 principa

111 1887 103 57 tu.
170 1887 88 57 In
214 1887 103 57 deo
272 1887 132 57 autem
360 1887 88 57 ex
404 1887 117 57 actu
477 1887 205 57 voluntatis
639 1887 73 57 &
668 1887 220 57 intellectus
844 1887 103 57 fit
902 1887 161 57 aliquid
1019 1887 176 57 commune,
1151 1887 88 57 vt
1195 1887 205 57 beatitudo,
1356 1887 117 57 quae
1429 1887 88 57 ex
1473 1887 161 57 vtroque

107 1928 225 60 perficitur:
287 1928 165 60 oportet
407 1928 150 60 igitur
512 1928 120 60 quod
587 1928 165 60 alterum
707 1928 135 60 eorum
797 1928 105 60 sit
857 1928 90 60 in
903 1928 105 60 deo
963 1928 225 60 principans,
1143 1928 165 60 alterum
1263 1928 120 60 vero
1338 1928 210 60 subiectum.
1503 1928 75 60 ⁋
1518 1928 90 60 Vnde

113 1981 213 49 suppositis
280 1981 137 49 illis
372 1981 152 49 quibus
479 1981 91 49 in
524 1981 152 49 quadam
631 1981 213 49 quaestione
799 1981 91 49 de
845 1981 213 49 inquolibet
1012 1981 274 49 determinauimus
1241 1981 91 49 in
1287 1981 198 49 creaturis
1424 1981 183 49 voluntatem

113 2021 116 59 esse
186 2021 261 59 principaliorem
404 2021 73 59 &
433 2021 174 59 altiorem
564 2021 189 59 potentiam
709 2021 116 59 quam
782 2021 102 59 sit
840 2021 232 59 intellectus,
1029 2021 73 59 &
1058 2021 102 59 per
1116 2021 203 59 consequens
1275 2021 131 59 actum
1363 2021 203 59 voluntatis
1508 2021 87 59 esse

109 2067 242 62 principaliorem
310 2067 67 62 &
337 2067 161 62 altiorem
457 2067 107 62 quam
525 2067 94 62 sit
578 2067 121 62 actus
659 2067 215 62 intellectus:
833 2067 134 62 eisdem
927 2067 161 62 possumus
1048 2067 94 62 hic
1102 2067 174 62 ostendere
1236 2067 121 62 velle
1316 2067 81 62 in
1356 2067 94 62 deo
1410 2067 107 62 esse
1464 2067 134 62 actionem

100 2121 271 55 principaliorem
326 2121 75 55 &
356 2121 181 55 altiorem
491 2121 181 55 secundum
627 2121 196 55 rationem,
777 2121 120 55 quam
852 2121 105 55 sit
913 2121 241 55 intelligere.
1108 2121 105 55 Sed
1169 2121 105 55 non
1229 2121 166 55 oportet
1349 2121 105 55 ibi
1409 2121 135 55 dicta
1485 2121 120 55 repete

102 2165 97 54 re:
158 2165 111 54 quia
227 2165 97 54 non
283 2165 139 54 restat
380 2165 111 54 nisi
450 2165 111 54 ipsa
519 2165 97 54 hic
575 2165 195 54 applicare.
728 2165 195 54 Veruntamen
880 2165 97 54 hic
936 2165 167 54 sciendum
1061 2165 97 54 est
1117 2165 83 54 in
1158 2165 139 54 summa:
1256 2165 111 54 quod
1325 2165 222 54 quandocumque
1506 2165 83 54 ex
1534 2165 83 54 ali-

114 2203 144 59 quibus
215 2203 101 59 fit
272 2203 115 59 vnum
344 2203 130 59 cone,
431 2203 87 59 ad
474 2203 231 59 cognoscendum
662 2203 115 59 quod
734 2203 159 59 illorum
849 2203 101 59 sit
907 2203 245 59 principalius,
1109 2203 159 59 oportet
1224 2203 101 59 (vt
1282 2203 130 59 dicit
1368 2203 216 59 Philosophus
1527 2203 72 59 ibi

108 2250 121 53 dem)
184 2250 121 53 ambo
260 2250 228 53 considerare
442 2250 91 53 in
487 2250 152 53 aliquo
594 2250 152 53 optime
700 2250 197 53 disposito
852 2250 91 53 in
897 2250 121 53 eis,
973 2250 76 53 &
1004 2250 182 53 secundum
1140 2250 182 53 naturam:
1277 2250 76 53 &
1307 2250 106 53 non
1368 2250 91 53 in
1414 2250 91 53 eo
1459 2250 91 53 vt
1490 2250 121 53 simpli

115 2295 130 55 citer
201 2295 231 55 considerato,
389 2295 101 55 aut
447 2295 87 55 vt
490 2295 159 55 deficit
606 2295 87 55 ab
649 2295 116 55 illa
721 2295 246 55 dispositione.
924 2295 130 55 Verbi
1011 2295 145 55 gratia
1112 2295 188 55 (secundum
1256 2295 116 55 quod
1328 2295 130 55 ponit
1415 2295 188 55 exemplum)
1545 2295 58 55 si

113 2341 160 56 velimus
230 2341 145 56 videre
331 2341 116 56 quod
404 2341 73 56 &
433 2341 116 56 quom
505 2341 131 56 anima
592 2341 218 56 principatur
766 2341 174 56 corpori,
897 2341 160 56 oportet
1013 2341 102 56 hoc
1071 2341 218 56 considerare
1245 2341 87 56 in
1289 2341 145 56 homine
1390 2341 145 56 optime
1477 2341 131 56 disposi

107 2386 100 51 to
157 2386 200 51 secundum
307 2386 166 51 corpus
423 2386 83 51 &
457 2386 200 51 secundum
606 2386 183 51 animam.
739 2386 133 51 Quod
822 2386 133 51 enim
906 2386 100 51 in
955 2386 133 51 tali
1039 2386 166 51 homine
1155 2386 266 51 principatur,
1371 2386 133 51 vere
1438 2386 166 51 dicendum

106 2434 107 53 est
167 2434 214 53 principari
335 2434 77 53 &
366 2434 184 53 secundum
504 2434 184 53 naturam:
642 2434 77 53 &
673 2434 107 53 non
734 2434 92 53 in
780 2434 153 53 homine
887 2434 230 53 simpliciter
1071 2434 107 53 aut
1132 2434 214 53 pestilente
1301 2434 77 53 &
1331 2434 123 53 male
1408 2434 199 53 disposito
1546 2434 61 53 se

104 2471 149 60 cundum
208 2471 134 60 illa.
297 2471 89 60 In
342 2471 149 60 homine
446 2471 119 60 enim
520 2471 208 60 pestilente
684 2471 163 60 propter
803 2471 134 60 praue
892 2471 89 60 se
936 2471 149 60 habere
1040 2471 74 60 &
1070 2471 163 60 praeter
1189 2471 163 60 naturam
1308 2471 208 60 multotiens
1457 2471 163 60 inuenitur

101 2524 154 54 corpus
208 2524 215 54 principari
377 2524 169 54 animae,
500 2524 77 54 &
530 2524 200 54 appetitus
684 2524 215 54 sensitiuus
853 2524 184 54 rationi:
991 2524 92 54 in
1037 2524 154 54 homine
1144 2524 123 54 vero
1221 2524 123 54 bene
1298 2524 200 54 disposito
1436 2524 169 54 contingit

104 2565 235 57 econtrario.
292 2565 94 57 In
339 2565 157 57 homine
449 2565 141 57 autem
543 2565 251 57 simpliciter,
747 2565 141 57 licet
841 2565 188 57 secundum
982 2565 172 57 naturam
1107 2565 204 57 dominatur
1264 2565 94 57 id
1311 2565 125 57 quod
1390 2565 204 57 dominatur
1546 2565 94 57 in

113 2613 152 58 optime
219 2613 212 58 disposito:
386 2613 106 58 non
446 2613 136 58 tamen
537 2613 106 58 hoc
598 2613 152 58 potest
704 2613 136 58 sicut
795 2613 91 58 in
841 2613 121 58 illo
916 2613 197 58 discerni.
1068 2613 167 58 Propter
1189 2613 121 58 quod
1265 2613 227 58 simpliciter
1447 2613 76 58 &
1462 2613 152 58 absolute

113 2657 90 47 in
158 2657 151 47 homine
264 2657 75 47 &
294 2657 181 47 secundum
429 2657 181 47 naturam,
565 2657 241 47 principalius
761 2657 166 47 dicitur
881 2657 120 47 esse
956 2657 136 47 anima
1047 2657 120 47 quam
1122 2657 166 47 corpus:
1243 2657 120 47 quia
1318 2657 181 47 scilicet
1438 2657 166 47 principa-

109 2700 108 64 tur
170 2700 92 64 in
216 2700 154 64 homine
324 2700 123 64 bene
401 2700 200 64 disposito
555 2700 185 64 secundum
693 2700 123 64 hoc,
770 2700 138 64 licet
862 2700 108 64 non
924 2700 231 64 principetur
1108 2700 92 64 in
1155 2700 154 64 homine
1262 2700 108 64 non
1324 2700 123 64 bene
1401 2700 200 64 disposito
1539 2700 77 64 se
