2017 3257
412 285 173 72 cundum
533 285 138 72 hoc.
619 285 86 72 &
653 285 121 72 hoc
722 285 242 72 quodammodo
912 285 259 72 quemadmodum
1119 285 121 72 cum
1188 285 155 72 cibus
1292 285 190 72 dicitur
1430 285 155 72 sanus
1534 285 121 72 per
1603 285 224 72 respectum
1775 285 104 72 ad
1810 285 86 72 sa-

408 352 159 48 nitatem
523 352 116 48 quae
596 352 101 48 est
654 352 87 48 in
697 352 159 48 corpore
813 352 188 48 animalis,
957 352 116 48 quia
1030 352 174 48 scilicet
1160 352 101 48 est
1218 352 246 48 conseruatiuum
1420 352 159 48 illius,
1536 352 116 48 ille
1609 352 130 48 cibus
1695 352 159 48 dicitur
1797 352 101 48 sanus

407 386 225 59 simpliciter
587 386 105 59 qui
647 386 105 59 est
706 386 135 59 sanus
796 386 225 59 simpliciter
976 386 135 59 sano,
1066 386 75 59 &
1096 386 165 59 corpori
1215 386 120 59 bene
1290 386 90 59 se
1335 386 180 59 habenti,
1470 386 105 59 non
1530 386 135 59 autem
1620 386 120 59 ille
1694 386 105 59 qui
1754 386 105 59 est
1799 386 105 59 sanus

407 440 169 50 corpori
530 440 169 50 infirmo
653 440 77 50 &
683 440 123 50 male
760 440 92 50 se
806 440 185 50 habenti.
945 440 77 50 â‹
976 440 92 50 Ad
1022 440 185 50 videndum
1160 440 154 50 igitur
1268 440 123 50 quis
1345 440 108 50 sit
1406 440 261 50 principalior,
1621 440 92 50 an
1667 440 138 50 actus
1744 440 154 50 volunta-

420 475 103 67 tis
479 475 88 67 an
523 475 132 67 actus
611 475 235 67 intellectus,
802 475 73 67 &
831 475 103 67 per
890 475 205 67 consequens
1051 475 132 67 vtrum
1139 475 176 67 voluntas
1271 475 88 67 an
1315 475 235 67 intellectus:
1506 475 161 67 oportet
1623 475 117 67 ambo
1697 475 191 67 respicere
1843 475 88 67 in

408 540 85 41 eo
450 540 113 41 quid
521 540 170 41 secundum
648 540 113 41 ipsa
719 540 99 41 est
775 540 141 41 optime
874 540 198 41 dispositum
1030 540 170 41 secundum
1157 540 170 41 naturam:
1284 540 71 41 &
1312 540 99 41 non
1369 540 85 41 in
1411 540 85 41 eo
1454 540 113 41 quod
1524 540 155 41 deficit
1637 540 85 41 ab
1680 540 113 41 illa
1736 540 170 41 dispositio

407 571 96 54 ne
455 571 176 54 optima.
583 571 144 54 Quare
679 571 112 54 cum
743 571 160 54 optima
855 571 224 54 dispositio
1031 571 224 54 voluntatis
1207 571 80 54 &
1239 571 144 54 actus
1335 571 176 54 volendi
1463 571 112 54 est
1527 571 96 54 in
1575 571 176 54 volendo
1703 571 144 54 summe
1783 571 112 54 bonum

409 615 81 62 &
441 615 162 62 optima
555 615 227 62 dispositio
733 615 243 62 intellectus
928 615 81 62 &
960 615 130 62 eius
1041 615 146 62 actus
1139 615 114 62 est
1203 615 97 62 in
1252 615 259 62 intelligendo
1463 615 146 62 summe
1560 615 162 62 verum.
1674 615 146 62 Bonum
1771 615 130 62 enim
1836 615 81 62 est

410 662 103 60 per
469 662 88 60 se
513 662 192 60 perfectio
661 662 206 60 voluntatis
823 662 74 60 &
852 662 133 60 actus
941 662 133 60 eius:
1029 662 133 60 verum
1118 662 133 60 autem
1206 662 221 60 intellectus
1383 662 74 60 &
1413 662 133 60 actus
1501 662 162 60 ipsius.
1619 662 88 60 In
1663 662 103 60 eis
1722 662 133 60 autem
1811 662 118 60 quae

414 705 123 61 sunt
490 705 107 61 per
552 705 107 61 se,
613 705 200 61 sequitur,
767 705 92 61 si
813 705 230 61 simpliciter
997 705 92 61 ad
1043 705 246 61 simpliciter,
1243 705 77 61 &
1273 705 138 61 magis
1366 705 92 61 ad
1412 705 154 61 magis,
1519 705 77 61 &
1550 705 154 61 maxime
1657 705 92 61 ad
1703 705 169 61 maxime.
1811 705 92 61 Sum-

404 761 98 53 me
453 761 147 53 bonum
550 761 147 53 autem
648 761 81 53 &
681 761 147 53 summe
778 761 147 53 verum
876 761 114 53 est
941 761 212 53 solummodo
1104 761 130 53 ipse
1185 761 130 53 deus
1267 761 130 53 siue
1348 761 130 53 ipsa
1430 761 163 53 diuina
1544 761 212 53 essentia.
1690 761 212 53 Principali-

413 808 141 49 tatem
508 808 126 49 ergo
586 808 141 49 inter
680 808 220 49 voluntatem
853 808 79 49 &
884 808 236 49 intellectum
1073 808 79 49 &
1104 808 157 49 actuum
1214 808 141 49 eorum
1308 808 173 49 debemus
1434 808 204 49 inspicere
1591 808 94 49 in
1638 808 204 49 quocumque
1779 808 126 49 volen-

407 838 91 60 te
452 838 76 60 &
482 838 242 60 intelligente
679 838 181 60 secundum
815 838 121 60 quod
891 838 121 60 vult
966 838 76 60 &
997 838 212 60 intelligit
1163 838 136 60 deum.
1254 838 91 60 In
1299 838 242 60 intelligendo
1496 838 136 60 autem
1586 838 76 60 &
1617 838 166 60 volendo
1738 838 121 60 deum
1798 838 106 60 prin-

407 896 181 52 cipalior
543 896 106 52 est
603 896 196 52 voluntas:
754 896 166 52 quoniam
874 896 90 52 in
919 896 166 52 actione
1040 896 211 52 voluntatis
1206 896 211 52 perficitur
1372 896 181 52 voluntas
1507 896 90 52 in
1552 896 121 52 ipsa
1628 896 106 52 re,
1688 896 90 52 vt
1733 896 121 52 ipsa
1794 896 106 52 habet

414 933 114 60 esse
485 933 86 60 in
528 933 100 60 se:
585 933 86 60 eo
628 933 114 60 quod
699 933 171 60 voluntas
828 933 157 60 actione
942 933 100 60 sua
999 933 200 60 inclinatur
1156 933 86 60 in
1199 933 143 60 ipsam,
1298 933 71 60 &
1327 933 86 60 in
1370 933 86 60 ea
1413 933 200 60 recipitur:
1570 933 100 60 non
1627 933 128 60 autem
1712 933 100 60 eam
1769 933 86 60 in
1812 933 86 60 se
1841 933 71 60 re-

411 987 138 50 cipit.
508 987 83 50 In
549 987 152 50 actione
660 987 110 50 vero
728 987 207 50 intellectus
894 987 193 50 econtrario
1046 987 193 50 perficitur
1197 987 207 50 intellectus
1363 987 110 50 ipsa
1432 987 83 50 re
1473 987 83 50 vt
1515 987 124 50 habet
1598 987 110 50 esse
1666 987 83 50 in
1708 987 110 50 ipso
1763 987 138 50 intelle-

410 1023 105 58 ctu.
475 1023 183 58 Recipiendo
620 1023 105 58 enim
685 1023 79 58 in
724 1023 79 58 se
764 1023 118 58 ipsam
842 1023 92 58 rem
895 1023 210 58 intellectam,
1065 1023 183 58 quodammodo
1209 1023 183 58 perficitur
1354 1023 118 58 ipsa.
1432 1023 118 58 Magis
1511 1023 118 58 autem
1589 1023 183 58 perficitur
1734 1023 157 58 voluntas
1852 1023 79 58 in

410 1069 91 65 deo
462 1069 104 65 actu
527 1069 91 65 suo
579 1069 208 65 transferendo
748 1069 78 65 se
787 1069 78 65 in
825 1069 130 65 ipsum,
916 1069 104 65 quam
981 1069 182 65 recipiendo
1124 1069 117 65 ipsum
1202 1069 78 65 in
1241 1069 91 65 se:
1293 1069 78 65 eo
1332 1069 104 65 quod
1397 1069 208 65 transferendo
1565 1069 78 65 se
1604 1069 78 65 in
1643 1069 104 65 deum
1708 1069 91 65 sub
1760 1069 143 65 ratione
1851 1069 65 65 bo-

414 1116 90 55 ni
459 1116 106 55 per
519 1116 136 55 actum
610 1116 226 55 voluntatis,
791 1116 226 55 conuertitur
972 1116 211 55 quodammodo
1138 1116 90 55 in
1183 1116 151 55 ipsum,
1289 1116 181 55 secundum
1424 1116 121 55 quod
1500 1116 136 55 habet
1590 1116 121 55 esse
1666 1116 90 55 in
1711 1116 166 55 seipso.
1817 1116 90 55 Amor

409 1170 126 53 enim
488 1170 110 53 qui
551 1170 110 53 est
614 1170 142 53 ratio
709 1170 189 53 volendi,
850 1170 110 53 est
913 1170 158 53 virtus
1024 1170 221 53 conuersiua
1197 1170 79 53 &
1229 1170 173 53 vnitiua
1355 1170 252 53 transformans
1559 1170 173 53 amantem
1685 1170 95 53 in
1733 1170 173 53 amatum,
1843 1170 63 53 vt

415 1215 152 60 dictum
521 1215 106 60 est
582 1215 152 60 supra.
688 1215 213 60 Recipiendo
855 1215 137 60 autem
947 1215 91 60 in
992 1215 91 60 se
1038 1215 122 60 deum
1114 1215 106 60 sub
1175 1215 167 60 ratione
1296 1215 122 60 veri
1372 1215 106 60 per
1433 1215 137 60 actum
1524 1215 243 60 intellectus,
1706 1215 198 60 assimilatur

407 1254 199 60 quodammodo
563 1254 214 60 intellectus
734 1254 199 60 intellecto
891 1254 171 60 secundum
1019 1254 114 60 quod
1091 1254 128 60 habet
1176 1254 214 60 intellectum
1347 1254 114 60 esse
1418 1254 85 60 in
1461 1254 114 60 ipso
1532 1254 242 60 intelligente.
1732 1254 157 60 Notitia
1832 1254 85 60 enim

404 1297 118 56 quae
478 1297 103 56 est
537 1297 133 56 ratio
625 1297 251 56 intelligendi,
832 1297 103 56 non
891 1297 103 56 est
950 1297 118 56 nisi
1024 1297 147 56 virtus
1127 1297 251 56 assimilatiua.
1333 1297 133 56 Maius
1422 1297 133 56 autem
1510 1297 74 56 &
1540 1297 177 56 nobilius
1672 1297 103 56 est
1731 1297 177 56 conuerti
1864 1297 88 56 in

407 1342 123 66 deum
484 1342 77 66 &
514 1342 139 66 fieri
607 1342 123 66 vnum
684 1342 216 66 quodammodo
854 1342 108 66 cum
915 1342 139 66 ipso,
1008 1342 185 66 secundum
1146 1342 123 66 quod
1223 1342 139 66 habet
1316 1342 123 66 esse
1393 1342 92 66 in
1439 1342 170 66 seipso:
1563 1342 123 66 quam
1640 1342 216 66 assimilari
1794 1342 123 66 quodam

415 1388 114 60 modo
486 1388 114 60 ipsi
557 1388 170 60 secundum
684 1388 114 60 quod
755 1388 99 60 est
812 1388 85 60 in
855 1388 241 60 intelligente.
1053 1388 156 60 Idcirco
1167 1388 170 60 dicendum
1295 1388 99 60 est
1351 1388 114 60 quod
1422 1388 213 60 simpliciter
1593 1388 85 60 in
1635 1388 156 60 volente
1749 1388 184 60 quocumque
1876 1388 43 60 &

415 1437 239 58 intelligente
609 1437 119 58 deum
684 1437 179 58 nobilior
818 1437 75 58 &
848 1437 239 58 principalior
1042 1437 105 58 est
1102 1437 179 58 voluntas
1236 1437 75 58 &
1266 1437 134 58 actus
1356 1437 164 58 volendi
1475 1437 119 58 quam
1550 1437 224 58 intellectus
1729 1437 75 58 &
1759 1437 134 58 actus
1848 1437 105 58 in-

419 1487 219 59 telligendi.
595 1487 88 59 Et
638 1487 102 59 sic
697 1487 161 59 propter
814 1487 117 59 idem
887 1487 175 59 dicendum
1018 1487 102 59 est
1076 1487 117 59 quod
1149 1487 219 59 simpliciter
1324 1487 73 59 &
1354 1487 175 59 absolute
1485 1487 234 59 principalior
1675 1487 102 59 est
1733 1487 175 59 voluntas
1850 1487 73 59 seu

419 1533 131 52 actus
507 1533 160 52 volendi
623 1533 116 52 quam
696 1533 218 52 intellectus
870 1533 102 52 seu
928 1533 131 52 actus
1015 1533 247 52 intelligendi.
1219 1533 116 52 Vnde
1291 1533 131 52 licet
1378 1533 102 52 cum
1437 1533 116 52 quis
1509 1533 116 52 vult
1582 1533 102 52 aut
1640 1533 203 52 intelligit
1800 1533 131 52 aliud
1872 1533 44 52 a

430 1586 106 45 deo,
496 1586 132 45 maxime
589 1586 106 45 quod
655 1586 159 45 inferius
774 1586 93 45 est
827 1586 212 45 intelligente
999 1586 66 45 &
1026 1586 159 45 volente,
1145 1586 146 45 altior,
1251 1586 225 45 principalior,
1436 1586 66 45 &
1463 1586 185 45 perfectior
1608 1586 93 45 est
1661 1586 199 45 intellectus
1820 1586 106 45 quam
1873 1586 53 45 vo

420 1627 164 52 luntas,
539 1627 119 52 quia
613 1627 164 52 dignior
732 1627 104 52 est
792 1627 89 52 in
836 1627 208 52 intellectu
1000 1627 178 52 cognitio
1134 1627 134 52 rerum
1223 1627 223 52 corporalium
1402 1627 119 52 quam
1476 1627 119 52 amor
1550 1627 149 52 earum:
1654 1627 119 52 quia
1729 1627 178 52 nobilius
1848 1627 74 52 est

417 1663 100 59 eis
474 1663 199 59 assimilari
630 1663 171 59 secundum
758 1663 114 59 esse
829 1663 199 59 spirituale
986 1663 100 59 quo
1043 1663 142 59 habent
1143 1663 114 59 esse
1214 1663 85 59 in
1256 1663 128 59 ipso,
1342 1663 114 59 quam
1413 1663 228 59 transformari
1598 1663 85 59 in
1641 1663 114 59 ipsa
1712 1663 171 59 secundum
1826 1663 85 59 esse

421 1716 105 63 quod
486 1716 131 63 habent
578 1716 79 63 in
618 1716 92 63 se:
670 1716 79 63 eo
710 1716 105 63 quod
775 1716 157 63 nobilius
893 1716 105 63 esse
959 1716 131 63 habent
1051 1716 184 63 inferiora,
1195 1716 157 63 secundum
1313 1716 105 63 quod
1379 1716 131 63 habent
1471 1716 105 63 esse
1536 1716 79 63 in
1576 1716 171 63 superiori
1707 1716 144 63 natura,
1812 1716 105 63 quam
1865 1716 52 63 se

432 1751 136 62 cundum
527 1751 109 62 quod
595 1751 136 62 habent
690 1751 109 62 esse
758 1751 81 62 in
799 1751 95 62 se.
853 1751 149 62 dicente
961 1751 190 62 Augustino.
1111 1751 95 62 ix.
1165 1751 81 62 de
1206 1751 136 62 Trini.
1301 1751 122 62 capi.
1382 1751 122 62 iiii.
1463 1751 122 62 Maior
1545 1751 95 62 est
1599 1751 149 62 notitia
1708 1751 163 62 corporis
1830 1751 109 62 quam

433 1802 136 66 ipsum
524 1802 151 66 corpus
629 1802 121 66 quod
705 1802 166 66 notitia
826 1802 121 66 eius
901 1802 136 66 notum
992 1802 121 66 est.
1067 1802 121 66 Illa
1143 1802 121 66 enim
1218 1802 121 66 vita
1294 1802 166 66 quaedam
1415 1802 106 66 est
1475 1802 91 66 in
1520 1802 166 66 ratione
1641 1802 257 66 cognoscentis:
1837 1802 76 66 cor

430 1847 101 64 pus
487 1847 130 64 autem
574 1847 101 64 non
631 1847 101 64 est
689 1847 130 64 vita.
775 1847 202 64 Econtrario
934 1847 130 64 autem
1020 1847 187 64 superiora
1165 1847 144 64 habent
1265 1847 115 64 esse
1338 1847 173 64 nobilius
1467 1847 86 64 in
1510 1847 86 64 se
1554 1847 115 64 quam
1626 1847 86 64 in
1669 1847 144 64 natura
1755 1847 159 64 inferiori

428 1890 144 62 dicente
533 1890 170 62 Augustino
663 1890 131 62 ibidem
755 1890 144 62 capite.
860 1890 92 62 xi.
912 1890 92 62 Cum
964 1890 105 62 Deum
1030 1890 157 62 nouimus,
1147 1890 144 62 quamuis
1252 1890 157 62 meliores
1370 1890 183 62 efficiamur
1514 1890 105 62 quam
1579 1890 105 62 ante
1644 1890 105 62 quam
1710 1890 196 62 nosceremus,
1867 1890 78 62 il

427 1945 81 57 la
468 1945 149 57 notitia
576 1945 122 57 tamen
658 1945 162 57 inferior
780 1945 108 57 est,
847 1945 108 57 quia
915 1945 81 57 in
956 1945 176 57 inferiore
1091 1945 135 57 natura
1186 1945 108 57 est.
1253 1945 95 57 Hoc
1308 1945 122 57 tamen
1389 1945 95 57 non
1443 1945 135 57 obstat
1538 1945 108 57 quin
1606 1945 203 57 simpliciter
1768 1945 135 57 altior
1849 1945 68 57 sit

426 1983 187 62 voluntas,
570 1983 72 62 &
599 1983 101 62 hoc
656 1983 144 62 maxime
757 1983 173 62 respectu
887 1983 115 62 dei:
959 1983 115 62 quia
1031 1983 130 62 nihil
1118 1983 115 62 vult
1190 1983 130 62 neque
1276 1983 202 62 intelligit
1435 1983 130 62 primo
1522 1983 72 62 &
1550 1983 101 62 per
1608 1983 87 62 se
1651 1983 187 62 obiectiue
1796 1983 115 62 nisi
1853 1983 58 62 se

430 2027 131 72 ipsum:
521 2027 65 72 &
547 2027 104 72 quod
613 2027 104 72 vult
678 2027 65 72 &
704 2027 183 72 intelligit
848 2027 104 72 alia
913 2027 65 72 a
939 2027 91 72 se,
992 2027 91 72 hoc
1044 2027 91 72 non
1096 2027 91 72 est
1148 2027 104 72 nisi
1214 2027 144 72 volendo
1318 2027 65 72 &
1344 2027 209 72 intelligendo
1514 2027 91 72 se,
1566 2027 78 72 vt
1606 2027 118 72 supra
1684 2027 131 72 dictum
1775 2027 91 72 est
1828 2027 78 72 in
1854 2027 65 72 par

428 2082 102 61 te,
487 2082 73 61 &
516 2082 161 61 amplius
633 2082 175 61 inferius
765 2082 248 61 declarabitur.
969 2082 102 61 Nec
1028 2082 146 61 obstat
1130 2082 132 61 etiam
1218 2082 88 61 in
1261 2082 190 61 creaturis
1408 2082 307 61 intellectualibus,
1671 2082 73 61 &
1700 2082 102 61 hoc
1758 2082 161 61 duplici
1861 2082 58 61 de

416 2127 148 61 causa:
520 2127 148 61 quarum
624 2127 133 61 prima
713 2127 104 61 iam
772 2127 133 61 tacta
861 2127 119 61 est:
935 2127 178 61 scilicet
1069 2127 119 61 quia
1143 2127 148 61 volens
1247 2127 74 61 &
1276 2127 222 61 intelligens
1454 2127 89 61 in
1499 2127 163 61 volendo
1617 2127 74 61 &
1647 2127 237 61 intelligendo
1825 2127 89 61 infe

420 2168 139 64 riora
512 2168 108 64 non
574 2168 108 64 est
636 2168 154 64 optime
744 2168 216 64 dispositus
914 2168 185 64 secundum
1053 2168 216 64 voluntatem
1222 2168 77 64 &
1253 2168 247 64 intellectum,
1454 2168 108 64 sed
1516 2168 170 64 deficit
1639 2168 77 64 a
1670 2168 201 64 nobiliori
1809 2168 108 64 dispo

428 2206 160 68 sitione
545 2206 116 68 quae
617 2206 145 68 potest
719 2206 116 68 esse
791 2206 87 68 in
835 2206 116 68 eis,
907 2206 189 68 cuiusmodi
1052 2206 102 68 est
1110 2206 116 68 illa
1183 2206 116 68 quam
1256 2206 145 68 habent
1357 2206 87 68 in
1401 2206 218 68 cognoscendo
1575 2206 131 68 deum.
1662 2206 87 68 Et
1705 2206 116 68 ideo
1778 2206 116 68 esse
1836 2206 87 68 nobi

424 2273 115 48 lius
496 2273 173 48 respectu
625 2273 173 48 illorum,
755 2273 101 48 est
813 2273 115 48 esse
885 2273 173 48 nobilius
1015 2273 173 48 secundum
1144 2273 130 48 quid.
1231 2273 115 48 Esse
1303 2273 130 48 autem
1390 2273 173 48 nobilius
1519 2273 173 48 respectu
1649 2273 101 48 dei
1707 2273 87 48 in
1750 2273 202 48 intelligen

423 2314 88 55 do
467 2314 74 55 &
497 2314 162 55 volendo
614 2314 147 55 ipsum,
717 2314 103 55 est
776 2314 118 55 esse
850 2314 176 55 nobilius
982 2314 235 55 simpliciter.
1173 2314 74 55 &
1203 2314 103 55 hoc
1261 2314 206 55 quodammodo
1423 2314 221 55 quemadmodum
1600 2314 162 55 dicimus
1717 2314 118 55 quod
1791 2314 118 55 homo
1849 2314 74 55 sim

426 2355 180 66 pliciter
561 2355 105 66 est
621 2355 180 66 nobilior
757 2355 135 66 leone
847 2355 180 66 secundum
982 2355 120 66 quod
1058 2355 105 66 est
1118 2355 211 66 rationale.
1283 2355 180 66 secundum
1419 2355 120 66 quid
1494 2355 135 66 autem
1584 2355 105 66 est
1644 2355 211 66 ignobilior
1810 2355 90 66 si
1840 2355 90 66 com-

432 2407 176 52 parentur
564 2407 132 52 inter
652 2407 88 52 se
696 2407 176 52 secundum
827 2407 234 52 fortitudinem
1018 2407 220 52 corporalem:
1193 2407 88 52 eo
1237 2407 117 52 quod
1310 2407 102 52 res
1369 2407 88 52 ab
1413 2407 146 52 optimo
1515 2407 117 52 quod
1588 2407 102 52 est
1647 2407 88 52 in
1691 2407 102 52 ea:
1735 2407 190 52 simpliciter

424 2453 142 49 dicitur
527 2453 155 49 nobilior
643 2453 116 49 alia:
720 2453 155 49 secundum
836 2453 103 49 quid
901 2453 116 49 autem
978 2453 155 49 secundum
1094 2453 116 49 illud
1171 2453 103 49 quod
1236 2453 90 49 est
1287 2453 155 49 deterius
1403 2453 77 49 in
1442 2453 77 49 ea
1480 2453 142 49 dicitur
1583 2453 116 49 minus
1661 2453 142 49 nobilis
1764 2453 155 49 illaph.y
1867 2453 64 49 Aut

424 2495 187 59 secundum
565 2495 140 59 aliud
658 2495 203 59 exemplum,
814 2495 234 59 quemadmodum
1001 2495 203 59 contingit
1157 2495 125 59 quod
1235 2495 93 59 in
1281 2495 156 59 homine
1390 2495 218 59 pernicioso
1562 2495 109 59 aut
1624 2495 125 59 male
1702 2495 203 59 disposito
1858 2495 93 59 ap

432 2537 170 62 petitus
555 2537 231 62 principetur
740 2537 185 62 rationi.
879 2537 123 62 Alia
956 2537 123 62 vero
1033 2537 139 62 causa
1126 2537 123 62 est,
1203 2537 123 62 quia
1280 2537 139 62 bonum
1373 2537 77 62 &
1403 2537 139 62 verum
1496 2537 93 62 in
1542 2537 139 62 aliis
1635 2537 77 62 a
1666 2537 108 62 deo
1727 2537 123 62 sunt
1789 2537 139 62 obiecta

423 2582 235 60 voluntatis
608 2582 84 60 &
642 2582 252 60 intellectus
843 2582 252 60 secundaria,
1045 2582 84 60 &
1078 2582 151 60 quasi
1179 2582 202 60 secundum
1330 2582 151 60 quid:
1431 2582 151 60 bonum
1532 2582 151 60 autem
1633 2582 84 60 &
1666 2582 151 60 verum
1767 2582 134 60 quod
1834 2582 101 60 deus

425 2631 111 54 est,
494 2631 111 54 sunt
564 2631 152 54 obiecta
675 2631 111 54 eius
744 2631 125 54 prima
827 2631 69 54 &
855 2631 222 54 simpliciter.
1035 2631 180 54 Nobilitas
1174 2631 125 54 autem
1257 2631 180 54 veritatis
1395 2631 97 54 non
1451 2631 97 54 est
1506 2631 180 54 iudicanda
1645 2631 208 54 simpliciter
1811 2631 111 54 nisi
1867 2631 55 54 re

417 2680 147 50 spectu
520 2680 118 50 eius
594 2680 118 50 quod
668 2680 103 50 est
727 2680 177 50 obiectum
859 2680 118 50 suum
933 2680 236 50 simpliciter.
1124 2680 177 50 secundum
1257 2680 118 50 quod
1330 2680 118 50 haec
1404 2680 133 50 ratio
1492 2680 133 50 magis
1581 2680 265 50 pertractabatur
1801 2680 88 50 in
1846 2680 118 50 quae

413 2722 148 74 stione
517 2722 192 74 praedicta
665 2722 89 74 de
709 2722 192 74 quolibet.
857 2722 74 74 &
887 2722 133 74 redit
976 2722 118 74 ista
1050 2722 133 74 causa
1138 2722 89 74 in
1183 2722 118 74 idem
1257 2722 104 74 cum
1316 2722 237 74 praecedenti,
1509 2722 89 74 vt
1553 2722 133 74 patet
1642 2722 222 74 inspicienti
1805 2722 118 74 pertra
