2017 3154
135 267 78 76 &
167 267 141 76 eadem
260 267 266 76 propositione.
479 267 109 76 Sed
542 267 219 76 propositio
713 267 203 76 continens
870 267 187 76 exclusum
1010 267 156 76 semper
1120 267 187 76 formatur
1260 267 94 76 in
1307 267 266 76 propositionem
1510 267 94 76 exce

144 336 163 52 ptiuam,
263 336 119 52 puta
337 336 178 52 dicendo,
471 336 104 52 non
530 336 119 52 nisi
604 336 119 52 homo
679 336 163 52 currit,
797 336 148 52 sensus
901 336 119 52 est,
975 336 119 52 homo
1050 336 163 52 currit,
1168 336 74 52 &
1198 336 134 52 nihil
1287 336 134 52 aliud
1376 336 89 52 ab
1421 336 148 52 homine
1510 336 89 52 cur-

131 376 113 62 rit:
201 376 70 62 &
230 376 169 62 continet
356 376 85 62 ly
399 376 113 62 homo
469 376 169 62 inclusum
596 376 169 62 respectu
723 376 211 62 praedicati:
892 376 70 62 &
920 376 70 62 l
948 376 127 62 aliud
1033 376 85 62 ab
1075 376 141 62 homine
1173 376 169 62 exclusum
1300 376 169 62 respectu
1413 376 183 62 praedicati,

130 419 188 45 scilicet
271 419 78 45 a
303 419 204 45 consortio
460 419 172 45 hominis
585 419 94 45 in
632 419 219 45 commutando
804 419 251 45 praedicatum.
1008 419 78 45 &
1040 419 94 45 de
1087 419 141 45 illa,
1181 419 141 45 nihil
1275 419 141 45 aliud
1369 419 94 45 ab
1416 419 157 45 homine
1510 419 94 45 cur-

124 465 120 52 rit,
199 465 181 52 formatur
335 465 135 52 talis
425 465 211 52 exceptiua,
591 465 135 52 nihil
681 465 151 52 currit
786 465 166 52 praeter
907 465 181 52 hominem:
1042 465 120 52 quae
1117 465 181 52 supponit
1253 465 166 52 hominem
1373 465 181 52 currere,
1509 465 75 52 &
1524 465 75 52 ex-

130 514 135 56 cipit
220 514 75 56 a
250 514 194 56 consortio
399 514 90 56 in
444 514 135 56 cursu
534 514 105 56 cum
594 514 150 56 homine
698 514 120 56 omne
773 514 150 56 aliud,
878 514 180 56 dicendo,
1013 514 135 56 nihil
1102 514 135 56 aliud
1192 514 90 56 ab
1237 514 150 56 homine
1342 514 165 56 currit:
1461 514 75 56 &
1491 514 105 56 sic
1536 514 60 56 de

139 553 157 47 caeteris
256 553 91 47 suo
309 553 117 47 modo:
387 553 104 47 siue
452 553 78 47 ex
491 553 117 47 parte
570 553 170 47 subiecti,
700 553 104 47 siue
766 553 78 47 ex
805 553 117 47 parte
883 553 183 47 praedicati
1027 553 117 47 fiant
1105 553 157 47 exceptio
1222 553 65 47 &
1249 553 170 47 exclusio.
1379 553 117 47 Quare
1457 553 91 47 cum
1510 553 78 47 de
1536 553 65 47 eis

133 596 105 60 dem
193 596 90 60 re
238 596 75 60 &
268 596 165 60 officio
388 596 120 60 siue
463 596 90 60 in
508 596 240 60 dictionibus,
703 596 120 60 siue
778 596 90 60 in
823 596 225 60 orationibus
1002 596 150 60 semper
1107 596 120 60 idem
1182 596 105 60 sit
1242 596 195 60 iudicium,
1392 596 105 60 cum
1437 596 150 60 secundum

133 640 217 50 determinata
306 640 87 50 in
350 640 203 50 quaestione
509 640 232 50 praecedenti,
698 640 188 50 dictiones
843 640 203 50 exclusiuae
1002 640 87 50 in
1045 640 159 50 diuinis
1161 640 159 50 possunt
1277 640 174 50 excipere
1408 640 116 50 vnum
1480 640 87 50 ab
1509 640 87 50 alio

135 683 86 65 in
178 683 201 65 praedicato
336 683 173 65 respectu
466 683 187 65 subiecti,
609 683 72 65 &
638 683 201 65 econuerso:
797 683 187 65 similiter
940 683 72 65 &
969 683 187 65 dictiones
1113 683 201 65 exceptiuae
1271 683 158 65 possunt
1387 683 173 65 excipere
1502 683 86 65 vnum

125 730 84 47 ab
167 730 112 47 alio
237 730 84 47 in
279 730 195 47 praedicato
432 730 167 47 respectu
558 730 181 47 subiecti,
697 730 167 47 dicendo,
823 730 140 47 nullus
920 730 98 47 est
976 730 126 47 pater
1060 730 84 47 in
1102 730 153 47 diuinis
1213 730 112 47 nisi
1283 730 181 47 generans,
1423 730 126 47 omnis
1506 730 84 47 in
1534 730 70 47 di-

137 778 127 46 uinis
222 778 156 46 spirat,
335 778 212 46 praeterquam
505 778 170 46 spiritus
632 778 170 46 sanctus,
760 778 99 46 aut
816 778 156 46 praeter
930 778 170 46 spiritum
1057 778 170 46 sanctum.
1184 778 85 46 Et
1227 778 170 46 secundum
1354 778 113 46 quod
1411 778 184 46 diuersimode

143 822 117 56 vera
216 822 102 56 vel
275 822 131 56 falsa
362 822 102 56 est
421 822 190 56 exclusiua
567 822 190 56 masculine
712 822 102 56 vel
771 822 190 56 foeminine
917 822 102 56 aut
975 822 219 56 neutraliter
1150 822 175 56 exposita
1282 822 102 56 quo
1340 822 88 56 ad
1369 822 219 56 propositionem

132 867 216 62 continentem
304 867 187 62 exclusum:
448 867 187 62 similiter
592 867 101 62 est
650 867 216 62 diuersimode
823 867 115 62 vera
895 867 101 62 vel
952 867 130 62 falsa
1039 867 187 62 continens
1183 867 130 62 illud
1269 867 72 62 a
1298 867 101 62 quo
1356 867 202 62 excipitur,
1514 867 101 62 pro

140 909 91 50 ut
185 909 121 50 haec
261 909 152 50 patere
367 909 167 50 possunt
488 909 212 50 conferenti
655 909 91 50 se
701 909 91 50 ad
746 909 182 50 superius
883 909 243 50 determinata.
1080 909 167 50 Propter
1201 909 121 50 quam
1277 909 227 50 identitatem
1459 909 76 50 &
1474 909 121 50 corre-

126 952 231 56 spondentiam
311 952 216 56 officiorum
480 952 200 56 dictionum
634 952 247 56 exceptiuarum
835 952 77 56 &
866 952 262 56 exclusiuarum,
1081 952 77 56 &
1112 952 262 56 difficultatem
1328 952 92 56 ex
1374 952 139 56 illis
1467 952 154 56 contin

128 996 153 52 gentem
235 996 92 52 in
281 996 169 52 diuinis
404 996 322 52 praedicationibus,
680 996 153 52 quidam
787 996 153 52 omnino
895 996 199 52 omiserunt
1048 996 230 52 perscrutari
1232 996 184 52 quicquam
1370 996 92 52 de
1401 996 199 52 dictionibus

137 1041 207 58 exceptiuis
300 1041 89 58 in
344 1041 178 58 diuinis.
478 1041 89 58 Et
522 1041 178 58 secundum
655 1041 104 58 hoc
714 1041 207 58 concedenda
877 1041 104 58 est
936 1041 148 58 vltima
1040 1041 133 58 ratio
1129 1041 104 58 pro
1188 1041 118 58 ista
1262 1041 133 58 parte
1336 1041 148 58 adducta.

164 1099 109 90 Ad
219 1099 182 90 primum
347 1099 109 90 in
401 1099 274 90 contrarium,
620 1099 146 90 quod
711 1099 182 90 dictio
839 1099 237 90 exceptiua
1022 1099 128 90 non
1095 1099 201 90 excipit
1240 1099 146 90 nisi
1332 1099 182 90 partem
1459 1099 91 90 a
1478 1099 109 90 toto

135 1180 96 53 vel
190 1180 191 53 vniuersali
340 1180 96 53 vel
395 1180 191 53 integrali:
545 1180 109 53 Dico
613 1180 109 53 quod
682 1180 123 53 verum
764 1180 109 53 est.
832 1180 82 53 Et
873 1180 109 53 quod
941 1180 191 53 assumitur,
1092 1180 109 53 quod
1160 1180 82 53 in
1201 1180 150 53 diuinis
1310 1180 96 53 non
1365 1180 137 53 potest
1460 1180 109 53 esse
1515 1180 82 53 pars

126 1222 102 50 nec
185 1222 219 50 vniuersalis
360 1222 102 50 nec
418 1222 219 50 integralis:
593 1222 117 50 dico
666 1222 117 50 quod
739 1222 87 50 de
783 1222 190 50 integrali
928 1222 175 50 loquendo
1060 1222 131 50 verum
1147 1222 102 50 est
1205 1222 160 50 stricte
1322 1222 160 50 sumendo
1424 1222 175 50 integrale.

127 1258 139 58 Totum
219 1258 123 58 enim
296 1258 201 58 integrale
451 1258 170 58 stricte
574 1258 185 58 loquendo
713 1258 108 58 non
775 1258 108 58 est
837 1258 123 58 nisi
914 1258 201 58 continens
1068 1258 139 58 plura
1161 1258 185 58 absoluta
1300 1258 232 58 collectione
1470 1258 123 58 numera

137 1309 89 48 ta
182 1309 89 48 in
226 1309 133 48 eodem
315 1309 192 48 composito
463 1309 89 48 ex
507 1309 148 48 illis,
611 1309 178 48 secundum
744 1309 118 48 quod
818 1309 148 48 corpus
922 1309 163 48 hominis
1040 1309 104 48 est
1099 1309 133 48 totum
1188 1309 192 48 integrale
1336 1309 89 48 ad
1381 1309 133 48 caput
1470 1309 74 48 &
1484 1309 104 48 caete

126 1356 93 55 ra
173 1356 155 55 membra
282 1356 171 55 illius,
406 1356 124 55 quae
483 1356 186 55 dicuntur
623 1356 233 55 collectione
809 1356 202 55 numerata,
964 1356 140 55 sicut
1057 1356 124 55 quum
1135 1356 109 55 vno
1197 1356 155 55 nomine
1305 1356 140 55 simul
1398 1356 78 55 &
1429 1356 140 55 semel
1507 1356 93 55 dici

122 1399 108 60 mus
183 1399 155 60 plures
292 1399 201 60 vnitates,
446 1399 108 60 vel
508 1399 108 60 duo
570 1399 108 60 aut
632 1399 139 60 plura
724 1399 124 60 vna,
802 1399 93 60 vt
848 1399 185 60 homines.
987 1399 77 60 &
1018 1399 124 60 haec
1095 1399 155 60 quidem
1204 1399 201 60 numeratio
1358 1399 93 60 ex
1389 1399 201 60 distributis

134 1442 182 55 partibus
270 1442 182 55 constat.
407 1442 136 55 Totum
498 1442 136 55 autem
589 1442 212 55 integrale,
755 1442 182 55 loquendo
892 1442 91 55 de
937 1442 182 55 integro,
1074 1442 106 55 est
1134 1442 197 55 continens
1286 1442 136 55 plura
1377 1442 91 55 de
1422 1442 182 55 absoluto
1544 1442 45 55 &

129 1488 157 58 relato,
243 1488 128 58 quasi
328 1488 214 58 collectione
499 1488 142 58 quadam
599 1488 171 58 numerata
727 1488 85 58 in
770 1488 114 58 illo
841 1488 85 58 vt
884 1488 85 58 in
926 1488 100 58 qua
983 1488 214 58 constituto,
1154 1488 100 58 non
1211 1488 85 58 de
1254 1488 185 58 composito
1397 1488 85 58 de
1439 1488 128 58 illis
1525 1488 100 58 aut

130 1531 92 48 ex
176 1531 199 48 aliquibus
328 1531 183 48 illorum:
466 1531 183 48 secundum
603 1531 122 48 quod
680 1531 137 48 pater
771 1531 107 48 est
832 1531 122 48 quid
909 1531 137 48 totum
1000 1531 92 48 ad
1046 1531 199 48 essentiam
1199 1531 76 48 &
1229 1531 260 48 proprietatem,
1428 1531 168 48 inquantum

133 1577 160 53 essentia
252 1577 93 53 est
306 1577 80 53 in
346 1577 106 53 illo
412 1577 93 53 quo
465 1577 106 53 est,
532 1577 67 53 &
559 1577 93 53 quo
612 1577 93 53 est
665 1577 160 53 aliquid:
785 1577 186 53 proprietas
931 1577 106 53 vero
998 1577 93 53 quo
1051 1577 80 53 ad
1091 1577 146 53 aliquid
1198 1577 106 53 est,
1264 1577 67 53 &
1291 1577 93 53 non
1344 1577 133 53 tantum
1437 1577 133 53 vnica,
1530 1577 93 53 sed

137 1622 153 45 plures,
248 1622 167 45 scilicet
374 1622 265 45 innascibilitas,
597 1622 209 45 paternitas,
764 1622 70 45 &
791 1622 167 45 spiratio
917 1622 153 45 actiua.
1028 1622 153 45 Propter
1140 1622 111 45 quod
1209 1622 181 45 quodlibet
1348 1622 153 45 illorum
1460 1622 111 45 bene
1529 1622 70 45 a
1543 1622 56 45 pa

144 1666 93 61 tre
197 1666 134 61 excipi
291 1666 134 61 potest
384 1666 160 61 respectu
504 1666 160 61 alicuius
624 1666 160 61 subiecti
744 1666 80 61 in
785 1666 227 61 propositione,
971 1666 147 61 tanquam
1078 1666 107 61 pars
1145 1666 187 61 integralis
1292 1666 67 61 a
1319 1666 107 61 toto
1385 1666 187 61 integrali:
1532 1666 93 61 pro

141 1710 83 59 ut
183 1710 97 59 iam
238 1710 166 59 inferius
362 1710 152 59 amplius
473 1710 235 59 declarabitur,
666 1710 124 59 licet
749 1710 97 59 non
804 1710 83 59 vt
846 1710 69 59 a
874 1710 111 59 toto
943 1710 111 59 vere
1012 1710 193 59 vniuersali
1164 1710 97 59 aut
1219 1710 193 59 integrali,
1371 1710 124 59 sicut
1454 1710 97 59 est
1509 1710 83 59 in
1537 1710 55 59 so

134 1748 98 64 lis
190 1748 197 64 creaturis,
345 1748 127 64 prout
429 1748 169 64 procedit
556 1748 183 64 obiectio,
696 1748 70 64 &
724 1748 127 64 bene.
809 1748 169 64 Loquendo
935 1748 112 64 enim
1006 1748 84 64 de
1048 1748 197 64 vniuersali
1202 1748 169 64 proprie,
1329 1748 127 64 verum
1413 1748 98 64 est
1469 1748 112 64 quod
1540 1748 84 64 in

140 1792 149 65 diuinis
249 1792 95 65 non
303 1792 136 65 potest
398 1792 109 65 esse
466 1792 109 65 pars
534 1792 217 65 vniuersalis.
711 1792 190 65 Vniuersale
860 1792 109 65 vero
928 1792 176 65 improprie
1064 1792 163 65 loquendo
1186 1792 81 65 de
1226 1792 204 65 vniuersali,
1389 1792 95 65 est
1444 1792 149 65 commune
1539 1792 54 65 se

137 1846 153 54 cundum
244 1846 122 54 rem,
320 1846 76 54 &
350 1846 107 54 est
411 1846 137 54 forma
503 1846 183 54 pluribus
640 1846 183 54 communis
778 1846 229 54 communitate
961 1846 137 54 vnius
1053 1846 107 54 rei
1114 1846 214 54 singularis
1281 1846 214 54 existentis
1449 1846 92 54 in
1480 1846 122 54 illis,

136 1881 75 60 &
166 1881 120 60 tota
241 1881 90 60 in
286 1881 180 60 quolibet
420 1881 180 60 illorum,
555 1881 105 60 sub
615 1881 180 60 diuersis
749 1881 135 60 tamen
839 1881 209 60 rationibus
1004 1881 150 60 quibus
1108 1881 254 60 distinguuntur
1318 1881 209 60 abinuicem,
1482 1881 105 60 vel
1527 1881 75 60 sal

129 1929 110 59 tem
192 1929 172 59 quomodo
317 1929 266 59 distinguuntur
537 1929 188 59 personae
678 1929 172 59 diuinae
803 1929 219 59 rationibus
975 1929 251 59 notionalibus
1179 1929 251 59 proprietatum
1383 1929 251 59 personalium:

138 1976 105 47 vel
198 1976 180 47 secundum
333 1976 180 47 rationem
467 1976 165 47 tantum,
587 1976 165 47 quomodo
706 1976 254 47 distinguuntur
916 1976 135 47 inter
1006 1976 90 47 se
1051 1976 135 47 omnia
1140 1976 224 47 essentialia
1320 1976 209 47 existentia
1469 1976 120 47 commu-

141 2011 134 62 niter
231 2011 89 62 in
275 2011 149 62 tribus
380 2011 194 62 personis.
529 2011 149 62 Quorum
633 2011 119 62 vnum
708 2011 75 62 &
737 2011 149 62 primum
842 2011 119 62 est:
916 2011 134 62 cuius
1006 2011 134 62 ratio
1095 2011 134 62 etiam
1185 2011 268 62 absolutissima,
1408 2011 194 62 essentia,
1542 2011 45 62 &

137 2063 118 50 quae
211 2063 132 50 cadit
299 2063 103 50 non
358 2063 176 50 descensu
490 2063 103 50 per
549 2063 279 50 determinationem
784 2063 103 50 aut
843 2063 103 50 per
901 2063 279 50 significationem
1136 2063 132 50 suam,
1225 2063 103 50 sed
1283 2063 279 50 significatione,
1504 2063 88 50 sci-

134 2105 135 59 licet
224 2105 105 59 per
284 2105 181 59 virtutis
420 2105 256 59 immensitatem,
630 2105 120 59 quae
706 2105 90 59 in
751 2105 181 59 singulis
886 2105 135 59 eorum
976 2105 120 59 quae
1052 2105 90 59 in
1097 2105 165 59 diuinis
1217 2105 196 59 abinuicem
1352 2105 241 59 distinguuntur,

128 2148 120 54 siue
203 2148 181 54 secundum
339 2148 120 54 rem,
414 2148 120 54 siue
489 2148 181 54 secundum
625 2148 181 54 rationem
760 2148 256 54 essentialiter
971 2148 226 54 praedicatur
1151 2148 90 54 vt
1197 2148 226 54 significata
1377 2148 90 54 in
1422 2148 135 54 illis
1498 2148 105 54 omni-

134 2192 106 50 bus
194 2192 106 50 sub
255 2192 211 50 rationibus
421 2192 211 50 distinctis
587 2192 196 50 eorundem:
738 2192 75 50 &
768 2192 91 50 vt
813 2192 75 50 a
843 2192 106 50 qua
904 2192 196 50 nominatur
1055 2192 196 50 quodlibet
1206 2192 166 50 illorum
1326 2192 75 50 &
1357 2192 166 50 dicitur
1477 2192 106 50 ens
1523 2192 75 50 sim

143 2239 172 47 pliciter.
275 2239 119 47 Pater
355 2239 106 47 enim
421 2239 159 47 essentia
541 2239 159 47 deitatis
660 2239 93 47 est
713 2239 106 47 ens,
779 2239 66 47 &
806 2239 133 47 filius
899 2239 119 47 eadem
978 2239 93 47 est
1031 2239 106 47 ens,
1097 2239 66 47 &
1124 2239 172 47 similiter
1257 2239 159 47 spiritus
1376 2239 159 47 sanctus.
1482 2239 106 47 Simili

128 2287 101 44 ter
185 2287 187 44 quodlibet
329 2287 158 44 aliorum
444 2287 245 44 essentialium,
646 2287 115 44 puta
717 2287 158 44 deitas,
833 2287 173 44 bonitas,
962 2287 173 44 veritas,
1091 2287 72 44 &
1120 2287 129 44 sicde
1207 2287 187 44 singulis,
1350 2287 115 44 quae
1422 2287 72 44 a
1451 2287 115 44 suis
1509 2287 86 44 pro-

134 2329 135 54 priis
224 2329 105 54 vel
284 2329 180 54 dicuntur
419 2329 120 54 esse
494 2329 90 54 ad
539 2329 180 54 aliquid,
674 2329 120 54 puta
749 2329 180 54 personae
885 2329 210 54 rationibus
1050 2329 150 54 suarum
1155 2329 240 54 proprietatum
1350 2329 240 54 relatiuarum,
1530 2329 75 54 vel

135 2374 181 61 dicuntur
271 2374 121 61 esse
346 2374 181 61 aliquid,
482 2374 121 61 puta
558 2374 166 61 deitas,
678 2374 181 61 bonitas,
814 2374 75 61 &
844 2374 166 61 caetera
965 2374 242 61 essentialia.
1161 2374 75 61 a
1191 2374 151 61 quibus
1297 2374 136 61 etiam
1388 2374 151 61 quibus
1478 2374 121 61 insunt

139 2416 76 47 &
169 2416 91 47 de
215 2416 152 47 quibus
321 2416 243 47 praedicantur
518 2416 106 47 non
579 2416 182 47 dicuntur
716 2416 121 47 esse
792 2416 243 47 simpliciter,
989 2416 106 47 sed
1050 2416 121 47 esse
1125 2416 182 47 aliquid,
1262 2416 91 47 vt
1308 2416 137 47 patet
1399 2416 91 47 ex
1444 2416 137 47 supra
1520 2416 76 47 de-

136 2463 189 56 terminatis.
288 2463 76 56 De
326 2463 101 56 tali
389 2463 177 56 vniuersali
527 2463 151 56 loquendo
641 2463 101 56 bene
704 2463 113 56 verum
779 2463 88 56 est
830 2463 101 56 quod
893 2463 76 56 in
931 2463 139 56 diuinis
1032 2463 88 56 non
1082 2463 88 56 est
1132 2463 101 56 pars
1196 2463 252 56 vniversalitatis,
1410 2463 101 56 quia
1473 2463 126 56 deitas
1549 2463 50 56 si

136 2509 79 48 ue
175 2509 157 48 essentia
293 2509 157 48 deitatis
411 2509 131 48 partes
502 2509 92 48 non
555 2509 131 48 habet:
646 2509 92 48 sed
699 2509 92 48 est
751 2509 105 48 tota
817 2509 196 48 significata
974 2509 79 48 in
1013 2509 157 48 singulis
1131 2509 144 48 diuinis
1236 2509 157 48 personis
1353 2509 65 48 &
1380 2509 196 48 attributis.
1524 2509 65 48 Lo-

146 2551 111 60 quendo
224 2551 67 60 de
257 2551 156 60 vniversali
380 2551 134 60 proprie:
480 2551 89 60 illo
536 2551 89 60 modo
591 2551 78 60 est
636 2551 156 60 vniversale
758 2551 78 60 quo
803 2551 134 60 secundum
903 2551 78 60 rem
948 2551 178 60 significatam
1093 2551 156 60 diuersatur
1215 2551 67 60 in
1249 2551 134 60 partibus
1349 2551 89 60 suis
1405 2551 156 60 subiectis:
1527 2551 56 60 &
1538 2551 67 60 sumi

131 2595 99 69 tur
187 2595 211 69 dupliciter:
356 2595 99 69 vno
412 2595 113 69 modo
483 2595 169 69 stricte,
610 2595 113 69 alio
680 2595 113 69 modo
750 2595 141 69 large.
849 2595 155 69 Stricte
961 2595 99 69 non
1018 2595 99 69 est
1074 2595 113 69 nisi
1144 2595 127 69 forma
1229 2595 169 69 pluribus
1356 2595 183 69 communis,
1496 2595 99 69 non
1539 2595 70 69 con
