2017 3186
371 274 174 81 raliter
498 274 222 81 quaecunque
672 274 127 81 sunt
751 274 95 81 in
799 274 206 81 creaturis
957 274 174 81 omnino.
1084 274 127 81 Vnde
1163 274 111 81 nec
1226 274 111 81 sub
1289 274 127 81 ista
1368 274 301 81 distributionem,
1622 274 142 81 Omnia
1717 274 111 81 per
1764 274 111 81 ipsum

380 333 132 63 facta
468 333 132 63 sunt,
557 333 147 63 cadunt
659 333 132 63 omnia
747 333 220 63 factibilia:
924 333 132 63 sicut
1012 333 103 63 nec
1070 333 103 63 sub
1129 333 117 63 illa
1203 333 264 63 distributione:
1423 333 191 63 llluminat
1570 333 132 63 omnem
1658 333 162 63 hominem
1761 333 117 63 venien

371 384 116 48 tem
438 384 99 48 in
487 384 132 48 hunc
570 384 182 48 mundum,
702 384 182 48 loannis
834 384 165 48 primo.
949 384 149 48 etiam
1048 384 99 48 si
1098 384 182 48 diceret
1230 384 198 48 absolute
1379 384 215 48 illuminat
1544 384 149 48 omnem
1643 384 198 48 hominem:
1775 384 99 48 quia

375 428 146 57 nihil
472 428 243 57 illuminatur
666 428 130 57 quod
747 428 113 57 non
812 428 130 57 ipse
893 428 227 57 illuminet:
1071 428 146 57 multi
1168 428 146 57 tamen
1266 428 130 57 sunt
1347 428 211 57 venientes
1509 428 97 57 in
1557 428 130 57 hunc
1638 428 162 57 mundum
1751 428 113 57 qui
1816 428 97 57 ab

392 472 120 56 ipso
467 472 105 56 non
527 472 256 56 illuminantur.
738 472 135 56 Sicut
828 472 105 56 cum
888 472 90 56 in
933 472 180 56 ciuitate
1069 472 105 56 est
1129 472 150 56 vnicus
1234 472 180 56 magister
1370 472 105 56 qui
1430 472 135 56 docet
1520 472 165 56 pueros,
1640 472 165 56 dicitur
1761 472 90 56 de
1791 472 90 56 illo

398 519 102 60 uod
457 519 131 60 docet
544 519 131 60 omnes
632 519 146 60 pueros
734 519 205 60 ciuitatis,
895 519 117 60 quia
968 519 102 60 non
1027 519 102 60 est
1085 519 131 60 alius
1173 519 102 60 qui
1231 519 161 60 doceat.
1348 519 117 60 Vnde
1421 519 131 60 quia,
1509 519 88 60 vt
1553 519 146 60 dictum
1655 519 117 60 est,
1728 519 88 60 ex
1757 519 117 60 natura

390 565 257 56 distributionis
604 565 71 56 &
632 565 200 56 distributi
789 565 114 56 illa
860 565 100 56 est
917 565 214 56 simpliciter
1088 565 143 56 falsa,
1188 565 128 56 omnia
1274 565 100 56 per
1331 565 128 56 ipsum
1416 565 128 56 facta
1502 565 128 56 sunt,
1588 565 71 56 &
1616 565 128 56 illa,
1702 565 185 56 illuminat
1830 565 57 56 o-

387 601 135 66 mnem
471 601 186 66 hominem
606 601 219 66 venientem
775 601 101 66 in
826 601 135 66 hunc
910 601 186 66 mundum:
1045 601 135 66 quia
1130 601 135 66 illa
1214 601 287 66 distributione
1450 601 118 66 non
1518 601 152 66 solum
1602 601 270 66 comprehenditur

383 651 136 59 deus,
473 651 106 59 sed
534 651 136 59 etiam
624 651 136 59 omnis
715 651 196 59 naturalis
866 651 196 59 creatura,
1017 651 121 59 siue
1092 651 136 59 facta
1183 651 121 59 siue
1258 651 151 59 nondum
1364 651 151 59 facta,
1470 651 106 59 sed
1530 651 226 59 factibilis,
1711 651 75 59 &
1741 651 121 59 omne
1802 651 75 59 ens

393 689 225 53 diminutum
566 689 156 53 Ilsta
670 689 156 53 autem
773 689 121 53 non
843 689 156 53 solum
946 689 277 53 comprehendit
1171 689 190 53 hominem
1310 689 225 53 venientem
1483 689 104 53 in
1535 689 138 53 hunc
1621 689 173 53 mundum
1725 689 156 53 illumi-

385 737 157 53 natum,
495 737 110 53 sed
558 737 142 53 etiam
653 737 110 53 non
716 737 252 53 illuminatum.
920 737 94 53 Et
967 737 110 53 sic
1030 737 142 53 licet
1125 737 126 53 deus
1203 737 110 53 non
1266 737 110 53 sit
1329 737 94 53 de
1377 737 157 53 numero
1487 737 157 53 omnium
1597 737 205 53 factorum,
1754 737 110 53 est
1801 737 79 53 ta-

399 782 112 50 men
463 782 96 50 de
511 782 160 50 numero
622 782 160 50 omnium
734 782 207 50 cadentium
894 782 112 50 sub
958 782 271 50 distributione
1181 782 144 50 huius
1277 782 144 50 signi
1372 782 160 50 omnis,
1484 782 191 50 cadentis
1628 782 96 50 vt
1676 782 144 50 super
1755 782 128 50 distri

384 824 158 67 butum,
495 824 142 67 super
590 824 111 67 ens
653 824 174 67 largius
779 824 111 67 vel
842 824 221 67 largissime
1016 824 205 67 acceptum.
1174 824 111 67 Non
1237 824 126 67 dico
1316 824 158 67 numero
1427 824 190 67 vniuoco,
1569 824 142 67 sicut
1664 824 205 67 quaelibet
1806 824 79 67 spe

393 872 134 58 cies
477 872 117 58 est
544 872 101 58 de
594 872 168 58 numero
712 872 151 58 eorum
812 872 134 58 quae
896 872 134 58 sunt
980 872 117 58 sub
1047 872 184 58 genere,
1181 872 117 58 aut
1248 872 235 58 indiuiduum
1432 872 218 58 quodlibet
1600 872 101 58 de
1650 872 168 58 numero
1751 872 134 58 omnium

399 912 121 67 quae
474 912 121 67 sunt
550 912 106 67 sub
610 912 136 67 eadem
701 912 166 67 specie.
852 912 91 67 Ex
897 912 151 67 quibus
1003 912 136 67 patet
1093 912 136 67 quale
1184 912 181 67 officium
1320 912 272 67 distributionis
1546 912 166 67 habeant
1667 912 91 67 in
1712 912 166 67 diuinis
1818 912 75 67 si-

404 965 106 56 pna
464 965 242 56 distributiua
661 965 136 56 totus
752 965 76 56 &
782 965 151 56 omnis.
888 965 106 56 Nec
949 965 166 56 oportet
1070 965 136 56 super
1161 965 106 56 hoc
1221 965 136 56 fieri
1312 965 197 56 specialem
1463 965 242 56 quaestionem:
1660 965 136 56 vtrum
1736 965 151 56 scilicet

402 1011 86 52 in
445 1011 158 52 diuinis
560 1011 144 52 possit
660 1011 115 52 esse
732 1011 244 52 distribuibile
933 1011 100 52 per
990 1011 144 52 signum
1091 1011 258 52 distributiuum.
1306 1011 86 52 Ad
1349 1011 129 52 cuius
1435 1011 215 52 intellectum
1608 1011 201 52 clariorem,
1766 1011 86 52 ex
1794 1011 72 52 pra

400 1057 143 55 missis
500 1057 200 55 aduertenda
657 1057 100 55 est
714 1057 100 55 vna
771 1057 200 55 distinctio
928 1057 186 55 generalis
1071 1057 86 55 de
1113 1057 114 55 tali
1185 1057 243 55 distribuibili
1384 1057 86 55 in
1427 1057 143 55 partes
1527 1057 100 55 vel
1584 1057 86 55 in
1627 1057 128 55 quasi
1713 1057 157 55 partes:
1813 1057 71 55 vi-

398 1093 168 48 delicet
520 1093 122 48 quod
596 1093 107 48 est
657 1093 168 48 quoddam
779 1093 137 48 totum
870 1093 213 48 integrale,
1037 1093 168 48 quoddam
1159 1093 122 48 vero
1235 1093 228 48 vniuersale.
1418 1093 91 48 Et
1464 1093 198 48 integrale
1616 1093 168 48 sumitur
1723 1093 152 48 duplici-

397 1139 115 70 ter:
469 1139 173 70 stricte,
598 1139 115 70 quod
670 1139 101 70 non
728 1139 101 70 est
785 1139 115 70 nisi
857 1139 86 70 in
900 1139 187 70 creaturis
1044 1139 201 70 habentibus
1203 1139 144 70 partes
1303 1139 173 70 absolute
1433 1139 230 70 differentes:
1620 1139 72 70 &
1649 1139 144 70 large,
1749 1139 115 70 quod
1807 1139 72 70 non

398 1185 106 48 est
458 1185 91 48 in
504 1185 182 48 diuinis,
640 1185 121 48 nisi
716 1185 91 48 in
761 1185 182 48 personis
897 1185 182 48 singulis
1034 1185 212 48 habentibus
1200 1185 136 48 quasi
1291 1185 151 48 partes
1397 1185 151 48 quibus
1503 1185 257 48 instituuntur,
1700 1185 166 48 absolutum

408 1227 115 70 quod
480 1227 101 70 est
537 1227 188 70 essentia,
682 1227 72 70 &
711 1227 216 70 relationem,
884 1227 115 70 quae
956 1227 101 70 est
1013 1227 245 70 proprietates.
1215 1227 72 70 &
1244 1227 159 70 vtroque
1360 1227 115 70 modo
1432 1227 101 70 est
1490 1227 245 70 distribuibile
1691 1227 130 70 signo
1764 1227 115 70 vniuer

388 1271 127 58 sali
467 1271 158 58 totius
578 1271 190 58 integri:
720 1271 79 58 &
752 1271 158 58 potest
863 1271 142 58 fieri
958 1271 190 58 exceptio
1100 1271 95 58 ab
1147 1271 127 58 ipso
1226 1271 190 58 secundum
1369 1271 142 58 modum
1464 1271 285 58 praeexpositum.
1701 1271 142 58 Totum
1780 1271 95 58 vni-

395 1317 163 52 uersale
514 1317 133 52 etiam
603 1317 208 52 dupliciter
766 1317 119 52 est,
840 1317 178 52 scilicet
973 1317 193 52 improprie
1122 1317 74 52 &
1151 1317 178 52 proprie.
1285 1317 208 52 Improprie,
1448 1317 89 52 vt
1492 1317 104 52 est
1552 1317 148 52 deitas
1656 1317 104 52 vel
1700 1317 178 52 caeterorum

399 1366 213 45 quodcunque
566 1366 243 45 substantiale
764 1366 106 45 aut
825 1366 228 45 denominatum
1007 1366 91 45 ab
1053 1366 122 45 illo
1129 1366 243 45 nominaliter,
1326 1366 122 45 puta
1403 1366 76 45 a
1433 1366 167 45 deitate
1555 1366 137 45 deus,
1646 1366 76 45 a
1676 1366 183 45 bonitate
1798 1366 76 45 bo-

393 1407 125 50 nus,
471 1407 78 50 &
503 1407 109 50 sic
565 1407 94 50 de
612 1407 203 50 caeteris.
768 1407 109 50 Cui
830 1407 156 50 quidem
939 1407 218 50 vniuersali
1111 1407 109 50 non
1173 1407 156 50 potest
1282 1407 125 50 addi
1360 1407 156 50 signum
1470 1407 265 50 distributiuum
1672 1407 203 50 vniuersalis

393 1450 90 64 in
438 1450 180 64 diuinis,
573 1450 165 64 dicendo
694 1450 135 64 omnis
784 1450 135 64 deus,
874 1450 105 64 vel
934 1450 135 64 omnis
1024 1450 195 64 aeternus,
1175 1450 90 64 vt
1220 1450 150 64 dictum
1325 1450 120 64 est:
1400 1450 75 64 &
1430 1450 105 64 hoc
1490 1450 90 64 ea
1535 1450 165 64 ratione
1656 1450 105 64 qua
1716 1450 120 64 tres
1776 1450 105 64 perso

398 1496 102 61 nae
457 1496 102 61 non
515 1496 160 61 possunt
631 1496 116 61 dici
703 1496 145 61 plures
805 1496 160 61 aeterni
921 1496 102 61 vel
979 1496 145 61 plures
1081 1496 116 61 dii:
1153 1496 73 61 &
1182 1496 131 61 etiam
1269 1496 102 61 qua
1327 1496 131 61 nihil
1415 1496 232 61 significatum
1603 1496 160 61 nomine,
1719 1496 116 61 nisi
1777 1496 102 61 verba

401 1540 127 49 liter
486 1540 99 49 sit
542 1540 226 49 significatum
726 1540 99 49 aut
783 1540 283 49 participialiter,
1024 1540 85 49 ac
1066 1540 71 49 a
1094 1540 127 49 verbo
1179 1540 198 49 deriuatum,
1335 1540 142 49 potest
1434 1540 113 49 dici
1505 1540 212 49 pluraliter,
1675 1540 170 49 secundum
1788 1540 85 49 supe

390 1583 124 56 rius
467 1583 155 56 tacta.
575 1583 124 56 Vnde
653 1583 124 56 huic
730 1583 155 56 nomini
839 1583 186 56 persona,
978 1583 124 56 quia
1055 1583 217 56 significat
1226 1583 170 56 commune
1350 1583 186 56 secundae
1489 1583 248 56 intentionis,
1690 1583 124 56 bene
1752 1583 124 56 potest

397 1634 119 43 addi
471 1634 148 43 signum
575 1634 252 43 distributiuum
783 1634 148 43 totius
887 1634 237 43 vniuersalis,
1079 1634 163 43 dicendo
1198 1634 89 43 in
1242 1634 178 43 diuinis:
1376 1634 133 43 omnis
1465 1634 178 43 persona:
1598 1634 74 43 &
1628 1634 148 43 potest
1732 1634 133 43 fieri
1806 1634 74 43 ex-

395 1673 148 55 ceptio
499 1673 89 55 ab
543 1673 119 55 ipso
618 1673 178 55 dicendo,
751 1673 133 55 nulla
840 1673 163 55 persona
959 1673 163 55 generat
1077 1673 163 55 praeter
1196 1673 163 55 patrem:
1315 1673 133 55 omnis
1403 1673 163 55 persona
1522 1673 148 55 spirat
1626 1673 163 55 praeter
1730 1673 148 55 spiritum

392 1713 185 70 sanctum.
530 1713 216 70 Vniuersale
700 1713 139 70 autem
792 1713 170 70 proprie
916 1713 108 70 est
977 1713 170 70 aliquid
1100 1713 231 70 dupliciter,
1285 1713 185 70 scilicet
1424 1713 170 70 stricte
1547 1713 77 70 &
1578 1713 154 70 large.
1686 1713 154 70 Large,
1779 1713 92 70 immo

391 1761 219 50 largissime,
567 1761 102 50 est
625 1761 88 50 in
669 1761 161 50 diuinis
786 1761 219 50 vniuersale,
961 1761 102 50 ens
1019 1761 146 50 dictum
1122 1761 88 50 ab
1165 1761 190 50 essentia,
1311 1761 73 50 &
1341 1761 248 50 vniuersaliter
1545 1761 117 50 omne
1618 1761 88 50 in
1662 1761 161 50 diuinis
1764 1761 117 50 verba-

394 1802 131 69 liter
482 1802 102 69 aut
540 1802 277 69 participialiter
774 1802 248 69 significatum,
978 1802 204 69 conueniens
1139 1802 175 69 pluribus
1270 1802 190 69 personis.
1416 1802 88 69 Et
1460 1802 161 69 possunt
1577 1802 190 69 distribui
1723 1802 131 69 signo
1796 1802 73 69 vni

406 1846 176 64 uersali,
538 1846 176 64 dicendo,
671 1846 117 64 omne
744 1846 103 64 ens
803 1846 176 64 diuinum,
935 1846 132 64 omnis
1023 1846 176 64 creator,
1155 1846 132 64 omnis
1243 1846 235 64 intelligens,
1434 1846 132 64 omnis
1523 1846 162 64 volens.
1640 1846 88 64 Et
1684 1846 147 64 potest
1772 1846 103 64 etiam

401 1894 76 62 a
431 1894 121 62 tali
507 1894 212 62 vniuersali
673 1894 136 62 fieri
764 1894 181 62 exceptio
900 1894 181 62 secundum
1036 1894 136 62 modum
1126 1894 136 62 supra
1217 1894 196 62 signatum.
1368 1894 91 62 Et
1413 1894 106 62 est
1474 1894 91 62 in
1519 1894 106 62 sic
1580 1894 212 62 vniuersali
1746 1894 136 62 multo
1822 1894 60 62 ve

392 1944 118 48 rior
466 1944 74 48 &
495 1944 206 48 perfectior
657 1944 206 48 vniuocatio
819 1944 132 48 eorum
907 1944 118 48 quae
981 1944 132 48 quasi
1069 1944 147 48 partes
1172 1944 221 48 subiectiuas
1348 1944 191 48 continet,
1496 1944 118 48 quam
1569 1944 103 48 sit
1628 1944 235 48 indiuiduorum
1819 1944 88 48 in

400 1984 181 66 creaturis
539 1984 97 66 sub
595 1984 125 66 eadem
678 1984 153 66 specie.
789 1984 125 66 Latet
873 1984 111 66 enim
942 1984 83 66 in
984 1984 139 66 specie
1081 1984 236 66 specialissima
1276 1984 70 66 &
1304 1984 83 66 in
1346 1984 153 66 vnitate
1457 1984 97 66 rei
1512 1984 83 66 vt
1554 1984 209 66 significata
1721 1984 97 66 est
1777 1984 97 66 per
1818 1984 56 66 il

396 2024 111 67 lam,
466 2024 125 67 multo
549 2024 125 67 maior
633 2024 195 67 aequocatio
786 2024 167 67 respectu
911 2024 111 67 eius
980 2024 111 67 quid
1050 2024 97 67 sic
1106 2024 97 67 est
1161 2024 195 67 vniuersale
1314 2024 83 67 in
1356 2024 111 67 deo,
1426 2024 70 67 &
1454 2024 167 67 vnitatis
1579 2024 97 67 rei
1634 2024 223 67 significatae
1801 2024 70 67 per

409 2070 133 62 illud:
502 2070 106 62 quam
568 2070 119 62 latet
647 2070 80 62 in
687 2070 133 62 genere
780 2070 66 62 &
806 2070 80 62 in
846 2070 146 62 vnitate
952 2070 93 62 rei
1005 2070 212 62 significatae
1178 2070 93 62 per
1231 2070 119 62 illud
1310 2070 159 62 respectu
1429 2070 146 62 speciei
1535 2070 252 62 specialissimae,
1747 2070 66 62 &
1774 2070 93 62 rei
1814 2070 66 62 si-

404 2122 213 57 gnificatae
571 2122 107 57 per
632 2122 152 57 illam.
739 2122 122 57 Quia
815 2122 137 57 dicto
907 2122 122 57 modo
983 2122 213 57 vniuersale
1151 2122 91 57 in
1196 2122 107 57 deo
1257 2122 213 57 significat
1425 2122 122 57 vnam
1501 2122 107 57 rem
1562 2122 213 57 existentem
1714 2122 168 57 contentam

406 2169 93 50 in
452 2169 139 50 quasi
545 2169 201 50 pluribus,
699 2169 216 50 subiectam,
869 2169 108 50 non
931 2169 263 50 plurificatam.
1147 2169 170 50 Species
1271 2169 139 50 autem
1364 2169 216 50 significat
1534 2169 124 50 vnam
1611 2169 108 50 rem
1658 2169 216 50 plurificatam

396 2207 86 57 in
439 2207 172 57 pluribus
568 2207 101 57 sub
625 2207 86 57 se
669 2207 201 57 contentis,
827 2207 129 57 licet
913 2207 144 57 absque
1013 2207 144 57 addito
1114 2207 158 57 diuerso
1229 2207 86 57 re
1272 2207 172 57 hincinde
1401 2207 129 57 sicut
1487 2207 158 57 additur
1602 2207 86 57 in
1645 2207 172 57 diuersis
1760 2207 115 57 specie

391 2246 108 66 bus
452 2246 200 66 contentis
606 2246 108 66 sub
667 2246 138 66 eodem
759 2246 169 66 genere.
882 2246 169 66 Propter
1005 2246 123 66 quod
1082 2246 246 66 aequiuocatio
1281 2246 138 66 latet
1374 2246 92 66 in
1420 2246 154 66 genere
1527 2246 123 66 quae
1604 2246 108 66 non
1665 2246 138 66 latet
1757 2246 92 66 in
1788 2246 77 66 spe

394 2292 110 70 ci.
457 2292 126 70 Quod
536 2292 157 70 quidem
645 2292 141 70 nomen
739 2292 110 70 ens
802 2292 188 70 rationem
943 2292 235 70 vniuersalis
1132 2292 157 70 habet,
1241 2292 141 70 licet
1336 2292 110 70 non
1398 2292 110 70 hoc
1461 2292 141 70 nomen
1555 2292 141 70 deus,
1649 2292 126 70 quia
1712 2292 157 70 signifi-

408 2344 103 56 cat
467 2344 103 56 per
526 2344 132 56 modum
614 2344 147 56 actus.
717 2344 88 56 Et
761 2344 118 56 ideo
835 2344 132 56 sicut
923 2344 118 56 illa
996 2344 118 56 quae
1070 2344 88 56 in
1114 2344 162 56 diuinis
1231 2344 220 56 significant
1408 2344 103 56 per
1466 2344 132 56 modum
1555 2344 132 56 actus
1643 2344 162 56 secundi
1760 2344 103 56 qui
1805 2344 73 56 est

396 2392 140 56 agere,
494 2392 84 56 vt
536 2392 112 56 sunt
606 2392 126 56 omnia
691 2392 267 56 participialiter
915 2392 253 56 significantia,
1125 2392 126 56 sicut
1210 2392 224 56 intelligens,
1392 2392 154 56 volens,
1504 2392 154 56 creans,
1616 2392 154 56 possunt
1715 2392 154 56 distribui

412 2436 104 53 pro
472 2436 178 53 personis
605 2436 149 53 quarum
709 2436 104 53 est
769 2436 149 53 agere:
873 2436 104 53 sic
932 2436 104 53 hoc
992 2436 223 53 participium
1170 2436 104 53 ens
1230 2436 223 53 significans
1408 2436 104 53 per
1468 2436 134 53 modum
1557 2436 134 53 actus
1646 2436 149 53 primi,
1750 2436 104 53 qui
1795 2436 74 53 est

396 2480 131 54 esse,
484 2480 145 54 potest
585 2480 218 54 distribuere
760 2480 218 54 generaliter
934 2480 102 54 pro
992 2480 160 54 omnibus
1108 2480 116 54 quae
1181 2480 116 54 sunt
1253 2480 87 54 in
1297 2480 174 54 diuinis,
1428 2480 116 54 quia
1500 2480 116 54 esse
1573 2480 102 54 est
1631 2480 145 54 omnium
1733 2480 174 54 illorum.

406 2515 103 69 Sed
465 2515 192 69 inquantum
613 2515 103 69 sit
672 2515 221 69 distributio
848 2515 103 69 sub
907 2515 118 69 ente
981 2515 103 69 pro
1040 2515 192 69 personis,
1187 2515 133 69 debet
1276 2515 147 69 exponi
1379 2515 103 69 ens
1438 2515 103 69 per
1497 2515 103 69 qui
1556 2515 118 69 est,
1629 2515 206 69 masculine:
1792 2515 118 69 quan

408 2562 89 59 do
453 2562 119 59 vero
527 2562 104 59 sit
586 2562 223 59 distributio
765 2562 104 59 pro
824 2562 267 59 essentialibus,
1047 2562 134 59 debet
1136 2562 149 59 exponi
1240 2562 104 59 per
1300 2562 119 59 quod
1374 2562 119 59 est,
1448 2562 238 59 neutraliter.
1641 2562 89 59 Et
1686 2562 178 59 secundum
1805 2562 74 59 hoc

385 2607 141 81 solum
480 2607 189 81 variatur
621 2607 236 81 distributio
810 2607 110 81 pro
872 2607 189 81 personis
1014 2607 79 81 &
1045 2607 110 81 pro
1108 2607 267 81 essentialibus
1328 2607 94 81 in
1375 2607 189 81 diuinis.
1517 2607 173 81 Stricte
1642 2607 141 81 autem
1737 2607 173 81 sumendo
