2017 3157
114 271 176 74 cationem
246 271 117 74 eius
320 271 103 74 ibi
378 271 176 74 habitam.
511 271 103 74 Sic
569 271 117 74 ergo
643 271 220 74 principalis
819 271 132 74 causa
907 271 117 74 siue
980 271 132 74 ratio
1068 271 132 74 quare
1156 271 161 74 bonitas
1274 271 132 74 debet
1362 271 117 74 dici
1420 271 191 74 simpliciter

117 344 211 58 principalior
288 344 158 58 potentia
406 344 105 58 quam
472 344 211 58 intellectus,
643 344 66 58 &
670 344 118 58 actus
749 344 132 58 illius
841 344 211 58 principalior
1012 344 105 58 quam
1078 344 118 58 actus
1157 344 211 58 intellectus,
1328 344 92 58 est
1380 344 105 58 illa
1446 344 105 58 quae
1512 344 92 58 iam
1551 344 53 58 di

123 389 101 56 cta
180 389 116 56 est.
253 389 145 56 Siquae
354 389 130 56 autem
441 389 130 56 aliae
527 389 145 56 causae
628 389 217 56 assignantur
802 389 188 56 huiusmodi
947 389 101 56 vel
1004 389 87 56 ex
1048 389 130 56 parte
1134 389 202 56 potentiae,
1293 389 101 56 vel
1351 389 87 56 ex
1395 389 130 56 parte
1467 389 130 56 habitus

123 429 102 67 vel
182 429 131 67 actus
269 429 102 67 vel
327 429 174 67 obiecti,
458 429 174 67 secundum
588 429 116 67 quod
661 429 160 67 quasdam
777 429 160 67 illarum
893 429 189 67 tetigimus
1039 429 87 67 in
1082 429 203 67 quaestione
1242 429 189 67 nominata,
1387 429 131 67 illae
1474 429 116 67 sunt
1532 429 73 67 se-

125 466 198 59 cundariae
277 466 76 59 &
308 466 198 59 sequentes
461 466 92 59 ex
491 466 107 59 ista.

129 552 89 59 ⁋
165 552 107 59 Ad
218 552 178 59 primum
343 552 107 59 in
397 552 250 59 oppositum:
593 552 143 59 quod
682 552 321 59 intellectualis
950 552 178 59 natura
1075 552 107 59 in
1128 552 143 59 actu
1217 552 196 59 volendi
1360 552 214 59 conuenit
1503 552 89 59 quo

122 596 170 56 dammodo
245 596 108 56 cum
307 596 201 56 inferiori
461 596 170 56 natura,
585 596 108 56 non
647 596 108 56 sic
709 596 139 56 autem
801 596 93 56 in
848 596 124 56 actu
925 596 263 56 intelligendi:
1141 596 185 56 Dicendum
1280 596 124 56 quod
1357 596 108 56 hoc
1419 596 108 56 non
1481 596 108 56 est
1527 596 62 56 ra

120 643 106 50 tio
180 643 136 50 quare
271 643 136 50 illud
362 643 91 50 in
407 643 106 50 quo
467 643 181 50 conuenit
603 643 106 50 cum
664 643 196 50 inferiore
815 643 166 50 natura,
935 643 166 50 dicatur
1056 643 136 50 minus
1147 643 227 50 principale,
1328 643 121 50 nisi
1404 643 181 50 secundum
1524 643 76 50 eun

130 687 115 51 dem
195 687 164 51 gradum
310 687 181 51 naturae
441 687 197 51 conuenit
589 687 213 51 superiori
753 687 82 51 &
786 687 230 51 inferiori:
967 687 246 51 quemadmodum
1164 687 213 51 sensibile
1328 687 197 51 conuenit
1476 687 164 51 quodam

125 731 126 51 modo
204 731 158 51 homini
315 731 79 51 &
346 731 158 51 bruto.
457 731 126 51 Nunc
536 731 142 51 autem
630 731 205 51 appetitus
788 731 221 51 voluntatis
962 731 110 51 cum
1025 731 189 51 importat
1167 731 189 51 rationem
1309 731 237 51 libertatis,
1483 731 110 51 multo

130 773 190 50 superioris
279 773 135 50 gradus
374 773 149 50 naturae
483 773 95 50 est
537 773 108 50 quam
604 773 95 50 sit
659 773 176 50 appetitus
794 773 135 50 bruti,
889 773 81 50 vt
929 773 122 50 supra
1011 773 135 50 dictum
1105 773 108 50 est.
1173 773 68 50 ⁋
1200 773 81 50 Ad
1241 773 176 50 secundum,
1376 773 108 50 quod
1444 773 122 50 actio
1525 773 95 50 in-

122 822 189 48 tellectus
268 822 203 48 simplicior
427 822 102 48 est
485 822 73 48 &
514 822 131 48 magis
601 822 203 48 abstracta,
761 822 116 48 quia
833 822 102 48 est
891 822 87 48 de
935 822 218 48 simpliciori
1109 822 73 48 &
1138 822 131 48 magis
1225 822 203 48 abstracto:
1384 822 174 48 Dicendum
1515 822 116 48 quod

120 866 198 46 abstractio
276 866 99 46 non
332 866 99 46 est
389 866 128 46 vnius
474 866 71 46 &
503 866 156 46 eiusdem
616 866 71 46 a
644 866 156 46 seipso,
758 866 99 46 sed
814 866 213 46 differentis
984 866 71 46 a
1013 866 213 46 differenti:
1183 866 85 46 vt
1225 866 170 46 oporteat
1353 866 170 46 differre
1466 866 128 46 abstra-

123 909 122 54 ctum
199 909 91 54 ab
245 909 91 54 eo
290 909 76 54 a
321 909 107 54 quo
382 909 244 54 abstrahitur.
579 909 91 54 Et
625 909 183 54 secundum
762 909 107 54 hoc
823 909 122 54 sunt
899 909 167 54 diuersi
1021 909 122 54 modi
1097 909 274 54 abstractionis,
1325 909 76 54 &
1356 909 167 54 diuersa
1462 909 137 54 diuersi

119 961 121 48 mode
194 961 121 48 sunt
270 961 212 48 abstracta.
436 961 106 48 Est
497 961 121 48 enim
572 961 166 48 quaedam
693 961 212 48 abstractio
859 961 151 48 realis
965 961 136 48 vnius
1056 961 91 48 ab
1101 961 121 48 alio
1177 961 76 48 a
1207 961 106 48 quo
1268 961 151 48 omnino
1373 961 166 48 differt
1494 961 76 48 &
1524 961 91 48 re
1555 961 45 48 &

124 999 175 51 subiecto:
258 999 162 51 qualiter
380 999 135 51 formae
474 999 175 51 separatae
609 999 81 51 vt
649 999 243 51 intelligentiae
852 999 162 51 dicuntur
973 999 108 51 esse
1040 999 202 51 abstractae,
1202 999 108 51 quia
1269 999 108 51 sunt
1337 999 135 51 formae
1431 999 81 51 re
1458 999 135 51 differen

119 1044 105 49 tes
179 1044 75 49 a
209 1044 179 49 materia,
343 1044 75 49 a
373 1044 105 49 qua
433 1044 179 49 realiter
568 1044 120 49 sunt
642 1044 224 49 abstractae,
822 1044 120 49 quia
896 1044 105 49 non
956 1044 149 49 habent
1061 1044 179 49 materiam
1195 1044 149 49 partem
1300 1044 120 49 sui,
1375 1044 105 49 nec
1435 1044 149 49 cadunt
1539 1044 90 49 in

126 1090 249 47 compositionem
331 1090 176 47 alicuius
463 1090 146 47 tertii
566 1090 102 47 cum
624 1090 176 47 materia.
756 1090 102 47 Est
814 1090 132 47 autem
902 1090 117 47 alia
975 1090 205 47 abstractio
1137 1090 176 47 rationis
1268 1090 117 47 siue
1341 1090 220 47 rationalis,
1517 1090 73 47 &
1532 1090 73 47 hoc

124 1135 104 50 per
183 1135 178 50 rationem
317 1135 74 50 &
346 1135 237 50 intellectum,
539 1135 119 50 quae
613 1135 104 50 est
672 1135 133 50 vnius
761 1135 89 50 ab
806 1135 119 50 alio
880 1135 104 50 cum
939 1135 104 50 quo
998 1135 104 50 est
1058 1135 119 50 idem
1132 1135 89 50 ad
1176 1135 133 50 minus
1265 1135 193 50 subiecto.
1413 1135 89 50 Et
1458 1135 104 50 est
1502 1135 89 50 tri-

126 1182 137 51 plex,
217 1182 183 51 secundum
354 1182 122 51 quod
430 1182 122 51 sunt
506 1182 167 51 quaedam
628 1182 122 51 idem
704 1182 198 51 subiecto,
856 1182 76 51 &
887 1182 198 51 differunt
1039 1182 107 51 re,
1100 1182 167 51 quaedam
1222 1182 122 51 vero
1298 1182 152 51 tantum
1404 1182 228 51 intentione,

119 1221 166 52 quaedam
239 1221 120 52 vero
315 1221 151 52 tantum
420 1221 181 52 ratione.
555 1221 135 52 Primo
646 1221 120 52 modo
721 1221 105 52 est
781 1221 211 52 abstractio
947 1221 151 52 formae
1052 1221 211 52 materialis
1218 1221 75 52 a
1248 1221 166 52 materia
1368 1221 90 52 in
1413 1221 105 52 qua
1474 1221 120 52 est.
1534 1221 60 52 Se

126 1266 130 52 cundo
212 1266 116 52 modo
285 1266 101 52 est
343 1266 203 52 abstractio
502 1266 217 52 vniuersalis
675 1266 72 52 a
704 1266 232 52 particulari.
892 1266 145 52 Tertio
994 1266 116 52 modo
1066 1266 101 52 est
1124 1266 203 52 abstractio
1283 1266 116 52 veri
1355 1266 72 52 a
1384 1266 159 52 ratione
1486 1266 101 52 boni.

125 1310 141 55 Primo
219 1310 172 55 istorum
344 1310 141 55 trium
438 1310 172 55 modorum
563 1310 141 55 adhuc
656 1310 109 55 est
719 1310 156 55 duplex
828 1310 234 55 abstractio,
1015 1310 187 55 secundum
1156 1310 125 55 quod
1234 1310 141 55 forma
1328 1310 219 55 dupliciter
1484 1310 109 55 habet

123 1356 117 51 esse
197 1356 88 51 in
240 1356 161 51 materia
358 1356 73 51 a
387 1356 102 51 qua
445 1356 234 51 abstrahitur.
636 1356 161 51 Quaedam
753 1356 117 51 enim
826 1356 132 51 forma
914 1356 132 51 habet
1002 1356 117 51 esse
1075 1356 88 51 in
1119 1356 176 51 materia,
1251 1356 88 51 vt
1295 1356 102 51 cui
1353 1356 102 51 dat
1412 1356 132 51 esse:
1500 1356 88 51 vt
1529 1356 73 51 for

122 1403 86 47 ma
165 1403 259 47 substantialis,
380 1403 115 47 quae
452 1403 101 47 cum
510 1403 158 47 materia
625 1403 101 47 est
682 1403 115 47 idem
754 1403 86 47 in
797 1403 172 47 subiecto
926 1403 115 47 quod
998 1403 101 47 cum
1056 1403 115 47 ipsa
1128 1403 216 47 constituit:
1300 1403 115 47 quae
1372 1403 216 47 abstrahitur
1545 1403 86 47 ab

112 1446 119 50 ipsa
187 1446 104 50 per
246 1446 223 50 intellectum
425 1446 238 50 abstractione
619 1446 238 50 metaphysica.
812 1446 119 50 Alia
887 1446 134 50 autem
976 1446 134 50 forma
1066 1446 134 50 habet
1155 1446 119 50 esse
1229 1446 89 50 in
1274 1446 179 50 materia,
1408 1446 89 50 vt
1453 1446 74 50 a
1483 1446 104 50 qua
1527 1446 60 50 re

113 1494 127 47 cipit
197 1494 127 47 esse:
282 1494 84 47 vt
324 1494 127 47 forma
409 1494 239 47 accidentalis,
606 1494 113 47 quae
676 1494 99 47 est
732 1494 113 47 idem
803 1494 169 47 subiecto
929 1494 99 47 cum
986 1494 84 47 eo
1028 1494 99 47 cui
1084 1494 169 47 accidit:
1211 1494 70 47 a
1239 1494 99 47 quo
1295 1494 211 47 abstrahitur
1464 1494 99 47 per
1506 1494 99 47 intel

111 1536 158 46 lectum
222 1536 253 46 abstractione
427 1536 253 46 mathematica.
633 1536 126 46 Quae
712 1536 158 46 duplex
822 1536 111 46 est
886 1536 190 46 secundum
1028 1536 126 46 quod
1107 1536 126 46 sunt
1186 1536 111 46 duo
1249 1536 158 46 genera
1360 1536 190 46 formarum
1486 1536 111 46 mathe

119 1582 214 55 maticarum.
287 1582 168 55 Quaedam
409 1582 122 55 quae
485 1582 107 55 per
546 1582 92 55 se
592 1582 76 55 &
622 1582 198 55 immediate
775 1582 198 55 inhaerent
928 1582 198 55 subiecto,
1080 1582 92 55 vt
1126 1582 229 55 quantitates
1309 1582 214 55 continuae.
1462 1582 137 55 Quaedam

112 1622 119 53 vero
187 1622 119 53 quae
261 1622 179 53 mediante
395 1622 134 53 alia:
485 1622 89 53 vt
529 1622 119 53 sunt
604 1622 223 53 quantitates
783 1622 209 53 discretae:
946 1622 134 53 sicut
1036 1622 149 53 numeri
1140 1622 179 53 mediante
1274 1622 179 53 continua
1408 1622 119 53 quae
1483 1622 104 53 est
1527 1622 60 53 ma

107 1670 191 55 gnitudo,
250 1670 111 55 sit
314 1670 127 55 enim
393 1670 207 55 immediate
552 1670 223 55 abstractio
727 1670 191 55 discreti
870 1670 80 55 a
902 1670 207 55 continuo.
1061 1670 175 55 Numerus
1188 1670 127 55 enim
1268 1670 254 55 mathematicus
1459 1670 127 55 poten-

114 1713 104 55 tia
174 1713 104 55 est
233 1713 89 55 in
278 1713 193 55 continuo:
426 1713 74 55 &
456 1713 104 55 non
515 1713 178 55 procedit
649 1713 89 55 in
694 1713 134 55 actum
783 1713 119 55 nisi
857 1713 193 55 diuisione
1006 1713 193 55 continui.
1154 1713 89 55 vt
1199 1713 178 55 secundum
1333 1713 104 55 hoc
1392 1713 178 55 continua
1511 1713 89 55 quam

107 1759 135 47 titas
197 1759 105 47 sit
257 1759 135 47 prior
347 1759 195 47 discreta,
497 1759 180 47 secundum
632 1759 120 47 quod
707 1759 135 47 supra
797 1759 270 47 determinauimus
1022 1759 180 47 loquendo
1157 1759 90 47 de
1202 1759 150 47 natura
1307 1759 150 47 numeri
1412 1759 90 47 in
1442 1759 150 47 quaestio

111 1802 136 52 nibus
202 1802 91 52 de
247 1802 242 52 simplicitate
443 1802 121 52 dei.
519 1802 91 52 Et
564 1802 106 52 hoc
624 1802 121 52 modo
700 1802 196 52 discretum
851 1802 227 52 abstrahitur
1032 1802 76 52 a
1062 1802 181 52 continuo
1198 1802 242 52 abstractiome
1380 1802 211 52 arithmetica.

110 1847 73 49 ⁋
140 1847 117 49 Sunt
213 1847 146 49 igitur
315 1847 102 49 sex
373 1847 117 49 modi
446 1847 263 49 abstractionis,
665 1847 146 49 quorum
767 1847 146 49 primus
869 1847 102 49 est
928 1847 204 49 abstractio
1088 1847 146 49 realis
1190 1847 146 49 formae
1293 1847 88 49 ex
1336 1847 88 49 se
1380 1847 190 49 separatae
1526 1847 73 49 a
1541 1847 58 49 ma

116 1892 149 50 teria.
220 1892 179 50 Secundus
354 1892 209 50 rationalis
518 1892 104 50 est
578 1892 104 50 per
638 1892 179 50 rationem
772 1892 74 50 &
801 1892 223 50 intellectum
980 1892 149 50 formae
1084 1892 253 50 substantialis
1293 1892 74 50 a
1323 1892 164 50 materia
1427 1892 164 50 simplici-

108 1938 127 47 ter.
188 1938 175 47 Tertius
315 1938 111 47 est
379 1938 255 47 magnitudinis
586 1938 80 47 a
617 1938 175 47 materia
745 1938 223 47 sensibili.
920 1938 175 47 Quartus
1047 1938 159 47 numeri
1158 1938 80 47 a
1190 1938 255 47 magnitudine.
1397 1938 175 47 Quintus
1509 1938 95 47 vni-

112 1981 159 52 uersalis
231 1981 66 52 a
258 1981 213 52 particulari.
431 1981 133 52 Sextus
524 1981 159 52 rationis
643 1981 106 52 veri
710 1981 66 52 a
736 1981 146 52 ratione
843 1981 120 52 boni.
922 1981 80 52 Et
962 1981 159 52 secundum
1082 1981 120 52 istos
1162 1981 120 52 modos
1241 1981 120 52 verum
1321 1981 93 52 est
1374 1981 106 52 quod
1441 1981 120 52 actio
1507 1981 80 52 quae

115 2029 96 49 est
170 2029 123 49 circa
252 2029 205 49 abstractum,
416 2029 137 49 semper
512 2029 191 49 simplicior
662 2029 96 49 est
717 2029 68 49 &
744 2029 219 49 spiritualior
921 2029 68 49 &
949 2029 123 49 magis
1031 2029 191 49 abstracta.
1181 2029 68 49 &
1208 2029 96 49 sic
1263 2029 123 49 maior
1345 2029 164 49 rationis
1468 2029 109 49 vera
1523 2029 68 49 est

108 2073 207 49 simpliciter.
277 2073 91 49 Sed
328 2073 91 49 cum
380 2073 169 49 assumitur
510 2073 78 49 in
549 2073 143 49 minori,
653 2073 104 49 quod
717 2073 117 49 actio
795 2073 117 49 talis
873 2073 91 49 est
925 2073 130 49 potior
1016 2073 65 49 &
1041 2073 207 49 principalior
1210 2073 117 49 atque
1288 2073 169 49 nobilior:
1417 2073 91 49 hic
1469 2073 143 49 distin-

113 2118 160 57 guendum
230 2118 116 57 est,
302 2118 160 57 quoniam
418 2118 189 57 huiusmodi
563 2118 174 57 actiones
694 2118 145 57 quarum
795 2118 102 57 vna
853 2118 102 57 est
911 2118 131 57 circa
998 2118 218 57 abstractum,
1172 2118 116 57 siue
1245 2118 131 57 circa
1332 2118 131 57 magis
1404 2118 189 57 abstractum:

102 2166 120 49 alia
177 2166 120 49 vero
252 2166 105 49 vel
313 2166 135 49 circa
403 2166 105 49 non
463 2166 226 49 abstractum,
643 2166 105 49 vel
704 2166 135 49 circa
794 2166 135 49 minus
884 2166 226 49 abstractum:
1065 2166 105 49 aut
1125 2166 135 49 ambae
1215 2166 120 49 sunt
1290 2166 165 49 eiusdem
1411 2166 165 49 generis
1516 2166 75 49 si-

104 2207 87 52 ue
148 2207 189 52 rationis:
293 2207 102 52 aut
351 2207 174 52 alterius
482 2207 73 52 &
511 2207 189 52 alterius.
656 2207 87 52 Si
700 2207 131 52 primo
787 2207 131 52 modo,
874 2207 102 52 sic
932 2207 131 52 minor
1020 2207 116 52 vera
1092 2207 116 52 est.
1165 2207 116 52 siue
1237 2207 116 52 enim
1310 2207 102 52 sit
1368 2207 131 52 actus
1441 2207 145 52 intelli-

115 2250 124 57 gendi
198 2250 110 57 siue
267 2250 165 57 volendi,
391 2250 138 57 potior
487 2250 96 57 est
542 2250 110 57 ille
611 2250 96 57 qui
667 2250 96 57 est
722 2250 124 57 circa
804 2250 207 57 abstractum,
970 2250 110 57 quam
1039 2250 96 57 qui
1094 2250 96 57 est
1149 2250 124 57 circa
1232 2250 96 57 non
1287 2250 207 57 abstractum,
1452 2250 69 57 &
1480 2250 96 57 qui
1521 2250 69 57 est

109 2297 136 52 circa
200 2297 136 52 magis
290 2297 211 52 abstractum
456 2297 121 52 quam
532 2297 106 52 qui
592 2297 106 52 est
653 2297 136 52 circa
743 2297 136 52 minus
834 2297 227 52 abstractum,
1015 2297 91 52 vt
1060 2297 136 52 patet
1151 2297 196 52 inducendo
1302 2297 106 52 per
1362 2297 181 52 singulos
1483 2297 106 52 modos

108 2336 259 55 abstractionis.
324 2336 86 55 Si
367 2336 158 55 secundo
482 2336 130 55 modo,
568 2336 101 55 sic
626 2336 130 55 adhuc
712 2336 130 55 minor
799 2336 101 55 est
857 2336 130 55 vera,
943 2336 173 55 loquendo
1073 2336 86 55 de
1116 2336 216 55 potioritate
1289 2336 173 55 secundum
1418 2336 130 55 quid:
1505 2336 115 55 quae

102 2384 101 47 est
159 2384 87 47 in
203 2384 115 47 actu
275 2384 216 47 intellectus
448 2384 72 47 &
477 2384 202 47 voluntatis
635 2384 130 47 circa
722 2384 115 47 alia
794 2384 72 47 a
823 2384 130 47 primo
909 2384 202 47 intellecto
1068 2384 72 47 &
1097 2384 159 47 volito.
1212 2384 130 47 Falsa
1299 2384 130 47 autem
1385 2384 101 47 est
1443 2384 173 47 loquendo

101 2427 87 54 de
145 2427 218 54 potioritate
319 2427 232 54 simpliciter:
508 2427 116 54 quae
580 2427 102 54 est
638 2427 87 54 in
682 2427 116 54 actu
754 2427 218 54 intellectus
928 2427 73 54 &
957 2427 203 54 voluntatis
1117 2427 131 54 circa
1204 2427 145 54 primum
1305 2427 218 54 intellectum
1479 2427 73 54 &
1494 2427 87 54 pri-

110 2478 108 51 mum
171 2478 185 51 volitum,
310 2478 185 51 secundum
449 2478 124 51 quod
526 2478 108 51 iam
588 2478 201 51 expositum
743 2478 124 51 est.
820 2478 93 51 Et
866 2478 108 51 hoc
928 2478 201 51 contingit
1082 2478 124 51 quia
1160 2478 139 51 verum
1252 2478 77 51 &
1283 2478 139 51 bonum
1376 2478 108 51 sic
1438 2478 93 51 se
1468 2478 124 51 habent

112 2515 127 52 inter
197 2515 99 52 se,
253 2515 113 52 quod
323 2515 127 52 verum
408 2515 99 52 vno
465 2515 113 52 modo
535 2515 99 52 est
591 2515 127 52 ratio
676 2515 169 52 nobilior
803 2515 113 52 quam
874 2515 99 52 sit
930 2515 127 52 ratio
1015 2515 127 52 boni.
1099 2515 113 52 alio
1170 2515 127 52 autem
1254 2515 113 52 modo
1325 2515 183 52 econuerso
1452 2515 141 52 nobilior

98 2559 101 53 est
155 2559 130 53 ratio
242 2559 115 53 boni
314 2559 115 53 quam
386 2559 130 53 veri.
473 2559 72 53 &
501 2559 115 53 illa
573 2559 130 53 ratio
660 2559 101 53 qua
718 2559 130 53 verum
804 2559 101 53 est
862 2559 173 53 nobilius
992 2559 130 53 bono,
1078 2559 101 53 est
1136 2559 173 53 secundum
1266 2559 130 53 quid,
1352 2559 173 53 respectu
1468 2559 115 53 illius

108 2605 98 49 qua
164 2605 126 49 bonum
248 2605 98 49 est
305 2605 168 49 nobilius
431 2605 126 49 vero.
515 2605 98 49 Est
571 2605 140 49 igitur
670 2605 183 49 sciendum,
810 2605 112 49 quod
880 2605 140 49 duplex
978 2605 98 49 est
1035 2605 197 49 nobilitas,
1189 2605 168 49 scilicet
1315 2605 225 49 prioritatis,
1498 2605 70 49 &
1512 2605 70 49 per

96 2647 202 79 fectionis.
254 2647 173 79 Nobilius
384 2647 202 79 prioritate
542 2647 101 79 non
600 2647 231 79 perfectione,
787 2647 173 79 nobilius
917 2647 101 79 est
974 2647 173 79 secundum
1104 2647 130 79 quid,
1191 2647 173 79 respectu
1320 2647 115 79 eius
1392 2647 115 79 quod
1464 2647 101 79 est
1508 2647 86 79 nobi
