2017 3312
405 269 164 84 rationem
528 269 218 84 beatitudinis
705 269 68 84 &
733 269 245 84 beatificantis:
937 269 95 84 sed
992 269 218 84 diuersimode,
1169 269 164 84 secundum
1292 269 109 84 quod
1360 269 205 84 diuersimode
1524 269 95 84 sua
1578 269 191 84 operatione
1714 269 205 84 intellectuali

415 339 142 67 iliud
510 339 268 67 consequuntur.
730 339 173 67 Quaedam
856 339 126 67 enim
935 339 252 67 consequuntur
1140 339 142 67 illud
1234 339 205 67 immediate
1391 339 94 67 in
1439 339 189 67 essentia
1580 339 173 67 illius.
1706 339 173 67 Quaedam
1817 339 94 67 vero

410 386 107 65 non
471 386 199 65 immediate
624 386 92 65 in
670 386 184 65 essentia
808 386 138 65 eius:
899 386 107 65 sed
961 386 92 65 in
1007 386 153 65 aliqua
1114 386 168 65 effigie
1236 386 77 65 &
1267 386 245 65 similitudine
1466 386 138 65 eius.
1558 386 122 65 Isto
1634 386 168 65 secundo
1757 386 122 65 modo
1818 386 107 65 ipsum

418 441 206 53 consequuntur
586 441 142 53 homines
689 441 90 53 pro
740 441 116 53 statu
818 441 116 53 vitae
895 441 180 53 praesentis
1037 441 116 53 etiam
1114 441 77 53 ex
1153 441 116 53 puris
1230 441 206 53 naturalibus.
1398 441 77 53 Ex
1436 441 90 53 qua
1488 441 206 53 consecutione
1655 441 180 53 philosophi
1784 441 129 53 ponebant

413 478 85 60 in
455 478 142 60 homine
554 478 226 60 beatitudinem
738 478 170 60 duplicem
866 478 170 60 secundum
993 478 170 60 duplicem
1120 478 241 60 consecutionem
1319 478 156 60 illius:
1432 478 113 60 Vnam
1502 478 184 60 politicam
1644 478 127 60 circa
1729 478 170 60 actionem
1842 478 85 60 boni

421 533 171 57 moralis:
549 533 128 57 Aliam
634 533 242 57 speculatiuam:
833 533 71 57 &
862 533 128 57 illam
947 533 114 57 esse
1018 533 171 57 supremam
1146 533 128 57 circa
1231 533 242 57 speculationem
1430 533 114 57 veri
1501 533 171 57 secundum
1629 533 185 57 scientias
1757 533 171 57 speculati-

426 574 110 60 uas.
495 574 83 60 Et
537 574 83 60 in
578 574 110 60 isto
647 574 110 60 modo
716 574 83 60 in
757 574 179 60 superiori
895 574 152 60 effigie
1005 574 69 60 &
1033 574 221 60 similitudine
1212 574 221 60 consequuntur
1391 574 152 60 homines
1502 574 124 60 illud
1584 574 138 60 bonum:
1681 574 97 60 sed
1736 574 83 60 in
1777 574 138 60 infimo
1860 574 69 60 gra

421 630 92 45 du
467 630 260 45 beatitudinis.
681 630 138 45 Primo
773 630 122 45 modo
849 630 245 45 consequuntur
1048 630 245 45 beatitudinem
1247 630 122 45 deus
1324 630 77 45 &
1354 630 138 45 beati
1446 630 92 45 in
1492 630 153 45 gloria
1599 630 122 45 siue
1676 630 153 45 angeli
1783 630 122 45 siue
1859 630 107 45 ho-

417 663 134 61 mines:
510 663 147 61 quoniam
618 663 121 61 bonum
698 663 121 61 illud
778 663 107 61 quod
845 663 94 61 est
899 663 107 61 ipsa
966 663 134 61 diuina
1060 663 174 61 essentia,
1194 663 174 61 immediate
1328 663 80 61 in
1368 663 161 61 essentia
1488 663 107 61 eius
1555 663 228 61 consequuntur:
1743 663 147 61 propter
1837 663 80 61 quod

414 714 93 53 in
461 714 202 53 superiori
617 714 140 53 gradu
710 714 233 53 participant
896 714 264 53 beatitudinem,
1114 714 78 53 &
1145 714 124 53 sunt
1223 714 140 53 quasi
1316 714 124 53 dii:
1394 714 93 53 vt
1440 714 140 53 infra
1533 714 187 53 dicetur.
1673 714 124 53 Vnde
1751 714 155 53 nomine
1844 714 78 53 dei

422 760 113 58 omnes
498 760 88 58 sic
548 760 113 58 bonos
624 760 214 58 comprehendens
800 760 201 58 philosophus,
964 760 176 58 distinguit
1102 760 201 58 beatitudinem
1266 760 113 58 horum
1341 760 63 58 a
1366 760 189 58 beatitudine
1517 760 151 58 hominium
1631 760 76 58 in
1668 760 113 58 statu
1744 760 164 58 praesenti
1857 760 63 58 sub

423 809 214 54 differentia
594 809 86 54 ad
637 809 114 54 illa
708 809 114 54 quae
780 809 100 54 non
837 809 114 54 sunt
908 809 114 54 nata
980 809 228 54 beatificari,
1165 809 100 54 cum
1222 809 143 54 dicit.
1322 809 86 54 x.
1365 809 157 54 Ethico.
1479 809 114 54 Diis
1551 809 143 54 quidem
1651 809 129 54 omnis
1736 809 114 54 vita
1808 809 143 54 beata:

429 857 183 59 hominibus
570 857 127 59 autem
654 857 183 59 inquantum
795 857 197 59 similitudo
950 857 155 59 quaedam
1063 857 127 59 talis
1148 857 211 59 operationis
1317 857 169 59 existit:
1444 857 155 59 aliorum
1557 857 127 59 autem
1641 857 141 59 nullum
1740 857 141 59 felix:
1838 857 113 59 quia

420 902 192 59 nequaquam
568 902 221 59 communicant
745 902 266 59 speculationem.
966 902 89 59 De
1011 902 133 59 istis
1099 902 133 59 autem
1188 902 118 59 quae
1262 902 133 59 istud
1350 902 133 59 bonum
1439 902 192 59 immediate
1586 902 236 59 consequuntur
1778 902 103 59 sua
1823 902 103 59 opera

425 951 135 54 tione
515 951 269 54 intellectuali,
739 951 314 54 subdistinguendum:
1009 951 165 54 quoniam
1129 951 165 54 quoddam
1248 951 135 54 eorum
1338 951 225 54 consequitur
1518 951 135 54 ipsum
1608 951 105 54 per
1668 951 195 54 essentiam
1817 951 120 54 eius
1877 951 45 54 &

414 998 257 52 essentialiter:
628 998 157 52 quaedam
742 998 114 52 vero
814 998 100 52 per
871 998 186 52 essentiam
1013 998 129 52 eius:
1099 998 100 52 sed
1156 998 271 52 participatione.
1385 998 129 52 Primo
1470 998 114 52 modo
1542 998 129 52 solus
1627 998 114 52 deus
1699 998 171 52 trinitas
1813 998 100 52 ipsum

416 1044 220 58 consequitur:
595 1044 110 58 quia
664 1044 207 58 consequitur
829 1044 96 58 sua
884 1044 193 58 operatione
1036 1044 110 58 suam
1105 1044 179 58 essentiam
1242 1044 69 58 &
1270 1044 248 58 essentialiter:
1476 1044 110 58 quia
1545 1044 83 58 in
1587 1044 124 58 reali
1669 1044 193 58 identitate
1821 1044 69 58 &
1834 1044 83 58 vnio

414 1095 84 55 ne
456 1095 182 55 naturali.
596 1095 154 55 Secundo
708 1095 112 55 modo
778 1095 112 55 alii
848 1095 140 55 beati:
946 1095 112 55 quia
1016 1095 126 55 licet
1100 1095 224 55 consequuntur
1281 1095 182 55 immediate
1421 1095 126 55 ipsam
1505 1095 154 55 diuinam
1617 1095 182 55 essentiam
1757 1095 98 55 sua
1799 1095 112 55 opera-

414 1131 142 60 tione:
513 1131 100 60 hoc
570 1131 128 60 tamen
656 1131 100 60 sit
713 1131 85 60 in
755 1131 214 60 diuersitate
926 1131 185 60 essentiae
1069 1131 71 60 &
1097 1131 142 60 vnione
1197 1131 100 60 per
1254 1131 157 60 gratiam
1368 1131 157 60 tantum,
1482 1131 100 60 ide
1539 1131 100 60 qua
1596 1131 128 60 nihil
1681 1131 85 60 ad
1724 1131 185 60 praesens:
1852 1131 71 60 ni-

413 1187 85 54 si
455 1187 170 54 quatenus
582 1187 170 54 pertinet
710 1187 85 54 ad
752 1187 113 54 illa
823 1187 113 54 quae
893 1187 155 54 dicenda
1006 1187 113 54 sunt
1077 1187 127 54 circa
1162 1187 99 54 dei
1218 1187 226 54 beatitudinem
1402 1187 85 54 in
1445 1187 212 54 consequendo
1614 1187 113 54 suam
1685 1187 184 54 essentiam
1826 1187 99 54 sub
1868 1187 57 54 ra

420 1230 123 56 tione
502 1230 109 56 boni
571 1230 68 56 &
598 1230 246 56 essentialiter.
803 1230 82 56 De
844 1230 123 56 cuius
926 1230 219 56 consecutione
1104 1230 164 56 sciendum
1227 1230 109 56 est,
1295 1230 109 56 quod
1364 1230 109 56 deus
1432 1230 109 56 suam
1500 1230 178 56 essentiam
1637 1230 96 56 sub
1692 1230 150 56 ratione
1801 1230 109 56 boni
1869 1230 82 56 du

429 1272 170 56 pliciter
556 1272 226 56 consequitur.
740 1272 99 56 Vno
797 1272 113 56 modo
867 1272 212 56 naturaliter
1037 1272 71 56 &
1065 1272 184 56 absolute:
1207 1272 184 56 inquantum
1348 1272 113 56 ipse
1419 1272 99 56 per
1475 1272 184 56 essentiam
1617 1272 99 56 est
1673 1272 113 56 ipsa
1744 1272 156 56 bonitas
1843 1272 85 56 sua.

424 1317 114 60 Alio
495 1317 114 60 modo
567 1317 100 60 per
624 1317 114 60 suam
696 1317 215 60 operationem
867 1317 258 60 intellectualem
1082 1317 86 60 ex
1125 1317 229 60 consecutione
1311 1317 129 60 eius.
1397 1317 129 60 Primo
1482 1317 114 60 modo
1554 1317 100 60 non
1611 1317 157 60 dicitur
1726 1317 157 60 beatus:
1826 1317 100 60 sicut

416 1364 121 51 neque
496 1364 135 51 aliqua
591 1364 162 51 creatura
712 1364 81 51 ex
753 1364 81 51 eo
793 1364 108 51 quod
861 1364 121 51 habet
941 1364 94 51 per
995 1364 162 51 naturam:
1117 1364 67 51 &
1144 1364 175 51 inquantum
1279 1364 94 51 eam
1333 1364 94 51 sic
1387 1364 216 51 consequitur,
1562 1364 94 51 non
1616 1364 162 51 seshabet
1737 1364 81 51 ad
1778 1364 121 51 ipsum
1845 1364 81 51 deum

408 1412 126 60 sicut
492 1412 126 60 finis
576 1412 126 60 extra
661 1412 84 60 in
703 1412 112 60 quem
773 1412 140 60 tendit
871 1412 98 60 sua
927 1412 211 60 operatione:
1096 1412 98 60 sed
1152 1412 126 60 solum
1236 1412 126 60 sicut
1320 1412 126 60 forma
1405 1412 211 60 naturaliter
1573 1412 140 60 habita
1671 1412 140 60 absque
1770 1412 112 60 omni
1826 1412 98 60 actio

417 1461 82 53 ne
458 1461 68 53 &
486 1461 205 53 operatione.
650 1461 82 53 Et
691 1461 110 53 ideo
760 1461 151 53 quamuis
869 1461 123 53 habet
951 1461 164 53 rationem
1074 1461 219 53 perfectionis
1252 1461 151 53 formae,
1362 1461 96 53 non
1417 1461 123 53 tamen
1499 1461 137 53 finis:
1594 1461 68 53 &
1622 1461 178 53 propterea
1759 1461 96 53 non
1813 1461 96 53 est
1868 1461 82 53 in

421 1507 104 59 illa
486 1507 155 59 completa
602 1507 117 59 ratio
680 1507 220 59 perfectionis,
861 1507 129 59 qualis
952 1507 91 59 est
1004 1507 78 59 in
1043 1507 104 59 fine
1107 1507 168 59 perfectio
1237 1507 104 59 enim
1302 1507 104 59 quae
1366 1507 91 59 est
1418 1507 78 59 ex
1457 1507 117 59 fine,
1535 1507 142 59 maioris
1638 1507 207 59 perfectionis
1794 1507 129 59 rationem

414 1551 122 64 habet
496 1551 109 64 quam
564 1551 109 64 illa
632 1551 109 64 quae
700 1551 95 64 est
754 1551 82 64 ex
795 1551 136 64 forma:
890 1551 82 64 vt
931 1551 95 64 iam
986 1551 163 64 patebit.
1108 1551 109 64 Quia
1176 1551 122 64 autem
1258 1551 109 64 deus
1326 1551 136 64 beatus
1421 1551 163 64 dicitur,
1543 1551 95 64 hoc
1598 1551 177 64 contingit
1734 1551 82 64 ex
1761 1551 163 64 consecutio

415 1596 79 68 ne
454 1596 105 68 eius
520 1596 145 68 secundo
626 1596 119 68 modo:
705 1596 145 68 quoniam
810 1596 79 68 in
850 1596 105 68 illa
916 1596 171 68 solummodo
1047 1596 198 68 consequitur
1205 1596 92 68 eam
1258 1596 158 68 secundum
1377 1596 158 68 rationem
1495 1596 132 68 finis:
1588 1596 105 68 quod
1653 1596 92 68 non
1706 1596 132 68 potest
1785 1596 132 68 continge

416 1642 77 60 re
455 1642 129 60 aliter
545 1642 103 60 quam
609 1642 90 60 per
661 1642 103 60 suam
725 1642 206 60 operationem:
893 1642 116 60 sicut
970 1642 116 60 neque
1048 1642 77 60 in
1086 1642 168 60 quacumque
1215 1642 77 60 re
1254 1642 116 60 alia.
1331 1642 116 60 Finis
1408 1642 103 60 enim
1473 1642 90 60 non
1524 1642 193 60 consequitur
1679 1642 103 60 nisi
1744 1642 168 60 inquantum
1860 1642 64 60 est

427 1696 165 57 effectus
551 1696 179 57 causarum:
689 1696 165 57 effectus
812 1696 124 57 autem
895 1696 165 57 causarum
1019 1696 110 57 esse
1087 1696 96 57 non
1142 1696 138 57 potest
1239 1696 110 57 nisi
1307 1696 138 57 ordine
1404 1696 138 57 quodam
1500 1696 96 57 sit
1555 1696 124 57 quasi
1637 1696 124 57 prius
1720 1696 124 57 causa
1789 1696 138 57 causarum

426 1736 151 59 neutrum
536 1736 123 59 autem
618 1736 96 59 fit
673 1736 110 59 sine
742 1736 151 59 propria
851 1736 96 59 rei
906 1736 178 59 opeatione
1043 1736 233 59 intellectuali
1235 1736 206 59 cognitionis
1400 1736 69 59 &
1427 1736 206 59 voluntatis:
1592 1736 165 59 secundum
1715 1736 110 59 quod
1770 1736 151 59 explicabi

415 1787 96 55 tur
470 1787 82 55 in
511 1787 192 55 quaestione
662 1787 178 55 sequenti.
799 1787 110 55 Vnde
868 1787 110 55 quia
936 1787 96 55 res
991 1787 165 55 secundum
1115 1787 110 55 quod
1183 1787 165 55 existit.
1307 1787 82 55 in
1348 1787 96 55 sua
1403 1787 192 55 operatione
1554 1787 165 55 secunda,
1677 1787 96 55 est
1732 1787 123 55 velut
1814 1787 82 55 in
1842 1787 82 55 actu

431 1830 146 63 respectu
540 1830 97 63 eius
601 1830 73 63 vt
637 1830 146 63 absolute
747 1830 194 63 consideratur
905 1830 146 63 secundum
1014 1830 97 63 suam
1075 1830 170 63 essentiam:
1209 1830 97 63 quia
1270 1830 73 63 vt
1306 1830 97 63 sic,
1367 1830 85 63 est
1415 1830 109 63 quasi
1488 1830 134 63 aliquod
1586 1830 73 63 in
1622 1830 122 63 habitu
1707 1830 61 63 &
1732 1830 73 63 in
1768 1830 158 63 potentia:
1877 1830 49 63 no

423 1880 123 58 bilior
509 1880 86 58 est
558 1880 110 58 autem
631 1880 172 58 dispositio
766 1880 86 58 rei
815 1880 147 58 secundum
925 1880 98 58 quod
987 1880 86 58 est
1036 1880 74 58 in
1072 1880 110 58 actu:
1146 1880 98 58 quam
1207 1880 147 58 secundum
1317 1880 98 58 quod
1379 1880 86 58 est
1428 1880 74 58 in
1465 1880 147 58 potentia
1575 1880 86 58 aut
1624 1880 74 58 in
1661 1880 110 58 hitu:
1734 1880 61 58 &
1759 1880 147 58 nobilior
1857 1880 61 58 est

423 1935 110 54 ratio
496 1935 196 54 perfectionis
656 1935 86 54 qua
705 1935 172 54 perficitur
840 1935 147 54 secundum
950 1935 98 54 quod
1011 1935 86 54 est
1060 1935 74 54 in
1097 1935 110 54 actu:
1171 1935 98 54 quam
1232 1935 86 54 qua
1281 1935 172 54 perficitur
1416 1935 147 54 secundum
1526 1935 98 54 quod
1587 1935 86 54 est
1636 1935 74 54 in
1673 1935 147 54 potentia
1783 1935 86 54 aut
1832 1935 74 54 in
1857 1935 49 54 ha

422 1970 121 60 bitu:
502 1970 107 60 ldeo
569 1970 175 60 perfectio
703 1970 107 60 quae
771 1970 188 60 perficitur
918 1970 94 60 sua
972 1970 161 60 essentia
1093 1970 94 60 sub
1146 1970 148 60 ratione
1254 1970 107 60 boni
1321 1970 201 60 consequendo
1482 1970 121 60 ipsam
1563 1970 94 60 per
1616 1970 107 60 suam
1683 1970 201 60 operationem
1831 1970 94 60 secun

428 2016 92 61 dum
480 2016 105 61 quam
546 2016 92 61 est
599 2016 79 61 vt
638 2016 158 61 existens
757 2016 79 61 in
796 2016 118 61 actu,
875 2016 158 61 nobilior
993 2016 92 61 est
1046 2016 105 61 quam
1112 2016 105 61 illa
1178 2016 92 61 qua
1230 2016 197 61 consequitur
1388 2016 92 61 eam
1441 2016 92 61 per
1493 2016 105 61 suam
1559 2016 158 61 naturam:
1677 2016 79 61 vt
1717 2016 158 61 respectu
1822 2016 92 61 actus

420 2060 99 63 est
476 2060 127 63 quasi
561 2060 85 63 in
603 2060 169 63 potentia
730 2060 70 63 &
758 2060 85 63 in
800 2060 155 63 habitu.
913 2060 85 63 Et
955 2060 169 63 secundum
1082 2060 99 63 hoc
1139 2060 183 63 beatitudo
1280 2060 99 63 dei
1336 2060 85 63 in
1378 2060 99 63 hoc
1435 2060 197 63 consistit,
1590 2060 113 63 quod
1660 2060 127 63 finis
1745 2060 113 63 suus
1815 2060 99 63 qui
1858 2060 70 63 est

424 2112 171 55 essentia
552 2112 114 55 sua,
623 2112 185 55 inquantum
765 2112 100 55 est
822 2112 85 55 vt
865 2112 128 55 causa
950 2112 171 55 causarum
1078 2112 85 55 se
1121 2112 157 55 habens,
1235 2112 128 55 quasi
1320 2112 142 55 moueat
1420 2112 157 55 diuinum
1534 2112 213 55 intellectum
1705 2112 85 55 in
1747 2112 128 55 actum
1818 2112 100 55 intel

414 2154 156 63 ligendi
527 2154 99 63 sub
584 2154 156 63 ratione
697 2154 128 63 veri:
783 2154 71 63 &
811 2154 99 63 sic
868 2154 128 63 ipsum
953 2154 170 63 informet
1080 2154 85 63 vt
1123 2154 128 63 bonum
1208 2154 184 63 cognitum:
1350 2154 71 63 &
1378 2154 184 63 similiter
1520 2154 128 63 actum
1605 2154 227 63 intelligendi
1789 2154 128 63 eius.
1860 2154 57 63 In

421 2203 173 64 tellectum
554 2203 107 64 enim
621 2203 173 64 inquantum
754 2203 213 64 intellectum,
927 2203 93 64 est
980 2203 120 64 forma
1060 2203 213 64 intellectus,
1233 2203 67 64 &
1260 2203 107 64 ipse
1327 2203 93 64 est
1380 2203 187 64 quodammodo
1527 2203 227 64 intelligibile
1713 2203 120 64 etiam
1793 2203 80 64 in
1820 2203 93 64 illis

416 2252 98 65 quae
477 2252 183 65 intelligunt
623 2252 122 65 aliuda
708 2252 85 65 se.
757 2252 146 65 secundum
867 2252 195 65 philosophum.
1026 2252 98 65 iii.
1087 2252 73 65 de
1123 2252 98 65 Aia.
1184 2252 110 65 Bonum
1257 2252 110 65 autem
1330 2252 146 65 cognitum
1440 2252 73 65 in
1477 2252 171 65 intellectu
1611 2252 134 65 allicit
1708 2252 183 65 voluntatem:
1855 2252 98 65 quae

420 2298 157 57 allecta
534 2298 100 57 sua
591 2298 157 57 actione
706 2298 129 57 quasi
791 2298 129 57 mouet
877 2298 86 57 se
920 2298 86 57 in
963 2298 143 57 finem,
1063 2298 129 57 ipsum
1149 2298 114 57 sibi
1220 2298 214 57 adipiscendo
1392 2298 100 57 sub
1449 2298 157 57 ratione
1564 2298 114 57 boni
1635 2298 71 57 &
1664 2298 129 57 finis
1749 2298 86 57 vt
1792 2298 100 57 est
1835 2298 86 57 cau-

414 2339 85 66 sa
456 2339 183 66 causarum:
597 2339 71 66 &
626 2339 99 66 per
682 2339 99 66 hoc
738 2339 85 66 vi
781 2339 141 66 amoris
880 2339 127 66 quasi
964 2339 240 66 tranfformatur
1162 2339 85 66 in
1204 2339 141 66 finem,
1303 2339 71 66 &
1331 2339 127 66 summe
1416 2339 127 66 eidem
1501 2339 226 66 conformatur:
1684 2339 85 66 in
1726 2339 99 66 quo
1769 2339 155 66 consistit

415 2386 204 62 btintudinis
578 2386 231 62 complementum:
769 2386 81 62 vt
809 2386 149 62 patebit
918 2386 81 62 in
959 2386 190 62 quaestione
1108 2386 177 62 sequenti.
1244 2386 68 62 &
1271 2386 109 62 ideo
1339 2386 122 62 tanto
1420 2386 122 62 magis
1502 2386 136 62 quanto
1597 2386 95 62 per
1651 2386 149 62 maiorem
1746 2386 177 62 identitatem

425 2434 128 61 vnitur
515 2434 103 61 sibi
579 2434 154 61 secundum
694 2434 115 61 actum
771 2434 192 61 intellectus
925 2434 64 61 &
951 2434 179 61 voluntatis
1092 2434 103 61 quam
1156 2434 167 61 cuicunque
1284 2434 141 61 alteri.
1387 2434 141 61 maiorem
1489 2434 103 61 enim
1553 2434 192 61 identitatem
1707 2434 141 61 vnionis
1797 2434 128 61 sequitur

420 2482 125 60 maior
504 2482 181 60 cognitio,
643 2482 125 60 maior
727 2482 181 60 dilectio:
866 2482 70 60 &
894 2482 98 60 per
950 2482 195 60 consequens
1103 2482 125 60 maior
1187 2482 209 60 delectatio.
1354 2482 125 60 iuxta
1438 2482 125 60 illud
1522 2482 112 60 quod
1591 2482 125 60 dicit
1675 2482 167 60 Auicenna
1787 2482 125 60 loquens

414 2526 81 65 de
455 2526 189 65 btintudine
604 2526 95 65 dei
658 2526 81 65 in
699 2526 95 65 ix.
753 2526 149 65 Metaph.
861 2526 122 65 Cuius
942 2526 176 65 perfectio
1077 2526 95 65 est
1131 2526 162 65 nobilior
1253 2526 68 65 &
1280 2526 203 65 abundantior
1443 2526 68 65 &
1470 2526 108 65 sibi
1537 2526 176 65 vicinior,
1673 2526 68 65 &
1700 2526 122 65 cuius
1781 2526 122 65 actio
1848 2526 68 65 est

426 2571 197 66 perfectior
581 2571 70 66 &
609 2571 169 66 nobilior
736 2571 70 66 &
764 2571 211 66 apprehensio
933 2571 84 66 in
975 2571 84 66 se
1017 2571 169 66 fortior,
1144 2571 141 66 illius
1242 2571 197 66 delectatio
1397 2571 113 66 quam
1468 2571 127 66 habet
1552 2571 99 66 est
1608 2571 225 66 excellentior
1791 2571 70 66 &
1805 2571 113 66 glorio

420 2620 104 64 sior
485 2620 104 64 sine
550 2620 130 64 dubio.
641 2620 143 64 Propter
745 2620 104 64 quod
810 2620 117 64 etiam
888 2620 117 64 dicit
966 2620 195 64 philosophus
1122 2620 78 64 in
1161 2620 104 64 xii.
1225 2620 182 64 Metaphysi.
1368 2620 156 64 Voluptas
1485 2620 91 64 est
1537 2620 117 64 actio
1615 2620 130 64 illius
1706 2620 104 64 quia
1758 2620 156 64 intelligit

420 2666 96 73 per
475 2666 82 73 se
516 2666 82 73 id
557 2666 109 73 quod
625 2666 96 73 est
680 2666 164 73 nobilius
803 2666 96 73 per
857 2666 82 73 se
898 2666 137 73 quando
994 2666 191 73 intelligit
1144 2666 96 73 se.
1199 2666 205 73 Desideratum
1363 2666 123 73 autem
1445 2666 96 73 est
1500 2666 123 73 valde
1581 2666 137 73 nobile
1677 2666 68 73 &
1704 2666 219 73 voluptuosum.
1868 2666 55 73 Ex

419 2722 100 60 quo
476 2722 199 60 concludit.
632 2722 100 60 Est
689 2722 142 60 igitur
789 2722 114 60 deus
860 2722 85 60 in
903 2722 114 60 fine
974 2722 228 60 nobilitatis.
1159 2722 185 60 Consistit
1301 2722 114 60 ergo
1372 2722 128 60 summe
1457 2722 185 60 beatitudo
1600 2722 100 60 dei
1657 2722 85 60 in
1699 2722 171 60 persecta
1813 2722 114 60 confor

412 2755 139 67 mitate,
513 2755 63 67 &
539 2755 114 67 quasi
614 2755 215 67 assimilatione
791 2755 88 67 per
841 2755 177 67 opeationem
980 2755 240 67 intellectualem:
1182 2755 177 67 intellects
1321 2755 151 67 scilicet
1434 2755 63 67 &
1460 2755 177 67 voluntatis
1599 2755 76 67 ad
1636 2755 151 67 seipsum:
1750 2755 101 67 siue
1813 2755 76 67 ad
1838 2755 76 67 suum

407 2803 133 79 esse:
496 2803 118 79 siue
570 2803 207 79 essentiam,
732 2803 103 79 sub
791 2803 162 79 ratione
909 2803 118 79 boni
983 2803 74 79 &
1012 2803 133 79 finis
1101 2803 148 79 omnium
1204 2803 162 79 vltimi.
1323 2803 118 79 Nunc
1396 2803 133 79 autem
1485 2803 103 79 ita
1544 2803 103 79 est
1603 2803 192 79 (secundum
1751 2803 118 79 quod
1810 2803 103 79 dicit
