2017 3181
104 257 119 81 sens
179 257 149 81 factum
283 257 104 81 est
342 257 89 81 in
387 257 208 81 intellectu
551 257 179 81 secundum
685 257 149 81 actum,
789 257 104 81 non
849 257 104 81 tam
908 257 89 81 ex
953 257 89 81 eo
997 257 119 81 quod
1072 257 104 81 est
1131 257 164 81 motiuum
1250 257 223 81 intellectus
1429 257 89 81 in
1459 257 119 81 actum,

102 320 104 70 sed
161 320 148 70 potius
265 320 89 70 ex
310 320 104 70 hoc
369 320 119 70 quod
443 320 104 70 est
503 320 178 70 terminus
636 320 267 70 intellectualis
858 320 237 70 operationis,
1051 320 89 70 ex
1096 320 119 70 ipso
1170 320 163 70 tanquam
1288 320 89 70 ex
1333 320 119 70 bono
1407 320 163 70 cognito
1511 320 74 70 ema

106 369 106 65 nat
166 369 136 65 actus
257 369 197 65 amatorius
409 369 91 65 in
454 369 227 65 voluntatem:
636 369 106 65 quo
697 369 106 65 iam
757 369 182 65 cessante
893 369 212 65 desiderio,
1060 369 197 65 convertit
1212 369 91 65 se
1257 369 91 65 in
1302 369 136 65 ipsum
1393 369 151 65 altero
1484 369 91 65 actu

118 411 200 64 voluntatis
275 411 214 64 perfectiori
446 411 71 64 &
474 411 200 64 nobiliori,
631 411 100 64 quo
688 411 86 64 se
731 411 114 64 fini
803 411 185 64 imprimit,
945 411 71 64 &
974 411 185 64 immergit,
1116 411 128 64 atque
1202 411 185 64 inhaeret,
1345 411 71 64 &
1373 411 114 64 ipso
1430 411 143 64 fruitur,

111 452 91 59 in
156 452 106 59 quo
217 452 196 59 perfectio
368 452 242 59 beatitudinis
564 452 211 59 consistit.
730 452 91 59 Et
775 452 91 59 ad
821 452 136 59 istam
911 452 257 59 consecutionem
1123 452 136 59 finis
1214 452 196 59 ordinatur
1365 452 121 59 illa
1440 452 121 59 quae
1500 452 76 59 sit

101 497 111 69 per
165 497 143 69 actum
260 497 255 69 intellectus.
467 497 95 69 Et
515 497 127 69 huic
594 497 143 69 dicto
690 497 159 69 melius
801 497 191 69 convenit
944 497 191 69 exemplum
1088 497 95 69 de
1135 497 143 69 auaro
1231 497 80 69 &
1263 497 191 69 pecunia.
1390 497 191 69 Perfectius

107 550 120 63 enim
182 550 165 63 habetur
302 550 135 63 finis
393 550 105 63 per
453 550 135 63 actum
543 550 226 63 voluntatis,
724 550 75 63 &
754 550 226 63 possidetur,
934 550 120 63 quam
1009 550 241 63 intellectus.
1205 550 120 63 immo
1280 550 105 63 nec
1340 550 226 63 possidetur,
1506 550 75 63 nec

108 585 164 72 habetur
227 585 104 72 per
287 585 238 72 intellectum,
480 585 104 72 aut
540 585 134 72 actum
629 585 119 72 eius
704 585 104 72 sub
763 585 164 72 ratione
882 585 119 72 boni
957 585 74 72 &
986 585 134 72 finis
1076 585 119 72 siue
1150 585 268 72 beatificantis:
1374 585 104 72 sed
1433 585 134 72 solum
1508 585 74 72 sub

110 636 162 60 ratione
228 636 133 60 veri:
317 636 89 60 vt
361 636 148 60 dictum
464 636 118 60 est.
538 636 118 60 Vnde
612 636 207 60 Augustinus
774 636 89 60 de
818 636 148 60 morib.
922 636 177 60 ecclesi.
1055 636 162 60 Bonorum
1173 636 133 60 summa
1261 636 118 60 deus
1335 636 133 60 nobis
1423 636 118 60 est.
1482 636 89 60 Deus

108 682 108 55 est
169 682 139 55 nobis
262 682 154 55 summum
370 682 154 55 bonum:
478 682 139 55 neque
570 682 139 55 infra
663 682 216 55 remanendum
833 682 139 55 nobis
925 682 123 55 est,
1002 682 139 55 neque
1095 682 139 55 vltra
1187 682 231 55 quaerendum.
1372 682 170 55 Alterum
1480 682 93 55 enim

110 728 175 67 periculo
242 728 117 67 fit,
315 728 161 67 alterum
432 728 161 67 nullum.
549 728 73 67 &
578 728 146 67 infra.
680 728 161 67 Secutio
797 728 117 67 dei,
870 728 234 67 beatitudinis
1060 728 190 67 appetitus
1206 728 117 67 est:
1279 728 190 67 assecutio
1425 728 131 67 autem
1498 728 88 67 ipsa

95 774 197 62 beatitas.
246 774 76 62 &
277 774 152 62 infra.
383 774 91 62 Id
428 774 136 62 autem
519 774 106 62 est
580 774 136 62 solus
671 774 136 62 deus:
762 774 106 62 cui
823 774 167 62 haerere
944 774 136 62 certe
1035 774 106 62 non
1096 774 182 62 valemus,
1232 774 121 62 nisi
1308 774 152 62 amore,
1399 774 182 62 dilectione

112 818 213 68 charitate.
279 818 76 68 &
309 818 152 68 infra.
416 818 91 68 Si
462 818 198 68 sapientia
614 818 76 68 &
644 818 167 68 veritas
766 818 106 68 non
827 818 137 68 totis
918 818 137 68 animi
1009 818 167 68 viribus
1131 818 274 68 concupiscatur,
1359 818 183 68 inueniri
1481 818 106 68 nullo

114 865 115 51 modo
185 865 158 51 potest.
300 865 86 51 At
343 865 86 51 si
386 865 187 51 quaeratur
530 865 86 51 vt
573 865 144 51 dignum
674 865 115 51 est,
745 865 201 51 subtrahere
903 865 115 51 sese
975 865 129 51 atque
1061 865 201 51 abscondere
1219 865 72 51 a
1248 865 115 51 suis
1320 865 230 51 dilectoribus
1506 865 100 51 non

108 909 165 53 potest.
228 909 135 53 Amore
319 909 180 53 petitur,
454 909 135 53 amore
544 909 211 53 quaeritur,
710 909 135 53 amore
800 909 196 53 pulsatur,
950 909 135 53 amore
1041 909 211 53 reuelatur,
1206 909 135 53 amore
1296 909 165 53 denique
1417 909 90 53 in
1462 909 90 53 eo
1492 909 90 53 quod

96 961 196 48 reuelatum
247 961 151 48 fuerit
353 961 227 48 permanetur.
534 961 76 48 &
564 961 106 48 hoc
625 961 166 48 tanquam
746 961 242 48 proprietate:
942 961 106 48 cui
1003 961 196 48 respondet
1154 961 181 48 superior
1290 961 151 48 actio.
1396 961 166 48 Propter
1501 961 91 48 quod

105 999 138 62 dicit
197 999 138 62 super
289 999 138 62 illud
381 999 169 62 Psalmi.
504 999 138 62 xvii.
596 999 184 62 Ascendit
734 999 138 62 super
826 999 200 62 Cherubim:
980 999 200 62 exaltatus
1134 999 108 62 est
1195 999 138 62 super
1287 999 246 62 plenitudinem
1471 999 108 62 scien

94 1044 148 55 tiae:
192 1044 98 55 vt
241 1044 131 55 nemo
323 1044 98 55 ad
373 1044 115 55 eum
438 1044 230 55 perueniret
619 1044 131 55 nisi
701 1044 115 55 per
766 1044 246 55 charitatem.
963 1044 131 55 Vnde
1045 1044 115 55 cum
1111 1044 197 55 secundum
1259 1044 230 55 Dionysium.
1439 1044 115 55 vi.
1489 1044 98 55 Cap.

96 1092 190 49 Coelestis
242 1092 234 49 Hierarchiae,
432 1092 131 49 omnes
520 1092 190 49 ccelestes
666 1092 219 49 intellectus
841 1092 73 49 a
870 1092 219 49 deiformibus
1045 1092 263 49 proprietatibus
1264 1092 146 49 habent
1351 1092 234 49 denominationes

106 1138 178 57 altiores
240 1138 134 57 circa
329 1138 119 57 deum
403 1138 193 57 immediate
552 1138 208 57 collocare:
716 1138 164 57 tamquam
835 1138 89 57 ab
879 1138 164 57 altiori
998 1138 223 57 proprietate
1177 1138 193 57 Seraphim,
1325 1138 104 57 hoc
1385 1138 104 57 est
1429 1138 149 57 ardentes

108 1174 121 71 siue
184 1174 258 71 calefacientes
396 1174 228 71 nominantur.
578 1174 121 71 Quia
654 1174 91 71 si
699 1174 137 71 forte
790 1174 167 71 praeter
912 1174 137 71 actum
1003 1174 212 71 voluntatis
1170 1174 228 71 imperfectum
1352 1174 76 71 &
1367 1174 212 71 praecedentem

100 1231 188 64 notitiam
241 1231 251 64 imperfectam,
445 1231 110 64 qui
507 1231 110 64 est
570 1231 235 64 desiderare,
758 1231 157 64 ponant
868 1231 141 64 alium
962 1231 141 64 actum
1056 1231 219 64 voluntatis
1228 1231 110 64 qui
1290 1231 110 64 est
1353 1231 157 64 amare,
1447 1231 141 64 imperfe

106 1269 132 55 ctum
188 1269 181 55 quidem,
320 1269 115 55 cum
385 1269 165 55 nondum
501 1269 181 55 habetur
632 1269 214 55 perfecte,
797 1269 99 55 vt
846 1269 198 55 praesens
994 1269 115 55 per
1060 1269 263 55 intellectum:
1274 1269 214 55 perfectum
1439 1269 132 55 vero
1505 1269 82 55 cum

102 1320 106 47 per
162 1320 227 47 intellectum
344 1320 182 47 perfecte
481 1320 182 47 habetur:
617 1320 91 47 in
663 1320 121 47 ipso
738 1320 136 47 tamen
829 1320 121 47 esse
905 1320 242 47 beatitudinem
1102 1320 273 47 principaliter,
1329 1320 167 47 negant,
1435 1320 152 47 dicentes

110 1366 124 48 quod
187 1366 139 48 amare
280 1366 108 48 non
341 1366 155 48 potest
450 1366 124 48 esse
527 1366 170 48 vltimus
650 1366 155 48 finis:
759 1366 124 48 quia
836 1366 155 48 amatur
944 1366 139 48 bonum
1037 1366 108 48 non
1099 1366 139 48 solum
1191 1366 155 48 quando
1299 1366 185 48 habetur:
1438 1366 108 48 sed
1485 1366 108 48 etiam

106 1410 159 60 quando
218 1410 111 60 non
281 1410 191 60 habetur.
425 1410 96 60 Ex
472 1410 143 60 amore
568 1410 127 60 enim
647 1410 111 60 est
711 1410 127 60 quod
791 1410 111 60 non
855 1410 175 60 habitum
982 1410 207 60 desiderio
1141 1410 223 60 quaeratur:
1316 1410 80 60 &
1348 1410 96 60 si
1396 1410 127 60 amor
1476 1410 111 60 iam
1523 1410 64 60 ha

101 1448 124 65 biti
178 1448 108 65 sit
240 1448 232 65 perfectior,
425 1448 108 65 hoc
487 1448 185 65 causatur
626 1448 93 65 ex
672 1448 108 65 hoc
734 1448 124 65 quod
811 1448 139 65 bonum
904 1448 154 65 amatum
1012 1448 108 65 iam
1073 1448 185 65 praesens
1212 1448 185 65 habetur.
1351 1448 108 65 Hoc
1413 1448 139 65 autem
1490 1448 93 65 quod

102 1501 174 53 praesens
233 1501 174 53 habetur,
364 1501 102 53 est
422 1501 102 53 per
480 1501 232 53 intellectum.
669 1501 131 53 Aliud
756 1501 116 53 ergo
828 1501 102 53 est
886 1501 145 53 habere
988 1501 131 53 bonum
1075 1501 116 53 quod
1148 1501 102 53 est
1206 1501 145 53 finis,
1307 1501 116 53 quam
1380 1501 145 53 amare.
1481 1501 102 53 Sed
1525 1501 58 53 ad

101 1545 108 48 hoc
162 1545 108 48 est
224 1545 185 48 dicendum
363 1545 123 48 quod
440 1545 139 48 amare
532 1545 139 48 licet
624 1545 108 48 non
686 1545 108 48 sit
748 1545 169 48 vltimus
871 1545 139 48 finis
963 1545 247 48 simpliciter:
1164 1545 108 48 est
1225 1545 139 48 tamen
1318 1545 169 48 vltimus
1441 1545 92 48 in
1472 1545 123 48 genere

106 1589 177 63 actuum.
235 1589 113 63 Non
299 1589 145 63 autem
396 1589 145 63 illud
492 1589 145 63 amare
589 1589 258 63 imperfectum,
798 1589 113 63 quo
863 1589 113 63 non
927 1589 177 63 habitum
1056 1589 258 63 desideratur:
1265 1589 113 63 sed
1329 1589 225 63 perfectum,
1507 1589 113 63 quo

112 1631 100 51 iam
169 1631 157 51 habito,
283 1631 171 51 perfecte
411 1631 114 51 quis
482 1631 171 51 fruitur:
610 1631 85 51 ex
653 1631 85 51 eo
695 1631 142 51 quidem
795 1631 114 51 quod
866 1631 171 51 praesens
994 1631 171 51 habetur,
1122 1631 128 51 primo
1208 1631 100 51 per
1265 1631 213 51 intellectum
1435 1631 85 51 vt
1478 1631 142 51 forma:

110 1675 102 57 sed
169 1675 161 57 secundo
286 1675 131 57 multo
373 1675 204 57 perfectius
534 1675 102 57 per
592 1675 219 57 voluntatem:
767 1675 88 57 vt
811 1675 131 57 finis
898 1675 234 57 beatificans:
1088 1675 88 57 vt
1132 1675 146 57 dictum
1234 1675 117 57 est,
1307 1675 73 57 &
1336 1675 175 57 dicetur.
1468 1675 88 57 Et
1511 1675 117 57 quid

114 1724 185 50 vlterius
252 1724 200 50 assumunt,
406 1724 123 50 quod
483 1724 185 50 voluntas
622 1724 139 50 finem
715 1724 123 50 suum
792 1724 108 50 suo
853 1724 123 50 actu
930 1724 108 50 non
992 1724 231 50 assequitur:
1177 1724 123 50 quia
1254 1724 123 50 tunc
1331 1724 92 50 ex
1377 1724 92 50 eo
1423 1724 123 50 quod
1485 1724 108 50 finem

111 1770 207 58 appeteret,
274 1770 104 58 iam
333 1770 89 58 ei
377 1770 177 58 praesens
510 1770 148 58 esset:
614 1770 104 58 Non
673 1770 104 58 est
732 1770 148 58 verum:
836 1770 133 58 Sicut
925 1770 148 58 cupido
1028 1770 104 58 non
1087 1770 89 58 ex
1132 1770 104 58 hoc
1191 1770 133 58 adest
1279 1770 163 58 pecunia
1398 1770 118 58 quod
1472 1770 104 58 eam
1516 1770 74 58 con

112 1820 192 50 cupiscit.
260 1820 89 50 Et
304 1820 118 50 bene
378 1820 133 50 verum
467 1820 103 50 est
526 1820 118 50 quod
600 1820 118 50 isto
674 1820 118 50 actu
748 1820 103 50 suo
807 1820 207 50 imperfecto
969 1820 103 50 qui
1028 1820 103 50 est
1088 1820 133 50 quasi
1176 1820 133 50 motus
1265 1820 177 50 existens
1398 1820 89 50 in
1427 1820 163 50 potentia,

113 1867 105 44 non
173 1867 150 44 potest
278 1867 105 44 eum
338 1867 165 44 assequi
458 1867 105 44 cum
518 1867 105 44 sit
578 1867 165 44 absens:
698 1867 90 44 vt
743 1867 105 44 per
803 1867 135 44 ipsum
893 1867 120 44 fiat
968 1867 195 44 praesens:
1118 1867 225 44 quemadmodum
1298 1867 105 44 nec
1358 1867 210 44 desiderans
1523 1867 105 44 do-

107 1903 121 52 mum
176 1903 259 52 inhabitare,
383 1903 104 52 ex
435 1903 121 52 hoc
504 1903 225 52 desiderio
677 1903 156 52 habet
781 1903 156 52 domum
885 1903 242 52 praesentem
1075 1903 104 52 ad
1127 1903 294 52 inhabitandum.
1369 1903 138 52 Immo
1438 1903 156 52 oportet

112 1953 125 51 quod
191 1953 110 51 per
253 1953 235 51 intellectum
442 1953 125 51 sibi
520 1953 141 51 prius
614 1953 157 51 formet
724 1953 141 51 domum
818 1953 94 51 in
865 1953 220 51 intellectu
1037 1953 188 51 secundum
1179 1953 220 51 exigentiam
1351 1953 141 51 finis
1445 1953 78 51 &
1477 1953 125 51 eius
1539 1953 63 51 de

116 1999 280 48 terminationem,
350 1999 109 48 qui
412 1999 109 48 est
475 1999 249 48 inhabitatio:
677 1999 109 48 qua
739 1999 171 48 formata
864 1999 93 48 si
911 1999 109 48 non
973 1999 140 48 esset
1066 1999 140 48 domus
1160 1999 93 48 in
1207 1999 187 48 materia,
1347 1999 156 48 statim
1440 1999 156 48 volunta-

112 2035 93 59 te
159 2035 186 59 ferretur
299 2035 93 59 in
346 2035 109 59 eam
408 2035 93 59 ad
454 2035 264 59 inhabitandum:
672 2035 93 59 vt
718 2035 155 59 dictum
827 2035 109 59 est
889 2035 155 59 supra:
998 2035 78 59 &
1029 2035 124 59 isto
1107 2035 124 59 actu
1185 2035 202 59 solummodo
1340 2035 264 59 adipisceretur
1542 2035 62 59 si

104 2087 111 52 nem
168 2087 159 52 intra,
279 2087 111 52 qui
343 2087 111 52 est
406 2087 143 52 forma
502 2087 143 52 domus
597 2087 95 52 in
645 2087 159 52 mente,
756 2087 239 52 coniungendo
947 2087 111 52 cum
1011 2087 127 52 sine
1090 2087 143 52 extra
1186 2087 111 52 qui
1249 2087 111 52 est
1313 2087 254 52 inhabitatio:
1519 2087 80 52 &
1535 2087 64 52 es

117 2127 104 58 set
177 2127 134 58 vanus
266 2127 119 58 ille
340 2127 134 58 finis
429 2127 163 58 adeptus
548 2127 104 58 per
607 2127 238 58 intellectum,
800 2127 119 58 nisi
874 2127 134 58 alius
964 2127 134 58 finis
1053 2127 252 58 adipisceretur
1260 2127 104 58 per
1320 2127 223 58 voluntatem.
1498 2127 89 58 Et
1528 2127 74 58 ita

113 2173 137 62 sicut
204 2173 152 62 habita
310 2173 137 62 forma
402 2173 137 62 domus
493 2173 122 62 apta
569 2173 91 62 ad
615 2173 259 62 inhabitandum,
827 2173 91 62 in
873 2173 122 62 fine
949 2173 152 62 vltimo
1056 2173 106 62 qui
1116 2173 106 62 est
1177 2173 137 62 forma
1268 2173 137 62 domus
1360 2173 167 62 nunquam
1466 2173 137 62 quiesce

109 2225 108 49 ret
170 2225 231 49 aedificator
355 2225 108 49 qui
417 2225 108 49 eam
479 2225 123 49 sibi
556 2225 216 49 fabricauit
726 2225 93 49 ad
772 2225 262 49 inhabitandum,
988 2225 123 49 nisi
1065 2225 108 49 eam
1127 2225 262 49 adipisceretur
1343 2225 139 49 sicut
1435 2225 139 49 finem
1528 2225 108 49 in-

115 2261 187 56 habitando
259 2261 86 56 in
302 2261 101 56 ea:
359 2261 101 56 aut
417 2261 130 56 vanum
503 2261 130 56 esset
590 2261 72 56 &
619 2261 158 56 frustra
734 2261 72 56 &
763 2261 158 56 inutile
878 2261 101 56 eam
936 2261 173 56 fecisse:
1065 2261 101 56 sic
1123 2261 144 56 habito
1224 2261 144 56 vltimo
1324 2261 115 56 fine
1396 2261 86 56 in
1425 2261 173 56 intellectu

108 2308 98 63 sub
164 2308 154 63 ratione
276 2308 140 63 formae
373 2308 126 63 aptae
457 2308 84 63 ad
499 2308 182 63 fruendum,
639 2308 84 63 in
681 2308 112 63 fine
751 2308 112 63 isto
821 2308 98 63 qui
876 2308 98 63 est
932 2308 126 63 forma
1016 2308 70 63 &
1044 2308 126 63 finis
1128 2308 84 63 in
1170 2308 210 63 intellectu,
1338 2308 154 63 nunquam
1435 2308 168 63 quiesceret

120 2358 108 54 qui
181 2358 108 54 eam
243 2358 231 54 concupiuit:
428 2358 123 54 nisi
505 2358 108 54 eam
566 2358 262 54 adipisceretur
782 2358 123 54 sibi
859 2358 92 54 vt
906 2358 139 54 finem
998 2358 170 54 fruendo
1121 2358 108 54 ea.
1183 2358 92 54 Et
1229 2358 108 54 ita
1291 2358 170 54 modicum
1414 2358 154 54 esset,
1507 2358 92 54 mul-

102 2400 119 51 tum
170 2400 170 51 videre
289 2400 187 51 diuinam
425 2400 238 51 essentiam,
611 2400 136 51 immo
696 2400 153 51 quasi
798 2400 170 51 vanum,
917 2400 102 51 si
968 2400 204 51 voluntas
1121 2400 136 51 modo
1206 2400 255 51 perfectiori
1409 2400 85 51 &
1443 2400 136 51 modo
1511 2400 85 51 vl-

112 2439 169 66 teriori
235 2439 108 66 non
296 2439 246 66 assequeretur
496 2439 123 66 eam,
573 2439 77 66 &
603 2439 108 66 sub
665 2439 169 66 ratione
788 2439 138 66 finis
880 2439 215 66 vlterioris
1049 2439 92 66 ad
1095 2439 123 66 quem
1172 2439 200 66 ordinatur
1326 2439 184 66 charitas
1449 2439 138 66 tanquam

109 2489 152 60 donum
210 2489 219 60 supremum.
379 2489 135 60 Quod
463 2489 169 60 aperte
582 2489 202 60 testatur
733 2489 236 60 Augustinus
919 2489 101 60 de
970 2489 169 60 verbis
1088 2489 169 60 Domini
1206 2489 169 60 sermo.
1324 2489 118 60 xi.
1392 2489 118 60 Vbi
1442 2489 152 60 loquens

108 2537 89 56 de
153 2537 222 56 excellentia
330 2537 207 56 charitatis
493 2537 148 56 dicit.
596 2537 118 56 Quod
670 2537 163 56 commune
788 2537 104 56 est
848 2537 133 56 patri
936 2537 74 56 &
966 2537 148 56 filio,
1069 2537 104 56 per
1129 2537 104 56 hoc
1188 2537 104 56 nos
1247 2537 192 56 voluerunt
1395 2537 148 56 habere
1483 2537 104 56 commu

114 2580 165 51 nionem
230 2580 83 51 &
263 2580 149 51 inter
362 2580 116 51 nos
428 2580 83 51 &
461 2580 165 51 secum,
577 2580 116 51 hoc
643 2580 116 51 est
709 2580 116 51 per
775 2580 198 51 spiritum
924 2580 182 51 sanctum
1056 2580 83 51 &
1089 2580 149 51 donum
1188 2580 132 51 dei.
1271 2580 99 51 In
1320 2580 116 51 hoc
1386 2580 132 51 enim
1452 2580 149 51 reconci

119 2619 151 52 liamur
225 2619 227 52 diuinitati,
406 2619 136 52 eaque
497 2619 227 52 delectamur.
679 2619 106 52 Nam
739 2619 121 52 quid
815 2619 136 52 nobis
905 2619 197 52 prodesset
1057 2619 182 52 quicquid
1193 2619 121 52 boni
1268 2619 197 52 nossemus:
1420 2619 121 52 nisi
1480 2619 106 52 etiam

119 2671 251 46 diligeremus:
323 2671 141 46 Sicut
417 2671 141 46 autem
511 2671 188 46 veritate
652 2671 204 46 discimus,
809 2671 110 46 ita
871 2671 204 46 charitate
1028 2671 219 46 diligimus:
1200 2671 94 46 vt
1247 2671 78 46 &
1279 2671 172 46 plenius
1388 2671 204 46 cognoscamus

111 2713 87 69 &
145 2713 156 69 beati
250 2713 191 69 cognito
389 2713 261 69 perfruamur.
597 2713 174 69 Reuera
719 2713 226 69 charitate
893 2713 226 69 diligimus
1066 2713 104 69 in
1118 2713 139 69 vita
1205 2713 156 69 ista:
1310 2713 87 69 &
1344 2713 191 69 meremur
1483 2713 104 69 vt
1518 2713 87 69 per
