2017 3313
442 290 188 77 voluntas
583 290 125 77 actu
662 290 110 77 suo
724 290 94 77 in
771 290 125 77 ipso
849 290 125 77 alio
928 290 141 77 modo:
1022 290 110 77 cum
1084 290 141 77 ipsum
1178 290 157 77 habeat
1288 290 125 77 actu
1366 290 110 77 suo
1429 290 110 77 vno
1491 290 125 77 modo
1570 290 125 77 esse
1648 290 94 77 in
1695 290 235 77 intellectu,
1867 290 47 77 &

439 352 109 58 non
502 352 234 58 intellectus
689 352 125 58 vllo
767 352 125 58 modo
845 352 94 58 in
892 352 125 58 ipso
970 352 140 58 habet
1064 352 125 58 esse
1142 352 125 58 actu
1220 352 125 58 suo,
1298 352 109 58 sed
1360 352 140 58 actus
1454 352 125 58 eius
1532 352 203 58 solummodo
1688 352 218 58 terminatur
1860 352 94 58 ad

443 404 154 54 ipsum.
550 404 92 54 Et
597 404 123 54 illo
674 404 123 54 modo
751 404 108 54 quo
812 404 185 54 obiectum
951 404 139 54 habet
1043 404 123 54 esse
1120 404 92 54 in
1166 404 200 54 voluntate
1320 404 169 54 tantum,
1444 404 123 54 actu
1521 404 108 54 suo
1582 404 154 54 vnitur
1690 404 200 54 voluntati
1829 404 92 54 per-

434 453 169 53 fectius
557 453 123 53 quam
633 453 246 53 intellectui.
833 453 123 53 Illo
910 453 123 53 vero
987 453 123 53 modo
1064 453 108 53 quo
1125 453 184 53 voluntas
1263 453 138 53 habet
1356 453 123 53 esse
1432 453 123 53 actu
1509 453 108 53 suo
1571 453 92 53 in
1617 453 123 53 ipso
1694 453 184 53 obiecto:
1816 453 108 53 multo

434 496 134 60 magis
523 496 149 60 vnitur
628 496 89 60 ei
672 496 119 60 quam
747 496 119 60 ipsi
821 496 164 60 vniatur
940 496 223 60 intellectus
1119 496 119 60 actu
1193 496 164 60 illius.
1312 496 74 60 &
1342 496 104 60 sic
1401 496 223 60 simpliciter
1580 496 74 60 &
1610 496 179 60 absolute
1743 496 119 60 plus
1803 496 119 60 vnitur

437 537 163 55 obiecto
556 537 237 55 beatificanti
748 537 104 55 res
808 537 104 55 per
867 537 207 55 voluntatem
1030 537 74 55 &
1060 537 133 55 actum
1149 537 133 55 eius,
1237 537 119 55 quam
1312 537 104 55 per
1371 537 222 55 intellectum
1549 537 74 55 &
1578 537 133 55 actum
1667 537 119 55 eius
1741 537 222 55 quemcumque.

443 579 75 66 â‹
473 579 91 66 Ad
518 579 136 66 cuius
609 579 226 66 intellectum
790 579 181 66 sciendum
926 579 121 66 est:
1001 579 121 66 quod
1077 579 181 66 obiectum
1213 579 226 66 beatificans
1394 579 166 66 actione
1514 579 106 66 sua
1575 579 196 66 illabendi
1726 579 121 66 vnit
1801 579 91 66 se
1831 579 106 66 intel

438 629 151 57 lectui
543 629 90 57 vt
588 629 151 57 forma:
694 629 75 57 &
724 629 135 57 habet
814 629 120 57 esse
889 629 90 57 in
935 629 120 57 ipso
1010 629 181 57 secundum
1145 629 135 57 illum
1236 629 135 57 modum
1326 629 166 57 essendi
1446 629 90 57 in
1492 629 105 57 quo
1552 629 166 57 species
1672 629 135 57 habet
1762 629 120 57 esse
1838 629 90 57 in
1868 629 60 57 ma

438 675 140 66 teria,
536 675 154 66 praeter
648 675 98 66 hoc
704 675 112 66 quod
774 675 98 66 non
831 675 126 66 habet
915 675 112 66 esse
985 675 84 66 in
1027 675 112 66 ipso
1097 675 84 66 vt
1139 675 126 66 forma
1223 675 182 66 impressa,
1363 675 98 66 sed
1419 675 182 66 expressa:
1559 675 70 66 &
1588 675 98 66 sic
1644 675 224 66 constituitur
1826 675 112 66 vnum
1882 675 56 66 ex

443 725 104 56 eis
502 725 133 56 sicut
591 725 89 56 ex
636 725 207 56 intellectu
798 725 74 56 &
828 725 266 56 intelligibili:
1050 725 133 56 licet
1139 725 104 56 non
1198 725 148 56 omnino
1302 725 133 56 sicut
1390 725 89 56 ex
1435 725 133 56 forma
1524 725 74 56 &
1553 725 178 56 materia,
1686 725 89 56 vt
1731 725 133 56 alibi
1805 725 133 56 exposui

440 774 124 56 mus.
518 774 124 56 Nunc
596 774 140 56 autem
689 774 124 56 quia
766 774 233 56 intellectus
953 774 78 56 &
984 774 186 56 voluntas
1123 774 109 56 non
1185 774 171 56 distant
1309 774 124 56 loco
1387 774 140 56 neque
1480 774 202 56 subiecto:
1635 774 109 56 sed
1697 774 140 56 solum
1790 774 93 56 in
1837 774 124 56 modo

449 826 155 57 quodam
558 826 78 57 &
589 826 155 57 ordine
698 826 93 57 in
744 826 233 57 diuersimode
930 826 93 57 se
977 826 171 57 habendo
1101 826 93 57 ad
1147 826 202 57 obiectum,
1303 826 93 57 vt
1349 826 140 57 alibi
1442 826 217 57 exposuimus
1613 826 93 57 in
1659 826 217 57 quaestione
1830 826 93 57 de
1861 826 62 57 po

445 865 170 58 tentiis
568 865 170 58 animae:
691 865 123 58 ldeo
769 865 108 58 cum
830 865 185 58 obiectum
969 865 123 58 actu
1046 865 108 58 suo
1108 865 201 58 illabendi
1262 865 123 58 vnit
1340 865 93 58 se
1386 865 231 58 intellectui
1571 865 93 58 vt
1617 865 139 58 forma
1710 865 154 58 mouens
1803 865 123 58 ipsum,

450 914 196 55 eliciendo
601 914 91 55 ex
646 914 121 55 ipso
722 914 136 55 actum
812 914 257 55 intelligendi:
1024 914 136 55 simul
1114 914 196 55 duratione
1265 914 121 55 etsi
1341 914 151 55 ordine
1447 914 151 55 quodam
1552 914 166 55 naturae
1673 914 106 55 aut
1734 914 196 55 rationis,
1870 914 60 55 eo

443 961 104 57 dem
503 961 119 57 actu
577 961 119 57 vnit
651 961 89 57 se
696 961 193 57 voluntati
844 961 89 57 vt
889 961 134 57 finis
978 961 149 57 mouens
1082 961 134 57 ipsam
1171 961 208 57 alliciendo
1335 961 89 57 ad
1379 961 149 57 illud,
1483 961 89 57 vt
1528 961 119 57 actu
1602 961 104 57 suo
1662 961 89 57 in
1706 961 134 57 ipsum
1780 961 149 57 feratur.

449 1004 93 61 Et
496 1004 187 61 intantum
636 1004 125 61 vnit
714 1004 93 61 se
761 1004 187 61 obiectum
901 1004 125 61 actu
979 1004 109 61 suo
1041 1004 202 61 illabendi
1197 1004 202 61 voluntati
1352 1004 93 61 vt
1399 1004 156 61 finis:
1508 1004 78 61 &
1539 1004 140 61 habet
1632 1004 125 61 esse
1710 1004 93 61 in
1757 1004 125 61 ipso
1819 1004 109 61 sicut

441 1056 158 55 motiuum
556 1056 86 55 in
599 1056 158 55 mobili:
714 1056 158 55 quantum
829 1056 86 55 se
872 1056 115 55 vnit
944 1056 115 55 actu
1016 1056 129 55 eodem
1102 1056 216 55 intellectui
1275 1056 86 55 vt
1318 1056 144 55 forma:
1419 1056 86 55 et
1462 1056 129 55 habet
1548 1056 115 55 esse
1620 1056 86 55 in
1663 1056 115 55 ipso
1735 1056 129 55 sicut
1807 1056 115 55 intel-

439 1091 176 63 ligibile
572 1091 88 63 in
616 1091 220 63 intellectu,
792 1091 103 63 aut
851 1091 132 63 forma
939 1091 88 63 in
983 1091 191 63 subiecto.
1130 1091 88 63 Et
1174 1091 132 63 nihil
1262 1091 176 63 operatur
1394 1091 88 63 ad
1438 1091 162 63 vnionem
1556 1091 162 63 aliquam
1674 1091 162 63 obiecti
1791 1091 103 63 cum
1835 1091 103 63 intel

437 1142 139 61 lectu
529 1142 139 61 actus
622 1142 263 61 intelligendi,
839 1142 108 61 sed
901 1142 124 61 ipse
978 1142 201 61 solummodo
1133 1142 217 61 terminatur
1303 1142 93 61 in
1349 1142 186 61 obiectum
1488 1142 139 61 dicto
1581 1142 124 61 modo
1659 1142 170 61 vnitum:
1782 1142 108 61 sed
1829 1142 108 61 actus

452 1194 197 54 voluntatis
607 1194 98 54 qua
663 1194 169 54 voluntas
790 1194 155 54 allecta
902 1194 141 54 fertur
1001 1194 84 54 in
1043 1194 183 54 obiectum,
1183 1194 169 54 operatur
1310 1194 155 54 vnionem
1423 1194 197 54 voluntatis
1577 1194 98 54 cum
1634 1194 155 54 obiecto
1746 1194 155 54 acumine
1845 1194 84 54 suae

432 1235 245 66 penetrationis
633 1235 158 66 virtute
749 1235 158 66 amoris,
864 1235 130 66 multo
950 1235 158 66 maiorem
1066 1235 115 66 quam
1138 1235 115 66 erat
1210 1235 115 66 vnio
1282 1235 202 66 praecedens
1440 1235 187 66 obiectum,
1584 1235 101 66 vel
1642 1235 101 66 cum
1699 1235 216 66 intellectu,
1858 1235 72 66 vel

434 1293 98 55 cum
490 1293 196 55 voluntate,
644 1293 168 55 secundum
770 1293 280 55 praedeterminatum
1008 1293 140 55 modum.
1106 1293 84 55 Et
1148 1293 98 55 non
1204 1293 126 55 solum
1288 1293 126 55 actus
1372 1293 196 55 voluntatis
1526 1293 196 55 terminatur
1680 1293 84 55 in
1722 1293 182 55 obiectum:
1848 1293 84 55 immo

437 1335 104 51 per
497 1335 134 51 ipsum
586 1335 179 51 voluntas
720 1335 104 51 sit
780 1335 89 51 in
825 1335 164 51 obiecto
944 1335 119 51 modo
1019 1335 119 51 illo
1093 1335 104 51 quo
1153 1335 164 51 aliquod
1272 1335 134 51 habet
1361 1335 119 51 esse
1436 1335 89 51 in
1481 1335 119 51 alio
1555 1335 89 51 vt
1600 1335 89 51 in
1645 1335 149 51 optimo
1749 1335 75 51 &
1779 1335 134 51 fine.
1853 1335 75 51 quo

431 1380 107 56 modo
498 1380 147 56 essendi
605 1380 94 56 in,
658 1380 187 56 perfectior
805 1380 161 56 causatur
926 1380 107 56 vnio
993 1380 67 56 &
1019 1380 134 56 vnitas
1113 1380 107 56 eius
1180 1380 107 56 quod
1247 1380 94 56 est
1300 1380 94 56 in,
1354 1380 94 56 cum
1407 1380 107 56 illo
1474 1380 94 56 cui
1528 1380 134 56 inest:
1621 1380 107 56 quam
1688 1380 134 56 aliquo
1782 1380 107 56 alio
1849 1380 107 56 modo

444 1414 147 67 essendi
550 1414 80 67 in
590 1414 67 67 â‹
617 1414 80 67 Et
657 1414 107 67 quod
724 1414 173 67 assumitur
857 1414 80 67 in
897 1414 187 67 argumento:
1044 1414 107 67 quod
1110 1414 120 67 actus
1190 1414 200 67 infinitatis
1350 1414 107 67 plus
1417 1414 107 67 vnit
1484 1414 107 67 quam
1550 1414 187 67 finitatis:
1697 1414 160 67 Dicendum
1817 1414 107 67 quod
1870 1414 67 67 li-

431 1465 107 55 cet
492 1465 153 55 diuina
599 1465 137 55 actio
690 1465 92 55 ex
736 1465 244 55 comparatione
934 1465 92 55 ad
980 1465 183 55 agentem,
1117 1465 76 55 &
1148 1465 92 55 vt
1194 1465 92 55 ab
1239 1465 122 55 ipso
1316 1465 214 55 egreditur,
1483 1465 137 55 habet
1575 1465 244 55 infinitatem:
1773 1465 92 55 ex
1804 1465 137 55 compara

431 1510 124 59 tione
514 1510 124 59 tamen
597 1510 83 59 ad
638 1510 83 59 id
680 1510 83 59 in
721 1510 110 59 quod
790 1510 193 59 recipitur:
942 1510 69 59 &
969 1510 83 59 vt
1011 1510 83 59 in
1052 1510 83 59 id
1093 1510 193 59 recipitur:
1245 1510 110 59 quia
1314 1510 97 59 non
1369 1510 179 59 recipitur
1507 1510 83 59 in
1549 1510 110 59 illo
1618 1510 110 59 nisi
1687 1510 166 59 secundum
1811 1510 124 59 modum
1880 1510 55 59 re

435 1559 252 57 ceptibilitatis
645 1559 154 57 illius,
757 1559 266 57 necessariohabet
981 1559 196 57 finitatem,
1135 1559 70 57 &
1163 1559 98 57 non
1220 1559 112 57 vnit
1290 1559 112 57 nisi
1360 1559 168 57 secundum
1486 1559 126 57 modum
1570 1559 98 57 quo
1626 1559 182 57 subiectum
1766 1559 98 57 est
1808 1559 126 57 recepti

440 1603 112 53 bile
510 1603 169 53 vnionis.
637 1603 98 53 Non
693 1603 169 53 obstante
819 1603 112 53 ergo
889 1603 211 53 diuersitate
1058 1603 169 53 actionum
1184 1603 197 53 praedicta,
1339 1603 140 53 quibus
1437 1603 169 53 obiectum
1564 1603 84 53 se
1606 1603 112 53 vnit
1676 1603 225 53 intellectui,
1859 1603 70 53 &
1873 1603 56 53 vo

440 1650 151 54 luntas
546 1650 121 54 vnit
622 1650 91 54 se
667 1650 182 54 obiecto:
803 1650 121 54 quia
879 1650 136 54 tamen
970 1650 227 54 intellectus
1152 1650 106 54 non
1212 1650 106 54 est
1273 1650 242 54 receptibilis
1470 1650 151 54 tantae
1576 1650 273 54 profundationis
1788 1650 151 54 intelli-

443 1701 164 60 gibilis
562 1701 89 60 in
607 1701 134 60 ipso:
696 1701 134 60 neque
785 1701 104 60 suo
845 1701 119 60 actu
919 1701 149 60 tantum
1023 1701 134 60 natus
1112 1701 104 60 est
1172 1701 208 60 speculando
1335 1701 193 60 penetrare
1484 1701 149 60 ipsum:
1588 1701 164 60 quantae
1692 1701 238 60 profundationis

445 1741 226 61 voluntatis
622 1741 97 61 in
671 1741 194 61 obiectum
816 1741 242 61 receptibile
1009 1741 113 61 est
1074 1741 145 61 ipsum
1171 1741 210 61 obiectum,
1332 1741 81 61 &
1364 1741 177 61 quantum
1493 1741 194 61 voluntas
1639 1741 113 61 suo
1703 1741 129 61 actu
1784 1741 129 61 nata
1848 1741 81 61 est

442 1793 159 56 amando
554 1793 207 56 penetrare
713 1793 143 56 ipsum
809 1793 207 56 obiectum,
968 1793 96 56 vt
1016 1793 143 56 patet
1111 1793 96 56 ex
1159 1793 143 56 supra
1255 1793 175 56 dictis,
1382 1793 175 56 Idcirco
1510 1793 191 56 voluntas
1653 1793 112 56 suo
1717 1793 127 56 actu
1781 1793 159 56 amatorio

443 1828 113 65 plus
514 1828 113 65 vnit
584 1828 85 65 se
627 1828 170 65 obiecto:
754 1828 71 65 &
782 1828 113 65 plus
853 1828 127 65 ipsum
938 1828 184 65 penetrat:
1079 1828 113 65 quam
1150 1828 141 65 faciat
1248 1828 226 65 intellectus.
1432 1828 99 65 Nec
1489 1828 170 65 obsistit
1616 1828 85 65 in
1658 1828 99 65 hoc
1715 1828 184 65 infinitas
1842 1828 99 65 actus

443 1884 183 53 illabendi
584 1884 85 53 ex
626 1884 127 53 parte
711 1884 113 53 eius
781 1884 71 53 a
810 1884 99 53 quo
866 1884 113 53 est:
937 1884 99 53 cum
993 1884 99 53 sit
1049 1884 155 53 finitas
1162 1884 183 53 vtrobique
1303 1884 85 53 ex
1346 1884 127 53 parte
1430 1884 113 53 eius
1501 1884 85 53 in
1543 1884 113 53 quod
1614 1884 127 53 actus
1698 1884 226 53 recipiuntur.
1868 1884 56 53 Et

444 1923 100 65 hoc
501 1923 215 65 quemadmodum
673 1923 129 65 licet
759 1923 100 65 lux
817 1923 129 65 solis
903 1923 158 65 quantum
1018 1923 100 65 est
1075 1923 86 65 ex
1118 1923 100 65 se,
1175 1923 72 65 &
1204 1923 86 65 vt
1247 1923 187 65 egreditur
1391 1923 72 65 a
1419 1923 129 65 sole,
1506 1923 129 65 magis
1592 1923 115 65 nata
1663 1923 100 65 est
1721 1923 201 65 profundari
1879 1923 86 65 in

450 1973 145 53 visum:
551 1973 72 53 &
580 1973 87 53 se
623 1973 159 53 vniendo
739 1973 116 53 illi
811 1973 130 53 ipsum
898 1973 145 53 mouere
1000 1973 87 53 ad
1043 1973 130 53 actum
1130 1973 174 53 videndi,
1260 1973 116 53 quam
1333 1973 101 53 lux
1390 1973 188 53 candelae:
1535 1973 159 53 quantum
1651 1973 130 53 tamen
1738 1973 101 53 est
1796 1973 87 53 ex
1825 1973 101 53 parte

443 2023 230 58 recipientis
626 2023 107 58 lux
688 2023 184 58 candelae
825 2023 138 58 magis
917 2023 122 58 nata
994 2023 107 58 est
1055 2023 214 58 profundari
1223 2023 92 58 in
1269 2023 138 58 visum
1361 2023 138 58 cati,
1453 2023 77 58 &
1483 2023 92 58 se
1529 2023 168 58 vniendo
1652 2023 122 58 illi
1728 2023 138 58 ipsum
1805 2023 122 58 mouere

437 2066 87 58 ad
481 2066 131 58 actum
568 2066 174 58 videndi:
699 2066 116 58 quam
772 2066 102 58 lux
830 2066 131 58 solis
917 2066 116 58 nata
990 2066 102 58 est
1048 2066 204 58 profundari
1208 2066 87 58 in
1252 2066 131 58 visum
1339 2066 276 58 vespertilionis,
1572 2066 73 58 &
1601 2066 87 58 se
1644 2066 160 58 vniendo
1761 2066 116 58 illi
1833 2066 131 58 ipsum

432 2116 146 56 mouere
535 2116 88 56 ad
579 2116 132 56 actum
666 2116 175 56 videndi.
798 2116 88 56 Et
842 2116 190 56 praeterea
988 2116 132 56 actus
1075 2116 146 56 amandi
1178 2116 102 56 quo
1236 2116 175 56 voluntas
1368 2116 146 56 fertur
1470 2116 88 56 in
1514 2116 190 56 obiectum,
1660 2116 102 56 non
1718 2116 161 56 penitus
1821 2116 102 56 caret

436 2160 208 54 infinitate
599 2160 89 54 ex
644 2160 134 54 parte
733 2160 119 54 eius
807 2160 74 54 a
837 2160 104 54 quo
896 2160 208 54 egreditur.
1059 2160 163 54 Dicimus
1178 2160 119 54 enim
1252 2160 119 54 quod
1327 2160 134 54 actum
1416 2160 148 54 amandi
1519 2160 193 54 gloriosum
1668 2160 104 54 non
1727 2160 148 54 elicit
1816 2160 119 54 volun-

451 2206 101 60 tas
508 2206 87 60 ex
552 2206 87 60 se
595 2206 87 60 in
639 2206 159 60 virtute
755 2206 101 60 sua
812 2206 174 60 naturali
943 2206 130 60 sola,
1030 2206 101 60 sed
1087 2206 87 60 in
1131 2206 159 60 virtute
1247 2206 159 60 diuina.
1362 2206 87 60 Et
1406 2206 101 60 hoc
1464 2206 217 60 dupliciter.
1637 2206 101 60 Vno
1695 2206 130 60 modo,
1782 2206 116 60 quia
1855 2206 101 60 per

450 2251 153 49 habitum
561 2251 195 49 charitatis
714 2251 153 49 creatae
825 2251 97 49 quo
881 2251 167 49 voluntas
1006 2251 208 49 informatur.
1173 2251 111 49 Alio
1242 2251 111 49 modo
1312 2251 97 49 per
1367 2251 125 49 ipsum
1451 2251 167 49 spiritum
1576 2251 167 49 sanctum,
1701 2251 97 49 qui
1756 2251 83 49 vt
1784 2251 139 49 charitas

445 2295 176 51 increata
577 2295 176 51 existens
709 2295 102 51 est
767 2295 88 51 in
811 2295 190 51 voluntate
957 2295 132 51 sicut
1045 2295 132 51 motor
1133 2295 88 51 in
1177 2295 146 51 mobili
1279 2295 88 51 ad
1323 2295 205 51 eliciendum
1484 2295 132 51 actum
1572 2295 190 51 amatorium
1704 2295 219 51 beatificantem

443 2342 116 62 quem
516 2342 116 62 sine
589 2342 116 62 eius
661 2342 160 62 impulsu
777 2342 189 62 immediato
922 2342 145 62 natura
1024 2342 203 62 voluntatis
1183 2342 102 62 cum
1241 2342 102 62 suo
1299 2342 145 62 habitu
1401 2342 203 62 charitatis
1560 2342 174 62 creatae,
1691 2342 131 62 etiam
1778 2342 102 62 per
1821 2342 102 62 motum

442 2397 125 52 conem
525 2397 167 52 spiritus
651 2397 153 52 sancti,
762 2397 153 52 quomodo
873 2397 125 52 neque
956 2397 167 52 mediante
1081 2397 139 52 habitu
1179 2397 83 52 ad
1220 2397 195 52 eliciendos
1373 2397 125 52 actus
1457 2397 153 52 aliarum
1568 2397 181 52 virtutum.
1707 2397 167 52 scilicet
1832 2397 111 52 spei
1887 2397 42 52 &

443 2430 125 59 fidei
526 2430 83 59 in
568 2430 111 59 via,
637 2430 97 59 non
692 2430 166 59 sufficit
817 2430 152 59 elicere
928 2430 152 59 propter
1039 2430 139 59 illius
1136 2430 125 59 actus
1219 2430 235 59 excellentiam,
1413 2430 69 59 &
1440 2430 139 59 summam
1537 2430 208 59 efficaciam,
1704 2430 83 59 in
1745 2430 139 59 tantum
1828 2430 111 59 vnien-

443 2472 88 67 do
487 2472 161 67 obiecto
605 2472 73 67 &
634 2472 132 67 ipsum
722 2472 220 67 penetrando,
898 2472 132 67 sicut
986 2472 132 67 supra
1073 2472 190 67 expositum
1220 2472 117 67 est.
1293 2472 88 67 Vt
1337 2472 103 67 sic
1396 2472 161 67 dicamus
1513 2472 176 67 secundum
1645 2472 117 67 quod
1718 2472 132 67 dicit
1791 2472 147 67 Magister

438 2523 88 61 in
482 2523 219 61 sententiis,
657 2523 117 61 quod
730 2523 131 61 alios
818 2523 131 61 actus
905 2523 131 61 atque
993 2523 131 61 motus
1080 2523 175 61 virtutum
1211 2523 175 61 operatur
1343 2523 175 61 spiritus
1474 2523 160 61 sanctus
1591 2523 219 61 mediantibus
1751 2523 175 61 virtutibus

445 2568 147 63 quarum
548 2568 132 63 actus
636 2568 132 63 sunt,
724 2568 88 63 vt
768 2568 118 63 puta
842 2568 132 63 actum
930 2568 132 63 fidei
1018 2568 103 63 qui
1077 2568 103 63 est
1136 2568 176 63 credere,
1268 2568 118 63 fide
1341 2568 147 63 media:
1444 2568 73 63 &
1474 2568 132 63 actum
1562 2568 118 63 spei
1635 2568 88 63 id
1679 2568 103 63 est
1738 2568 176 63 sperare,
1856 2568 73 63 me-

440 2614 103 65 dia
499 2614 118 65 spe:
573 2614 103 65 ita
631 2614 118 65 quod
705 2614 103 65 non
763 2614 162 65 oportet
881 2614 147 65 dicere
984 2614 118 65 quod
1057 2614 103 65 cum
1116 2614 103 65 hoc
1175 2614 147 65 aliquo
1278 2614 118 65 modo
1351 2614 176 65 speciali
1483 2614 162 65 praeter
1601 2614 176 65 communem
1733 2614 132 65 modum
1806 2614 118 65 agendi

444 2666 179 58 scilicet
578 2666 89 58 si
623 2666 149 58 moueat
727 2666 193 58 immediate
876 2666 89 58 ad
920 2666 134 58 istos
1010 2666 134 58 actus
1099 2666 223 58 eliciendos.
1277 2666 134 58 Actum
1367 2666 119 58 vero
1441 2666 193 58 diligendi
1590 2666 104 58 seu
1649 2666 149 58 amandi
1753 2666 89 58 i.
1783 2666 149 58 diligere

450 2709 197 68 operatur,
601 2709 106 68 non
662 2709 106 68 per
722 2709 91 68 se
768 2709 151 68 tantum
873 2709 121 68 sine
949 2709 182 68 alicuius
1085 2709 182 68 virtutis
1221 2709 136 68 medio
1312 2709 151 68 (licet
1418 2709 106 68 hoc
1478 2709 136 68 dicat
1569 2709 182 68 Magister
1690 2709 227 68 sententiarum-

442 2761 96 54 in
490 2761 112 54 quo
554 2761 112 54 non
619 2761 193 54 tenetur)
763 2761 112 54 sed
827 2761 193 54 mediante
972 2761 161 54 habitu
1084 2761 193 54 virtutis
1229 2761 128 54 quae
1309 2761 112 54 est
1373 2761 193 54 charitas
1518 2761 177 54 creata:
1646 2761 80 54 &
1678 2761 112 54 cum
1726 2761 193 54 hocpraeter

435 2800 210 82 communem
592 2800 157 82 modum
697 2800 122 82 quo
766 2800 192 82 mediate
906 2800 87 82 &
941 2800 227 82 immediate
1116 2800 192 82 dicitur
1255 2800 192 82 operari
1395 2800 157 82 omnia
1500 2800 157 82 opera
1605 2800 279 82 creaturarum,
1814 2800 105 82 ope
