2017 3264
123 294 168 70 fectum
241 294 202 70 secundum
392 294 252 70 qualitatem,
594 294 168 70 quando
712 294 151 70 nihil
812 294 219 70 inuenitur
980 294 185 70 dignius
1115 294 101 70 eo
1165 294 101 70 in
1216 294 118 70 suo
1283 294 185 70 genere.
1417 294 185 70 Medicus
1535 294 101 70 enim

140 364 169 55 dicitur
263 364 200 55 perfectus
417 364 77 55 a
447 364 108 55 quo
509 364 138 55 nihil
601 364 215 55 diminuitur
770 364 92 55 ex
817 364 108 55 eis
878 364 123 55 quae
955 364 200 55 pertinent
1109 364 92 55 ad
1155 364 185 55 actionem
1294 364 215 55 medicinae:
1463 364 77 55 &
1494 364 108 55 quo
1540 364 92 55 nul-

139 408 111 57 lus
203 408 175 57 medicus
330 408 111 57 est
394 408 239 57 perfectior.
584 408 254 57 Transumptiue
791 408 127 57 vero
871 408 175 57 dicitur
998 408 207 57 perfectum
1157 408 159 57 quando
1268 408 111 57 est
1332 408 207 57 perfectio
1475 408 159 57 secundum

149 454 90 50 id
194 454 120 50 quod
269 454 105 50 est
329 454 135 50 malum
419 454 240 50 simpliciter,
613 454 195 50 inquantum
763 454 135 50 tamen
853 454 90 50 in
898 454 120 50 malo
973 454 135 50 cadit
1063 454 135 50 ratio
1153 454 195 50 bonitatis
1302 454 90 50 ex
1347 454 150 50 ordine
1452 454 90 50 ad
1497 454 120 50 suum
1557 454 75 50 fi-

151 502 124 54 nem:
229 502 140 54 licet
322 502 186 54 secundum
462 502 140 54 quid,
555 502 124 54 quia
633 502 109 54 non
695 502 109 54 est
757 502 93 54 ad
803 502 140 54 finem
897 502 140 54 bonum
990 502 109 54 sed
1052 502 155 54 malum:
1160 502 109 54 qui
1222 502 109 54 non
1285 502 109 54 est
1347 502 140 54 finis
1440 502 124 54 nisi
1502 502 124 54 secun-

146 545 105 52 dum
206 545 135 52 quid.
296 545 105 52 Non
356 545 120 52 enim
432 545 120 52 omne
507 545 165 52 vltimum
627 545 150 52 finis:
732 545 105 52 sed
792 545 180 52 optimum,
928 545 90 52 vt
973 545 180 52 dicitur.
1108 545 105 52 ii.
1168 545 150 52 physi.
1273 545 90 52 Et
1318 545 105 52 per
1378 545 120 52 hunc
1454 545 135 52 modum
1529 545 105 52 secun

153 593 118 51 dum
221 593 271 51 Philosophum.
441 593 101 51 v.
491 593 152 51 meta.
593 593 186 51 dicimus
728 593 203 51 mendacem
880 593 220 51 perfectum
1049 593 85 51 &
1083 593 203 51 latronem
1235 593 237 51 perfectum:
1421 593 135 51 quia
1489 593 152 51 vocamus

150 637 104 51 eos
210 637 148 51 nomine
313 637 208 51 bonitatis:
477 637 74 51 &
507 637 163 51 dicimus
625 637 119 51 quod
700 637 104 51 est
759 637 134 51 bonus
848 637 134 51 latro
937 637 74 51 &
967 637 134 51 bonus
1056 637 163 51 mendax.
1175 637 119 51 Vnde
1249 637 119 51 quia
1323 637 193 51 perfectio
1472 637 104 51 est
1516 637 119 51 ipsius

147 679 150 58 finis:
252 679 120 58 quia
327 679 135 58 finis
417 679 105 58 est
477 679 165 58 vltimum
596 679 90 58 in
641 679 105 58 re:
701 679 135 58 finem
791 679 75 58 &
821 679 240 58 perfectionem
1016 679 240 58 transferendo
1211 679 75 58 a
1241 679 135 58 bonis
1330 679 90 58 ad
1375 679 150 58 praua:
1480 679 120 58 quia
1540 679 90 58 ambo

146 727 144 57 vltima
246 727 129 57 sunt:
332 727 158 57 dicimus
447 727 115 57 quod
519 727 158 57 aliquis
634 727 216 57 corrumpitur
807 727 172 57 perfecta
936 727 216 57 corruptione
1109 727 72 57 &
1137 727 201 57 destruitur
1295 727 172 57 perfecta
1410 727 216 57 distructione:

150 771 155 55 quando
258 771 139 55 nihil
351 771 139 55 deest
443 771 108 55 aut
505 771 216 55 diminuitur
675 771 232 55 corruptioni
861 771 77 55 &
892 771 139 55 malo:
985 771 108 55 sed
1046 771 108 55 est
1108 771 93 55 in
1155 771 155 55 vltimo
1263 771 247 55 corruptionis
1464 771 77 55 &
1495 771 139 55 valde
1572 771 62 55 ma

141 819 114 47 lum.
212 819 86 47 Si
255 819 128 47 autem
340 819 100 47 sit
397 819 228 47 imperfectum:
583 819 114 47 quia
654 819 228 47 susceptibile
839 819 100 47 est
897 819 200 47 additionis
1053 819 128 47 extra
1139 819 242 47 simplicitatem
1339 819 114 47 suae
1410 819 200 47 essentiae:
1567 819 100 47 aut

150 864 116 50 ergo
222 864 159 50 tanquam
338 864 130 50 totum
425 864 145 50 partis
526 864 130 50 intra
613 864 101 50 se:
671 864 101 50 aut
729 864 159 50 tanquam
845 864 116 50 pars
918 864 145 50 partis
1019 864 130 50 supra
1106 864 101 50 se.
1164 864 130 50 Primo
1251 864 116 50 modo
1324 864 217 50 imperfectum
1498 864 101 50 est
1541 864 87 50 omne

141 910 136 45 totum
231 910 121 45 quod
307 910 166 45 deficit
428 910 106 45 aut
488 910 211 45 diminuitur
654 910 91 45 in
699 910 151 45 aliqua
805 910 136 45 parte
896 910 121 45 quae
971 910 91 45 ad
1016 910 241 45 integritatem
1212 910 121 45 suam
1288 910 226 45 requiritur.
1469 910 91 45 Et
1514 910 91 45 ex
1544 910 91 45 oppo

140 953 120 53 sito
215 953 194 53 perfectum
364 953 105 53 est
424 953 134 53 illud
514 953 179 53 secundum
648 953 239 53 Philosophum.
842 953 90 53 v.
887 953 134 53 meta.
977 953 134 53 cuius
1066 953 224 53 impossibile
1246 953 105 53 est
1305 953 179 53 accipere
1440 953 134 53 aliam
1514 953 120 53 partem

144 999 131 56 extra
232 999 160 56 omnino:
348 999 73 56 &
377 999 102 56 hoc
436 999 218 56 dupliciter:
610 999 102 56 vel
668 999 87 56 in
712 999 87 56 se
756 999 73 56 &
785 999 189 56 absolute,
930 999 102 56 vel
989 999 87 56 in
1032 999 175 56 respectu
1163 999 87 56 ad
1207 999 160 56 aliquid
1323 999 146 56 aliud.
1425 999 131 56 Primo
1513 999 116 56 modo
1571 999 58 56 se

144 1045 129 50 cundum
234 1045 142 50 Commen.
338 1045 142 50 ibidem,
441 1045 103 50 homo
505 1045 142 50 dicitur
609 1045 103 50 esse
673 1045 168 50 perfectus
802 1045 129 50 quando
893 1045 129 50 nullum
983 1045 142 50 membrum
1086 1045 129 50 illius
1176 1045 90 50 est
1228 1045 116 50 extra
1305 1045 116 50 ipsum
1383 1045 77 50 id
1422 1045 90 50 is.
1473 1045 90 50 qui
1525 1045 90 50 non
1563 1045 65 50 est

140 1091 93 52 in
187 1091 155 52 aliquo
296 1091 155 52 membro
404 1091 217 52 diminutus.
575 1091 171 52 Secundo
699 1091 124 52 modo
776 1091 171 52 dicitur
900 1091 202 52 perfectum
1055 1091 155 52 tempus
1164 1091 202 52 periodale
1319 1091 217 52 cuiuslibet
1489 1091 109 52 rei
1536 1091 93 52 natu

147 1138 131 58 ralis
235 1138 145 58 extra,
336 1138 116 58 quia
409 1138 174 58 secundum
540 1138 218 58 Philosophum
714 1138 102 58 non
772 1138 102 58 est
831 1138 174 58 accipere
961 1138 145 58 tempus
1063 1138 160 58 aliquod
1179 1138 116 58 quod
1252 1138 102 58 sit
1310 1138 145 58 illius
1412 1138 174 58 temporis
1528 1138 102 58 pars.

145 1189 80 53 vt
185 1189 107 53 enim
252 1189 121 53 dicit
332 1189 161 53 Commnet.
453 1189 147 53 ibidem,
560 1189 134 53 Tempus
654 1189 121 53 vitae
734 1189 174 53 perfectum
868 1189 80 53 in
908 1189 174 53 vnoquoque
1042 1189 107 53 ente
1109 1189 94 53 est
1163 1189 80 53 id
1203 1189 121 53 extra
1284 1189 107 53 quod
1351 1189 94 53 non
1404 1189 174 53 inuenitur
1525 1189 107 53 tempus

143 1225 122 60 quod
219 1225 107 60 sit
280 1225 122 60 pars
356 1225 152 60 illius
463 1225 198 60 temporis.
615 1225 91 60 Et
660 1225 107 60 per
721 1225 122 60 hunc
798 1225 137 60 modum
889 1225 167 60 dicitur
1011 1225 167 60 numerus
1133 1225 198 60 perfectus
1285 1225 122 60 ille
1361 1225 107 60 qui
1422 1225 167 60 constat
1544 1225 91 60 ex
1574 1225 61 60 o-

135 1274 140 57 mnibus
233 1274 168 57 partibus
359 1274 112 57 suis
429 1274 182 57 aliquotis
569 1274 168 57 respectu
695 1274 140 57 omnium
793 1274 154 57 aliorum
905 1274 196 57 numerorum.
1059 1274 126 57 nihil
1143 1274 112 57 enim
1213 1274 126 57 habet
1297 1274 126 57 extra
1381 1274 84 57 se
1423 1274 112 57 quid
1493 1274 98 57 sit
1535 1274 84 57 pars

124 1320 117 46 eius
197 1320 102 46 vel
256 1320 117 46 pars
329 1320 117 46 suae
402 1320 161 46 partis:
519 1320 131 46 sicut
606 1320 146 46 habent
709 1320 161 46 numerus
826 1320 175 46 abundans
957 1320 73 46 &
986 1320 205 46 diminutus.
1147 1320 88 46 Si
1191 1320 117 46 vero
1264 1320 102 46 sit
1322 1320 219 46 imperfectum
1483 1320 146 46 suscepti

129 1363 113 51 bile
199 1363 197 51 additionis
354 1363 127 51 extra
438 1363 239 51 simplicitatem
635 1363 113 51 suae
706 1363 183 51 essentiae
846 1363 155 51 tanquam
959 1363 113 51 pars
1029 1363 141 51 partis
1128 1363 169 51 alterius
1254 1363 127 51 supra
1339 1363 84 51 se
1381 1363 84 51 ad
1409 1363 211 51 constituendum

136 1409 141 48 totum:
235 1409 99 48 hoc
291 1409 113 48 modo
361 1409 211 48 imperfectum
530 1409 141 48 semper
629 1409 99 48 est
685 1409 127 48 illud
770 1409 113 48 quod
840 1409 155 48 alterum
953 1409 155 48 recipit
1066 1409 127 48 supra
1150 1409 85 48 se
1192 1409 113 48 quia
1263 1409 99 48 est
1319 1409 127 48 pars,
1404 1409 70 48 &
1432 1409 183 48 perfectum
1559 1409 70 48 est

129 1456 129 51 ipsum
215 1456 129 51 totum
301 1456 86 51 ex
344 1456 158 51 vtroque
458 1456 215 51 constitutum
631 1456 186 51 inquantum
774 1456 201 51 huiusmodi.
932 1456 129 51 Totum
1018 1456 115 51 enim
1089 1456 172 51 secundum
1218 1456 229 51 Philosophum.
1405 1456 86 51 v.
1448 1456 172 51 metaphy.
1563 1456 57 51 di

129 1503 118 59 citur
208 1503 66 59 a
234 1503 92 59 quo
287 1503 92 59 non
339 1503 184 59 diminuitur
484 1503 132 59 aliqua
576 1503 105 59 pars
642 1503 132 59 quibus
734 1503 145 59 dicitur
839 1503 132 59 totum.
931 1503 105 59 Quod
997 1503 118 59 autem
1076 1503 197 59 diminuitur,
1233 1503 132 59 semper
1326 1503 145 59 dicitur
1431 1503 105 59 pars
1496 1503 132 59 illius
1575 1503 53 59 ex

127 1546 96 47 quo
182 1546 206 47 diminuitur.
347 1546 96 47 Sed
402 1546 110 47 ista
471 1546 151 47 additio
580 1546 137 47 partis
677 1546 124 47 super
759 1546 137 47 partem
855 1546 137 47 potest
951 1546 124 47 fieri
1034 1546 96 47 vel
1088 1546 220 47 translatione
1267 1546 82 47 in
1308 1546 124 47 aliud
1391 1546 151 47 specie,
1500 1546 96 47 vel
1542 1546 82 47 appo

125 1590 165 62 sitione
245 1590 165 62 eiusdem
364 1590 165 62 specie.
484 1590 135 62 Primo
574 1590 120 62 modo
649 1590 224 62 dupliciter:
828 1590 105 62 aut
888 1590 194 62 additione
1038 1590 180 62 alicuius
1172 1590 254 62 quantitatiui:
1382 1590 105 62 aut
1427 1590 194 62 qualitatiui

133 1638 130 55 Primo
219 1638 115 55 modo
291 1638 130 55 linea
377 1638 101 55 est
435 1638 173 55 dimensio
565 1638 202 55 imperfecta
723 1638 173 55 respectu
853 1638 230 55 superficiei:
1040 1638 72 55 &
1068 1638 216 55 superficies
1241 1638 173 55 respectu
1371 1638 187 55 corporis:
1515 1638 72 55 &
1529 1638 101 55 solum

135 1684 137 46 corpus
231 1684 96 46 est
286 1684 165 46 dimensio
410 1684 179 46 perfecta.
547 1684 82 46 Vt
588 1684 110 46 enim
657 1684 124 46 dicit
739 1684 220 46 Philosophus,
918 1684 179 46 Magnitudo
1055 1684 110 46 quae
1124 1684 124 46 habet
1206 1684 110 46 vnam
1275 1684 206 46 dimensionem
1440 1684 151 46 tantum,
1536 1684 96 46 linea

131 1728 111 56 est:
201 1728 70 56 &
229 1728 111 56 quae
298 1728 125 56 habet
382 1728 125 56 duas,
465 1728 209 56 superficies
633 1728 111 56 est:
702 1728 111 56 quae
772 1728 125 56 habet
856 1728 125 56 tres,
939 1728 139 56 corpus
1037 1728 111 56 est.
1106 1728 70 56 &
1134 1728 111 56 post
1204 1728 125 56 istam
1288 1728 98 56 non
1343 1728 98 56 est
1399 1728 181 56 magnitudo
1524 1728 98 56 alia.

139 1773 139 59 quoniam
241 1773 76 59 vt
279 1773 114 59 dicit
355 1773 139 59 Commen,
456 1773 89 59 non
507 1773 89 59 est
558 1773 139 59 mensura
659 1773 152 59 quaerta.
773 1773 139 59 Propter
875 1773 101 59 quod
938 1773 89 59 (vt
989 1773 114 59 dicit
1065 1773 127 59 ibidem
1154 1773 203 59 Philosophus)
1319 1773 89 59 non
1369 1773 89 59 est
1420 1773 178 59 possibilis
1547 1773 76 59 per-

125 1820 165 49 mutatio
245 1820 180 49 corporis
380 1820 90 49 ad
424 1820 135 49 aliud
514 1820 150 49 genus:
619 1820 135 49 sicut
709 1820 105 49 est
769 1820 210 49 permutatio
933 1820 150 49 lineae
1038 1820 90 49 ad
1083 1820 240 49 superficiem,
1278 1820 225 49 superficiei
1457 1820 90 49 ad
1487 1820 135 49 corpus.

138 1865 108 57 Nam
199 1865 92 57 si
245 1865 108 57 est
307 1865 108 57 via
368 1865 92 57 ad
415 1865 277 57 permutationem,
645 1865 123 57 tunc
722 1865 154 57 corpus
830 1865 108 57 non
892 1865 108 57 est
953 1865 200 57 magnitudo
1107 1865 200 57 perfecta.
1261 1865 123 57 ergo
1338 1865 108 57 est
1399 1865 200 57 diminuta.
1538 1865 92 57 Namn

128 1910 103 59 non
187 1910 103 59 est
246 1910 206 59 permutatio
408 1910 118 59 nisi
482 1910 88 59 in
526 1910 192 59 diminuto.
674 1910 192 59 Perfectum
821 1910 118 59 enim
895 1910 103 59 (vt
954 1910 133 59 dicit
1042 1910 103 59 ibi
1101 1910 192 59 Commenta.
1249 1910 103 59 est
1308 1910 118 59 quod
1381 1910 103 59 non
1440 1910 162 59 recipit
1544 1910 88 59 addi

126 1956 166 55 tionem:
247 1956 106 55 nec
307 1956 151 55 fertur
413 1956 91 55 in
459 1956 136 55 aliud
549 1956 151 55 genus.
655 1956 166 55 Secundo
776 1956 121 55 modo
852 1956 166 55 materia
973 1956 76 55 &
1003 1956 121 55 omne
1079 1956 121 55 quod
1154 1956 106 55 est
1215 1956 91 55 in
1260 1956 181 55 potentia
1396 1956 106 55 per
1442 1956 181 55 susceptio-

133 2001 110 54 nem
196 2001 189 54 alicuius
338 2001 158 54 formae
449 2001 95 54 ad
496 2001 158 54 aliud,
606 2001 205 54 inquantum
764 2001 205 54 huiusmodi
921 2001 236 54 imperfectum
1111 2001 126 54 est:
1189 2001 79 54 &
1221 2001 142 54 totum
1315 2001 221 54 compositum
1489 2001 110 54 est
1536 2001 79 54 per

132 2044 169 57 fectum.
254 2044 184 57 Secundum
392 2044 123 57 enim
469 2044 123 57 quod
545 2044 138 57 dicit
637 2044 245 57 Philosophus.
837 2044 92 57 v.
882 2044 260 57 metaphysicae,
1097 2044 138 57 forma
1189 2044 245 57 complementum
1388 2044 123 57 est:
1465 2044 77 57 &
1480 2044 138 57 comple-

124 2098 105 52 tum
184 2098 105 52 est
244 2098 120 52 quod
319 2098 135 52 habet
410 2098 256 52 complementum.
620 2098 90 52 Si
665 2098 135 52 autem
755 2098 105 52 sit
815 2098 165 52 aliquid
936 2098 225 52 imperfectum
1116 2098 120 52 quia
1191 2098 225 52 receptibile
1371 2098 105 52 est
1432 2098 180 52 alterius
1552 2098 75 52 su-

124 2139 109 56 pra
187 2139 94 56 se
234 2139 94 56 in
280 2139 140 56 eadem
374 2139 172 56 specie,
499 2139 109 56 aut
561 2139 125 56 ergo
639 2139 109 56 hoc
702 2139 109 56 fit
764 2139 218 56 procedente
936 2139 187 56 augmento
1076 2139 109 56 per
1138 2139 156 56 totum:
1248 2139 109 56 aut
1310 2139 218 56 extensione
1482 2139 125 56 eius
1560 2139 94 56 in

126 2182 152 57 aliquo
232 2182 152 57 latere
339 2182 137 57 eius.
431 2182 137 57 Primo
522 2182 122 57 modo
598 2182 122 57 puer
675 2182 107 57 est
736 2182 229 57 imperfectus
919 2182 183 57 secundum
1056 2182 244 57 quantitatem:
1254 2182 152 57 factus
1361 2182 137 57 autem
1452 2182 107 57 vir
1513 2182 107 57 est
1559 2182 61 57 se

134 2232 164 53 cundum
249 2232 247 53 quantitatem
446 2232 230 53 perfectus.
627 2232 181 53 Secundo
758 2232 131 53 modo
840 2232 148 53 linea
939 2232 148 53 recta
1037 2232 214 53 inquantum
1202 2232 99 53 ex
1251 2232 181 53 vtroque
1383 2232 181 53 termino
1498 2232 131 53 potest

138 2276 197 52 additionem
293 2276 183 52 recipere,
433 2276 197 52 imperfecta
588 2276 113 52 est.
658 2276 127 52 Linea
743 2276 113 52 vero
813 2276 197 52 circularis
968 2276 113 52 quia
1038 2276 98 52 non
1095 2276 127 52 habet
1179 2276 169 52 terminum
1306 2276 98 52 cui
1362 2276 141 52 potest
1460 2276 127 52 fieri
1531 2276 84 52 addi

131 2317 106 58 tio,
197 2317 159 58 perfecta
316 2317 106 58 est.
383 2317 159 58 secundum
502 2317 106 58 quod
568 2317 119 58 dicit
648 2317 225 58 Philosophous.
833 2317 93 58 ii.
887 2317 106 58 cae.
953 2317 66 58 &
979 2317 133 58 mundo.
1072 2317 172 58 Completum
1205 2317 93 58 est
1258 2317 119 58 illud
1337 2317 106 58 post
1404 2317 106 58 quod
1470 2317 93 58 non
1523 2317 93 58 est
1563 2317 66 58 pos

130 2361 151 69 sibile
236 2361 166 69 aliquam
357 2361 106 69 rem
417 2361 181 69 inueniri
553 2361 136 69 extra
644 2361 151 69 ipsam.
749 2361 196 69 Possibile
901 2361 106 69 est
961 2361 136 69 autem
1052 2361 91 69 vt
1097 2361 166 69 addatur
1218 2361 91 69 in
1263 2361 136 69 linea
1354 2361 166 69 aequali
1460 2361 166 69 additione

119 2407 222 51 sempiterna:
297 2407 74 51 &
327 2407 104 51 non
386 2407 104 51 est
445 2407 193 51 possibile
594 2407 89 51 vt
638 2407 163 51 addatur
757 2407 89 51 in
801 2407 193 51 circulari
950 2407 133 51 linea
1039 2407 163 51 aliquid
1157 2407 163 51 omnino:
1276 2407 104 51 est
1335 2407 148 51 igitur
1439 2407 133 51 linea
1513 2407 104 51 rotun

119 2453 89 60 da
164 2453 133 60 stans
252 2453 192 60 perfecta.
400 2453 89 60 Si
444 2453 133 60 autem
533 2453 162 60 aliquid
651 2453 148 60 fuerit
754 2453 236 60 imperfectum:
946 2453 118 60 quia
1020 2453 236 60 susceptibile
1212 2453 177 60 alicuius
1345 2453 133 60 supra
1434 2453 89 60 se
1478 2453 133 60 extra
1552 2453 74 60 sim

125 2503 211 56 plicitatem
291 2503 166 56 naturae
412 2503 75 56 &
442 2503 196 56 essentiae
593 2503 136 56 suae:
683 2503 106 56 aut
744 2503 121 56 ergo
819 2503 106 56 est
880 2503 121 56 ista
955 2503 226 56 imperfectio
1136 2503 166 56 propter
1257 2503 226 56 differentem
1438 2503 151 56 gradum
1528 2503 91 56 natu

124 2546 163 59 rarum:
238 2546 114 59 aut
303 2546 180 59 propter
434 2546 261 59 diuersitatem
646 2546 98 59 in
695 2546 163 59 natura
809 2546 196 59 ipsarum.
956 2546 147 59 Primo
1054 2546 131 59 modo
1135 2546 196 59 creatura
1282 2546 180 59 proxima
1413 2546 98 59 in
1445 2546 180 59 dignitate

122 2601 165 43 naturae
242 2601 135 43 primo
331 2601 194 43 principio
481 2601 120 43 quod
556 2601 120 43 deus
631 2601 120 43 est,
705 2601 150 43 semper
810 2601 180 43 perfecta
945 2601 105 43 est
1005 2601 180 43 respectu
1139 2601 224 43 remotioris:
1319 2601 75 43 &
1349 2601 180 43 remotior
1468 2601 150 43 imperfe-

125 2636 104 48 cta
184 2636 178 48 respectu
318 2636 222 48 superioris:
496 2636 119 48 quia
570 2636 178 48 superior
704 2636 163 48 aliquid
822 2636 133 48 addit
911 2636 208 48 dignitatis
1074 2636 89 48 in
1119 2636 119 48 esse
1193 2636 104 48 suo
1252 2636 133 48 super
1341 2636 208 48 dignitatem
1504 2636 89 48 in
1534 2636 89 48 esse

133 2679 167 51 iferioris.
265 2679 131 51 Secundo
360 2679 96 51 modo
420 2679 191 51 triplicitur:
575 2679 299 51 vniversalimultitudine
838 2679 131 51 eiusdem
934 2679 120 51 specie
1017 2679 179 51 diuersitate
1161 2679 203 51 indiuiduorum:
1328 2679 84 51 vel
1376 2679 131 51 eiusdem
1472 2679 120 51 genere
1543 2679 84 51 diuer

129 2726 108 64 sitate
205 2726 151 64 specierum:
323 2726 248 64 vniversaldiuersorum
539 2726 119 64 genere.
625 2726 97 64 Primo
690 2726 86 64 modo
744 2726 162 64 imperfectum
873 2726 75 64 est
916 2726 140 64 quodlibet
1024 2726 151 64 indiuiduum
1143 2726 86 64 quod
1197 2726 97 64 habet
1261 2726 97 64 aliud
1326 2726 86 64 sibi
1380 2726 108 64 simile
1455 2726 65 64 in
1488 2726 108 64 specie
1552 2726 65 64 sibi
