2017 3207
120 259 191 61 secundum
264 259 223 61 relationes
439 259 207 61 rationis.
599 259 144 61 Large
694 259 144 61 tamen
790 259 176 61 sumendo
918 259 255 61 diuersitatem
1125 259 80 61 &
1157 259 271 61 differentiam:
1381 259 191 61 secundum
1524 259 128 61 quod

123 313 145 55 vtuntur
228 313 92 55 eis
281 313 132 55 sancti
373 313 92 55 pro
426 313 211 55 distinctione
597 313 66 55 &
623 313 211 55 discretione:
794 313 145 55 possunt
900 313 132 55 accipi
992 313 79 55 in
1031 313 158 55 diuinis.
1150 313 105 55 Quod
1216 313 105 55 ergo
1282 313 145 55 dicitur
1387 313 105 55 quod
1453 313 79 55 in
1492 313 92 55 deo
1532 313 92 55 totum

116 360 103 49 est
175 360 117 49 idem
248 360 103 49 vbi
307 360 103 49 non
366 360 176 49 occurrit
498 360 205 49 relationis
659 360 205 49 oppositio:
820 360 132 49 verum
908 360 103 49 est
967 360 176 49 secundum
1099 360 103 49 rem
1158 360 147 49 absque
1260 360 117 49 omni
1334 360 235 49 distinctione
1510 360 117 49 perso-

116 400 126 62 nali:
200 400 98 62 non
256 400 126 62 tamen
340 400 140 62 absque
438 400 210 62 differentia
606 400 182 62 rationis,
746 400 112 62 quae
816 400 126 62 habet
899 400 112 62 esse
969 400 84 62 ex
1011 400 112 62 alio
1081 400 140 62 genere
1179 400 196 62 respectus,
1333 400 112 62 quam
1403 400 98 62 sit
1459 400 112 62 ille
1529 400 98 62 qui
1571 400 56 62 di

114 448 180 56 stinguit
249 448 195 56 personas,
399 448 90 56 vt
444 448 165 56 habitum
564 448 105 56 est
624 448 195 56 superius.
774 448 75 56 ⁋
804 448 90 56 Ad
849 448 195 56 secundum,
999 448 120 56 quod
1074 448 165 56 obiecta
1194 448 150 56 actuum
1299 448 225 56 intellectus
1479 448 75 56 &
1494 448 120 56 volun-

124 492 133 50 tatis
213 492 192 50 differunt
361 492 89 50 re
405 492 89 50 in
450 492 118 50 deo:
524 492 118 50 ergo
598 492 74 50 &
627 492 118 50 ipsi
701 492 148 50 actus:
805 492 74 50 &
835 492 192 50 similiter
983 492 178 50 voluntas
1116 492 74 50 &
1145 492 237 50 intellectus:
1338 492 178 50 Dicendum
1471 492 118 50 quod
1545 492 104 50 du-

122 541 115 59 plex
193 541 100 59 est
251 541 187 59 obiectum:
394 541 158 59 quoddam
509 541 115 59 quod
581 541 100 59 est
638 541 129 59 ratio
724 541 230 59 constitutiua
911 541 143 59 ipsius
1011 541 143 59 actus:
1112 541 86 59 vt
1155 541 158 59 colorum
1270 541 143 59 visus,
1370 541 72 59 &
1399 541 158 59 sonorum
1514 541 129 59 audi-

117 583 123 50 tus.
193 583 138 50 Aliud
285 583 123 50 vero
362 583 107 50 est
423 583 184 50 obiectum
561 583 123 50 quod
638 583 107 50 est
699 583 230 50 constitutum
883 583 92 50 in
929 583 123 50 esse
1006 583 107 50 per
1067 583 153 50 actum:
1174 583 92 50 vt
1220 583 92 50 in
1266 583 199 50 proposito
1420 583 184 50 personae
1542 583 77 50 fi-

116 630 111 52 lii
179 630 79 52 &
211 630 189 52 spiritus
353 630 158 52 sancti
464 630 111 52 per
527 630 142 52 actus
621 630 174 52 dicendi
748 630 79 52 &
779 630 205 52 spirandi.
937 630 95 52 De
985 630 189 52 obiectis
1127 630 142 52 primo
1221 630 126 52 modo
1300 630 142 52 habet
1395 630 205 52 veritatem
1537 630 79 52 di-

105 677 124 54 ctum
183 677 233 54 philosophi:
370 677 78 54 &
401 677 140 54 talia
494 677 93 54 in
541 677 109 54 deo
603 677 109 54 non
665 677 124 54 sunt
743 677 124 54 nisi
821 677 140 54 verum
914 677 78 54 &
945 677 140 54 bonum
1039 677 109 54 vel
1101 677 218 54 quaecunque
1272 677 124 54 alia
1350 677 109 54 sub
1412 677 171 54 ratione
1521 677 93 54 veri

117 724 79 54 &
149 724 142 54 boni:
243 724 126 54 quae
322 724 126 54 sola
401 724 173 54 ratione
527 724 205 54 differunt
684 724 142 54 sicut
779 724 79 54 &
810 724 142 54 actus
905 724 79 54 &
937 724 142 54 eorum
1031 724 221 54 potentiae.
1204 724 110 54 Non
1267 724 142 54 autem
1362 724 142 54 habet
1441 724 173 54 veritatem

118 773 89 48 de
163 773 177 48 obiectis
296 773 163 48 secundo
414 773 133 48 modo,
503 773 89 48 de
547 773 148 48 quibus
651 773 192 48 processit
799 773 192 48 obiectio.
946 773 74 48 ⁋
976 773 89 48 Ad
1020 773 163 48 tertium
1139 773 118 48 quod
1213 773 89 48 ex
1257 773 133 48 nulla
1346 773 237 48 comparatione
1538 773 104 48 aut

109 817 185 53 respectu
247 817 215 53 differunt:
416 817 185 53 Dicendum
555 817 123 53 quod
632 817 154 53 falsum
739 817 123 53 est:
816 817 123 53 immo
893 817 200 53 differunt
1047 817 92 53 ex
1093 817 185 53 respectu
1231 817 77 53 &
1262 817 246 53 comparatione
1462 817 123 53 quem
1539 817 108 53 in-

110 861 194 49 tellectus
259 861 209 49 considerat
424 861 90 49 in
468 861 134 49 ipsis
558 861 134 49 inter
648 861 90 49 se
692 861 224 49 comparatis,
872 861 105 49 non
931 861 149 49 quibus
1036 861 179 49 dicuntur
1170 861 179 49 relatiue
1304 861 209 49 adinuicem:
1469 861 105 49 sed
1528 861 119 49 qui-

107 905 118 48 bus
175 905 237 48 quodammodo
361 905 135 48 sese
445 905 254 48 respiciunt.
648 905 152 48 multi
750 905 135 48 enim
834 905 135 48 sunt
919 905 135 48 modi
1003 905 254 48 respectuum:
1206 905 85 48 &
1240 905 203 48 secundum
1392 905 186 48 quosdam
1511 905 101 48 sese

108 953 242 52 respicientia
304 953 181 52 dicuntur
440 953 181 52 relatiue
576 953 212 52 adinuicem:
743 953 181 52 secundum
879 953 166 52 quosdam
999 953 121 52 vero
1075 953 121 52 non,
1151 953 91 52 vt
1196 953 166 52 habitum
1317 953 106 52 est
1377 953 151 52 supra.
1483 953 91 52 De
1513 953 106 52 aliis

107 1007 178 45 obiectis
241 1007 119 45 quid
315 1007 104 45 sit
375 1007 193 45 dicendum,
523 1007 134 45 patet
612 1007 89 45 ex
657 1007 104 45 iam
701 1007 134 45 dictis.

424 1035 104 58 lrca
489 1035 156 58 secundum
606 1035 156 58 arguitur
723 1035 104 58 quod
788 1035 78 58 in
827 1035 195 58 differentia
983 1035 208 58 attributorum
1151 1035 91 58 non
1203 1035 91 58 sit
1255 1035 156 58 accipere
1372 1035 117 58 magis
1450 1035 65 58 &
1476 1035 130 58 minus,
1554 1035 65 58 Pri

419 1093 81 50 mo
460 1093 108 50 sic.
528 1093 95 50 Vbi
582 1093 95 50 est
636 1093 162 50 accipere
757 1093 122 50 magis
838 1093 68 50 &
865 1093 135 50 minus,
960 1093 95 50 non
1014 1093 95 50 est
1068 1093 122 50 summa
1149 1093 216 50 simplicitas:
1324 1093 108 50 quia
1392 1093 95 50 non
1446 1093 135 50 habent
1527 1093 81 50 esse

417 1138 129 60 magis
503 1138 72 60 &
531 1138 129 60 minus
618 1138 115 60 nisi
689 1138 86 60 in
732 1138 158 60 habente
847 1138 158 60 partes:
962 1138 86 60 vt
1005 1138 158 60 habitum
1120 1138 100 60 est
1177 1138 86 60 in
1220 1138 201 60 quaestione
1378 1138 144 60 quadam
1479 1138 86 60 de
1508 1138 100 60 magis

415 1182 70 50 &
443 1182 140 50 minus.
541 1182 84 50 in
582 1182 153 50 habente
694 1182 126 50 autem
778 1182 140 50 partes
875 1182 98 50 non
931 1182 98 50 est
987 1182 209 50 simplicitas
1155 1182 140 50 summa.
1252 1182 84 50 in
1294 1182 98 50 deo
1350 1182 126 50 autem
1434 1182 98 50 quo
1489 1182 84 50 ad
1517 1182 98 50 omnia

416 1224 117 54 quae
489 1224 88 54 in
533 1224 88 54 eo
577 1224 132 54 sunt,
665 1224 102 54 est
723 1224 132 54 summa
811 1224 234 54 simplicitas:
1001 1224 88 54 vt
1045 1224 161 54 habitum
1162 1224 102 54 est
1220 1224 88 54 de
1264 1224 234 54 simplicitate
1454 1224 117 54 dei.
1527 1224 117 54 ergo

412 1272 103 50 &c.
471 1272 73 50 ⁋
500 1272 161 50 Secundo
617 1272 117 50 sic.
691 1272 88 50 in
735 1272 161 50 symbolo
852 1272 190 50 Athanasii
998 1272 176 50 dicitur.
1130 1272 88 50 In
1174 1272 205 50 trinitate:
1335 1272 132 50 nihil
1423 1272 132 50 prius
1511 1272 103 50 aut
1555 1272 73 50 po-

110 1316 180 51 sterius:
245 1316 135 51 nihil
335 1316 135 51 magis
424 1316 105 51 aut
484 1316 150 51 minus.
589 1316 195 51 Attributa
739 1316 135 51 autem
829 1316 135 51 omnia
918 1316 120 51 sunt
993 1316 90 51 in
1038 1316 210 51 trinitate:
1203 1316 120 51 quia
1278 1316 120 51 sunt
1353 1316 90 51 in
1397 1316 180 51 essentia
1532 1316 75 51 &
1562 1316 90 51 in

113 1363 171 52 singulis
241 1363 186 52 personis.
384 1363 114 52 ergo
455 1363 129 52 sicut
541 1363 86 52 in
584 1363 100 52 eis
641 1363 100 52 non
698 1363 100 52 est
755 1363 129 52 prius
841 1363 100 52 aut
898 1363 200 52 posterius:
1055 1363 86 52 vt
1098 1363 129 52 infra
1184 1363 200 52 videbitur:
1341 1363 186 52 similiter
1483 1363 129 52 neque
1555 1363 57 52 ma

107 1407 100 61 gis
164 1407 71 61 &
192 1407 143 61 minus.
292 1407 114 61 ergo
363 1407 100 61 &c.
420 1407 71 61 ⁋
449 1407 86 61 In
492 1407 200 61 contrarium
649 1407 114 61 est:
720 1407 157 61 quoniam
834 1407 185 61 attributa
976 1407 114 61 illa
1048 1407 114 61 quae
1119 1407 185 61 pertinent
1262 1407 86 61 ad
1304 1407 228 61 intellectum,
1490 1407 114 61 plus
1547 1407 71 61 dif

111 1453 142 54 ferunt
210 1453 85 54 ab
253 1453 128 54 illis
339 1453 114 54 quae
410 1453 185 54 pertinent
552 1453 85 54 ad
595 1453 214 54 voluntatem,
766 1453 114 54 quam
837 1453 114 54 illa
908 1453 185 54 differant
1050 1453 128 54 inter
1136 1453 100 54 se.
1193 1453 114 54 plus
1264 1453 114 54 enim
1335 1453 185 54 differunt
1478 1453 157 54 veritas
1577 1453 43 54 &

120 1503 165 65 bonitas,
244 1503 110 65 quam
313 1503 179 65 sapientia
451 1503 69 65 &
464 1503 138 65 veritas.

113 1584 89 61 ⁋
149 1584 213 61 Dicendum
309 1584 107 61 ad
362 1584 142 61 hoc:
451 1584 142 61 quod
540 1584 195 61 differt
682 1584 213 61 quaerere
842 1584 160 61 vtrum
948 1584 231 61 attributa
1126 1584 142 61 ipsa
1215 1584 107 61 in
1268 1584 107 61 se
1322 1584 249 61 suscipiant
1517 1584 124 61 ma-

110 1640 105 56 gis
170 1640 75 56 &
200 1640 151 56 minus:
306 1640 90 56 an
351 1640 120 56 ipsa
426 1640 226 56 differentia
607 1640 105 56 qua
667 1640 196 56 attributa
818 1640 196 56 differunt
968 1640 136 56 inter
1059 1640 105 56 se.
1119 1640 181 56 Alterius
1255 1640 120 56 enim
1330 1640 166 56 generis
1450 1640 136 56 rerum
1526 1640 90 56 sunt

117 1689 185 52 attributa
259 1689 128 52 ipsa,
345 1689 71 52 &
373 1689 171 52 alterius
501 1689 114 52 ipsa
573 1689 228 52 attributorum
758 1689 228 52 differentia:
943 1689 71 52 &
972 1689 100 52 hoc
1029 1689 100 52 non
1086 1689 128 52 solum
1171 1689 86 52 in
1214 1689 171 52 diuinis:
1342 1689 100 52 sed
1399 1689 128 52 etiam
1485 1689 86 52 in
1513 1689 100 52 rebus

113 1735 218 48 naturalibus
288 1735 131 48 aliud
375 1735 131 48 genus
462 1735 131 48 rerum
549 1735 116 48 sunt
621 1735 116 48 ipsa
694 1735 116 48 quae
766 1735 203 48 differunt,
926 1735 116 48 quae
999 1735 116 48 sunt
1071 1735 174 48 subiecta
1202 1735 131 48 inter
1289 1735 87 48 se
1332 1735 232 48 differentia:
1521 1735 87 48 vt
1550 1735 58 48 ra

110 1771 142 54 tionale
213 1771 65 54 &
239 1771 194 54 irrationale
394 1771 90 54 sub
446 1771 155 54 animali:
562 1771 116 54 aliud
639 1771 103 54 vero
704 1771 103 54 ipsa
768 1771 116 54 eorum
846 1771 206 54 differentia:
1013 1771 142 54 quoniam
1117 1771 116 54 ipsae
1194 1771 90 54 res
1246 1771 168 54 subiectae
1375 1771 206 54 differentiae
1530 1771 77 54 sunt

113 1826 97 50 res
168 1826 138 50 primae
265 1826 221 50 intentionis:
445 1826 111 50 ipsa
514 1826 111 50 vero
583 1826 124 50 ratio
666 1826 111 50 quae
736 1826 152 50 dicitur
846 1826 207 50 differentia
1012 1826 138 50 eorum,
1109 1826 97 50 est
1164 1826 97 50 res
1220 1826 166 50 secundae
1344 1826 221 50 intentionis,
1524 1826 111 50 quae

109 1867 88 55 est
160 1867 138 55 quintum
260 1867 176 55 vniversale
399 1867 214 55 praedicabile.
575 1867 76 55 Et
613 1867 138 55 iterum,
713 1867 88 55 res
764 1867 164 55 subiectae
890 1867 201 55 differentiae
1053 1867 101 55 sunt
1116 1867 88 55 res
1167 1867 151 55 naturae:
1280 1867 101 55 ipsa
1343 1867 101 55 vero
1406 1867 189 55 differentia
1544 1867 63 55 est

114 1912 97 56 res
170 1912 181 56 rationis,
309 1912 111 56 quae
378 1912 97 56 est
434 1912 125 56 quasi
517 1912 167 56 accidens
642 1912 97 56 rei
697 1912 167 56 naturae.
822 1912 153 56 accidit
933 1912 111 56 enim
1003 1912 181 56 essentiae
1142 1912 69 56 &
1170 1912 153 56 naturae
1281 1912 97 56 rei
1336 1912 111 56 quod
1406 1912 97 56 sit
1447 1912 167 56 vniuersale

121 1957 103 58 aut
180 1957 236 58 particulare,
372 1957 89 58 vt
416 1957 162 58 saepius
535 1957 162 58 habitum
653 1957 103 58 est
712 1957 133 58 supra
800 1957 177 58 secundum
933 1957 162 58 Auicen.
1051 1957 162 58 Quantum
1169 1957 118 58 ergo
1243 1957 89 58 ad
1287 1957 118 58 ipsa
1361 1957 192 58 artributa
1509 1957 89 58 in
1538 1957 74 58 deo

112 2004 105 50 non
172 2004 240 50 intelligitur
367 2004 120 50 ista
442 2004 180 50 quaestio
577 2004 150 50 habere
682 2004 150 50 locum:
787 2004 120 50 quia
862 2004 90 50 re
906 2004 135 50 nihil
996 2004 195 50 important
1146 2004 120 50 nisi
1221 2004 165 50 diuinam
1341 2004 195 50 essentiam
1491 2004 105 50 cum
1536 2004 75 50 re-

110 2047 167 55 spectu:
232 2047 91 55 vt
277 2047 167 55 habitum
399 2047 107 55 est
460 2047 152 55 supra.
567 2047 183 55 Essentia
704 2047 137 55 autem
795 2047 107 55 non
856 2047 167 55 recipit
978 2047 137 55 magis
1069 2047 76 55 &
1100 2047 137 55 minus
1191 2047 167 55 propter
1313 2047 122 55 eius
1374 2047 228 55 simplicitatem

120 2092 129 65 neque
206 2092 200 65 respectus:
363 2092 115 65 quia
435 2092 172 65 secundum
564 2092 229 65 philosophum,
750 2092 172 65 proprium
879 2092 100 65 est
936 2092 186 65 relationi
1079 2092 100 65 non
1136 2092 186 65 suscipere
1280 2092 129 65 magis
1366 2092 100 65 aut
1423 2092 143 65 minus.
1523 2092 86 65 De
1552 2092 57 65 eo

110 2148 125 50 ergo
188 2148 125 50 quod
266 2148 109 50 est
329 2148 187 50 rationis
469 2148 140 50 circa
563 2148 203 50 attributa
719 2148 94 50 ex
766 2148 281 50 consideratione
1000 2148 234 50 intellectus
1187 2148 187 50 secundum
1327 2148 109 50 iam
1374 2148 234 50 praedetermina

121 2188 97 55 ta,
177 2188 111 55 quod
246 2188 97 55 est
302 2188 97 55 res
358 2188 167 55 secundae
483 2188 223 55 intentionis:
664 2188 223 55 intelligenda
845 2188 97 55 est
901 2188 181 55 solummodo
1040 2188 181 55 proposita
1179 2188 181 55 quaestio,
1319 2188 125 55 vtrum
1402 2188 84 55 in
1444 2188 111 55 ipsa
1500 2188 111 55 diffe-

107 2241 151 51 rentia
213 2241 106 51 sit
273 2241 182 51 accipere
410 2241 136 51 magis
501 2241 76 51 &
531 2241 151 51 minus:
637 2241 91 51 vt
682 2241 167 51 quaedam
803 2241 197 51 attributa
955 2241 136 51 magis
1046 2241 197 51 differant
1197 2241 136 51 inter
1288 2241 151 51 sequam
1394 2241 167 51 quaedam
1500 2241 106 51 alia.

126 2277 88 56 Et
170 2277 102 56 est
229 2277 102 56 hic
287 2277 175 56 sciendum
418 2277 117 56 quod
491 2277 219 56 differentia
667 2277 161 56 illorum
783 2277 117 56 quae
856 2277 204 56 differunt,
1017 2277 175 56 fundatur
1148 2277 248 56 essentialiter
1353 2277 88 56 in
1397 2277 190 56 diuisione
1528 2277 73 56 seu

117 2320 255 60 distinctione
325 2320 128 60 siue
404 2320 240 60 discretione
596 2320 144 60 eorum
692 2320 224 60 adinuicem.
868 2320 128 60 Vnde
947 2320 80 60 &
979 2320 192 60 secundum
1123 2320 144 60 modos
1219 2320 224 60 diuisionum
1394 2320 112 60 per
1458 2320 96 60 se
1506 2320 80 60 &
1522 2320 80 60 per

107 2371 197 54 accidens,
258 2371 136 54 sumit
349 2371 167 54 Porphy.
471 2371 136 54 modos
562 2371 288 54 differentiarum:
804 2371 121 54 quod
880 2371 167 54 quaedam
1001 2371 121 54 sunt
1077 2371 106 54 per
1138 2371 106 54 se:
1199 2371 167 54 quaedam
1320 2371 121 54 vero
1396 2371 106 54 per
1441 2371 167 54 accidens.

108 2411 90 55 In
153 2411 105 55 eis
213 2411 135 55 autem
303 2411 120 55 quae
379 2411 196 55 recipiunt
529 2411 135 55 magis
619 2411 75 55 &
649 2411 150 55 minus,
755 2411 135 55 causa
845 2411 120 55 eius
920 2411 120 55 quod
995 2411 105 55 est
1056 2411 135 55 magis
1146 2411 75 55 &
1176 2411 135 55 minus
1266 2411 90 55 ex
1311 2411 135 55 parte
1401 2411 196 55 essentiae
1537 2411 75 55 eo-

115 2468 109 50 rum
178 2468 218 50 accipienda
349 2468 124 50 est:
426 2468 93 50 vt
473 2468 249 50 declarauimus
675 2468 93 50 in
722 2468 140 50 dicta
815 2468 218 50 quaestione
986 2468 93 50 de
1033 2468 140 50 magis
1126 2468 78 50 &
1157 2468 155 50 minus.
1266 2468 93 50 Ex
1313 2468 140 50 parte
1406 2468 124 50 ergo
1468 2468 140 50 diuisio

121 2505 103 57 nis
180 2505 118 57 siue
254 2505 251 57 distinctionis
461 2505 118 57 siue
535 2505 236 57 discretionis
727 2505 251 57 differentium,
934 2505 236 57 consideranda
1126 2505 103 57 est
1185 2505 133 57 ratio
1274 2505 118 57 eius
1348 2505 118 57 quod
1422 2505 103 57 est
1481 2505 133 57 magis
1555 2505 44 57 &

110 2552 146 55 minus
207 2552 97 55 in
255 2552 129 55 ipsa
336 2552 259 55 differentia.
547 2552 178 55 Diuisio
676 2552 146 55 autem
773 2552 113 55 non
838 2552 113 55 est
903 2552 129 55 nisi
984 2552 194 55 alicuius
1130 2552 97 55 in
1178 2552 113 55 quo
1243 2552 194 55 vniuntur
1389 2552 81 55 &
1405 2552 194 55 quodammodo

117 2595 113 55 sunt
187 2595 113 55 vnum
258 2595 113 55 ipsa
328 2595 155 55 diuisa.
441 2595 85 55 Et
484 2595 99 55 est
540 2595 155 55 diuisio
653 2595 183 55 contraria
794 2595 141 55 vnioni
893 2595 85 55 in
935 2595 113 55 illo
1006 2595 113 55 vno:
1076 2595 99 55 ita
1133 2595 113 55 quod
1203 2595 127 55 radix
1288 2595 113 55 eius
1358 2595 113 55 quod
1429 2595 99 55 est
1485 2595 127 55 magis
1556 2595 42 55 &

106 2641 142 53 minus
201 2641 94 53 in
248 2641 220 53 diuisione,
421 2641 205 53 consistit
578 2641 94 53 in
625 2641 94 53 eo
673 2641 126 53 quod
751 2641 110 53 est
814 2641 142 53 magis
909 2641 79 53 &
940 2641 142 53 minus
1035 2641 142 53 circa
1129 2641 189 53 vnionem,
1271 2641 126 53 quia
1349 2641 126 53 quae
1428 2641 142 53 magis
1507 2641 94 53 sunt

110 2693 138 50 vnum,
201 2693 76 50 &
232 2693 138 50 minus
324 2693 214 50 differunt:
492 2693 76 50 &
523 2693 122 50 quae
599 2693 153 50 minus,
706 2693 138 50 magis
798 2693 214 50 differunt.
966 2693 168 50 Diuisio
1089 2693 138 50 autem
1181 2693 122 50 siue
1257 2693 214 50 distinctio
1425 2693 122 50 siue
1487 2693 122 50 discre

103 2733 109 67 tio
166 2733 202 67 aliquorum
321 2733 202 67 abinuicem
477 2733 109 67 sub
539 2733 156 67 aliquo
648 2733 124 67 vno,
726 2733 218 67 dupliciter
897 2733 156 67 potest
1005 2733 156 67 fieri.
1114 2733 109 67 Vno
1177 2733 124 67 modo
1254 2733 156 67 omnino
1363 2733 93 67 ex
1410 2733 156 67 natura
1519 2733 109 67 rei
1565 2733 47 67 &
