2017 3208
111 270 153 61 rentia
218 270 107 61 qua
279 270 198 61 differunt
431 270 137 61 inter
523 270 107 61 se,
584 270 137 61 etiam
675 270 198 61 differunt
828 270 214 61 quodammodo
995 270 92 61 ab
1041 270 137 61 illis
1133 270 122 61 quae
1209 270 198 61 pertinent
1361 270 92 61 ad
1392 270 198 61 intellectum

100 322 238 54 quemadmodum
291 322 207 54 differunt
450 322 143 54 bonum
545 322 79 54 &
577 322 159 54 verum:
688 322 127 54 quod
768 322 143 54 verum
863 322 79 54 &
895 322 127 54 alia
974 322 127 54 quae
1054 322 207 54 pertinent
1213 322 95 54 ad
1260 322 254 54 intellectum,
1467 322 95 54 in
1499 322 79 54 hoc

104 369 211 55 conueniunt
269 369 120 55 quod
345 369 211 55 communiter
510 369 211 55 referuntur
676 369 90 55 ad
721 369 135 55 actum
811 369 241 55 intellectus:
1006 369 135 55 bonum
1097 369 120 55 vero
1172 369 75 55 &
1202 369 120 55 alia
1277 369 120 55 quae
1352 369 196 55 pertinent
1503 369 90 55 ad
1533 369 60 55 vo

104 409 195 59 luntatem,
254 409 90 59 ad
299 409 135 59 actum
389 409 210 59 voluntatis
553 409 210 59 communiter
718 409 225 59 referuntur.
898 409 135 59 Verum
988 409 135 59 autem
1078 409 165 59 differt
1198 409 90 59 ab
1242 409 120 59 ipso
1317 409 225 59 intellectu:
1497 409 120 59 quod

102 458 138 56 verum
194 458 107 56 est
255 458 168 56 motiuum
377 458 245 56 intellectus:
576 458 230 56 intellectus
760 458 138 56 autem
852 458 107 56 non
913 458 107 56 est
975 458 168 56 motiuum
1097 458 214 56 suiipsius.
1265 458 92 56 In
1311 458 107 56 quo
1373 458 138 56 etiam
1449 458 138 56 differt

110 502 70 57 a
138 502 126 57 bono:
222 502 112 57 quia
292 502 126 57 bonum
375 502 98 57 sub
431 502 154 57 ratione
543 502 112 57 boni
613 502 98 57 non
669 502 98 57 est
724 502 154 57 motiuum
836 502 223 57 intellectus.
1018 502 70 57 &
1045 502 98 57 sic
1101 502 182 57 contingit
1241 502 84 57 in
1283 502 154 57 omnibus
1395 502 126 57 aliis
1478 502 84 57 si
1506 502 84 57 quis

108 542 197 58 inspiciat.
263 542 70 58 â‹
291 542 98 58 Per
347 542 113 58 idem
417 542 127 58 patet
502 542 84 58 ad
544 542 183 58 secundum.
685 542 127 58 verum
769 542 113 58 enim
839 542 98 58 est
896 542 113 58 quod
966 542 84 58 in
1008 542 113 58 tota
1079 542 183 58 trinitate
1219 542 127 58 nihil
1304 542 98 58 est
1360 542 127 58 magis
1444 542 98 58 aut
1487 542 98 58 minus

102 592 156 63 quantum
215 592 99 63 est
272 592 85 63 ex
315 592 128 63 parte
400 592 99 63 rei
457 592 170 63 naturae:
585 592 114 63 quae
656 592 99 63 est
713 592 142 63 primae
812 592 227 63 intentionis:
997 592 142 63 nullum
1096 592 128 63 tamen
1181 592 227 63 inconueniens
1366 592 99 63 est
1423 592 85 63 si
1465 592 99 63 sit
1522 592 85 63 in

110 641 87 47 ea
153 641 130 47 magis
240 641 72 47 &
269 641 130 47 minus
356 641 87 47 ex
399 641 130 47 parte
486 641 101 47 rei
544 641 188 47 rationis:
689 641 116 47 quae
762 641 101 47 est
820 641 174 47 secundae
950 641 232 47 intentionis:
1139 641 87 47 vt
1182 641 145 47 dictum
1269 641 87 47 est.

379 726 117 63 lrca
453 726 161 63 tertium
570 726 176 63 arguitur
702 726 117 63 quod
775 726 220 63 differentia
951 726 235 63 attributorum
1142 726 73 63 &
1171 726 205 63 pluralitas
1333 726 88 63 in
1377 726 103 63 deo
1435 726 132 63 ponit
1509 726 73 63 ali

402 780 115 52 quam
473 780 258 52 compositionem.
689 780 129 52 Primo
775 780 115 52 sic.
846 780 129 52 illud
932 780 100 52 quo
990 780 100 52 res
1047 780 158 52 recedit
1162 780 72 52 a
1191 780 129 52 summa
1277 780 244 52 simplicitate,
1463 780 115 52 neces-

398 828 133 55 lario
487 828 133 55 ponit
575 828 88 55 in
619 828 88 55 ea
664 828 162 55 aliquam
782 828 265 55 compositionem:
1003 828 118 55 quia
1077 828 74 55 a
1106 828 236 55 simplicitate
1298 828 103 55 non
1357 828 192 55 receditur
1490 828 88 55 nisi

399 866 103 50 per
458 866 264 50 compositionem.
678 866 103 50 sed
737 866 220 50 pluralitate
913 866 191 50 diuinorum
1060 866 249 50 attributorum,
1265 866 161 50 recedit
1382 866 147 50 diuina
1470 866 103 50 essen

393 916 98 47 tia
449 916 70 47 a
477 916 126 47 summa
561 916 238 47 simplicitate:
757 916 112 47 quia
827 916 126 47 ratio
911 916 238 47 simplicitatis
1108 916 182 47 consistit
1248 916 84 47 in
1290 916 168 47 vnitate:
1416 916 70 47 &
1444 916 126 47 ratio
1514 916 70 47 con

394 962 208 48 positionis
557 962 89 48 in
602 962 238 48 multitudine.
795 962 134 48 maior
884 962 134 48 autem
973 962 104 48 est
1033 962 148 48 vnitas
1137 962 89 48 in
1181 962 104 48 qua
1240 962 104 48 est
1300 962 193 48 multitudo
1448 962 134 48 neque
1523 962 59 48 re

92 1006 128 49 neque
177 1006 170 49 ratione:
305 1006 113 49 quam
375 1006 85 49 in
418 1006 99 49 qua
475 1006 99 49 est
531 1006 170 49 ratione,
659 1006 142 49 qualis
758 1006 99 49 est
815 1006 184 49 multitudo
957 1006 241 49 attributorum:
1156 1006 113 49 ergo
1226 1006 71 49 &
1255 1006 128 49 maior
1340 1006 227 49 simplicitas.
1510 1006 71 49 hoc

97 1052 140 53 autem
191 1052 109 53 non
253 1052 140 53 esset
346 1052 124 53 nisi
423 1052 233 53 multitudine
610 1052 248 53 attributorum
811 1052 155 53 aliquo
920 1052 124 53 modo
997 1052 140 53 esset
1090 1052 186 53 recessus
1230 1052 78 53 a
1261 1052 155 53 diuina
1354 1052 233 53 simplicitate.

99 1095 122 49 ergo
175 1095 107 49 &c.
236 1095 76 49 â‹
267 1095 168 49 Secundo
389 1095 122 49 sic.
465 1095 122 49 quod
542 1095 137 49 facit
633 1095 107 49 rem
694 1095 107 49 non
755 1095 122 49 esse
832 1095 168 49 penitus
954 1095 183 49 idipsum,
1091 1095 137 49 ponit
1183 1095 92 49 in
1229 1095 92 49 ea
1275 1095 168 49 aliquam
1381 1095 199 49 compositio-

89 1140 124 50 nem:
166 1140 124 50 quia
243 1140 139 50 ponit
336 1140 93 50 in
382 1140 93 50 ea
428 1140 108 50 hoc
490 1140 77 50 &
521 1140 124 50 hoc,
598 1140 124 50 quae
676 1140 108 50 non
737 1140 124 50 sunt
815 1140 93 50 in
861 1140 139 50 eodem
954 1140 124 50 sine
1031 1140 263 50 compositione.
1247 1140 216 50 pluralitas
1402 1140 185 50 attributo-

88 1185 109 50 rum
151 1185 109 50 est
213 1185 219 50 huiusmodi:
385 1185 125 50 quia
463 1185 203 50 attributa
619 1185 94 50 in
666 1185 187 50 essentia
807 1185 109 50 non
869 1185 125 50 sunt
947 1185 172 50 penitus
1072 1185 187 50 idipsum:
1213 1185 125 50 quia
1291 1185 125 50 tunc
1369 1185 156 50 essent
1463 1185 109 50 nomi-

93 1232 97 46 na
141 1232 145 46 eorum
238 1232 210 46 synonyma.
400 1232 129 46 ergo
481 1232 113 46 &c.
545 1232 81 46 â‹
577 1232 97 46 In
626 1232 226 46 contrarium
804 1232 129 46 est:
884 1232 129 46 quia
965 1232 162 46 quanto
1078 1232 178 46 aliquid
1207 1232 178 46 maiorem
1337 1232 145 46 habet
1417 1232 162 46 composi-

94 1278 175 43 tionem,
221 1278 143 43 tanto
317 1278 143 43 habet
412 1278 175 43 maiorem
539 1278 270 43 limitationem.
762 1278 127 43 quod
841 1278 127 43 ergo
921 1278 191 43 repugnat
1064 1278 159 43 omnino
1175 1278 254 43 limitationi,
1381 1278 159 43 nullam
1477 1278 111 43 omni-

95 1327 95 45 no
143 1327 143 45 ponit
238 1327 286 45 compositionem.
476 1327 222 45 pluralitas
651 1327 254 45 attributorum
857 1327 159 45 omnino
968 1327 190 45 repugnat
1111 1327 254 45 limitationi.
1317 1327 127 45 Deus
1397 1327 127 45 enim
1476 1327 95 45 ex
1508 1327 79 45 hoc

96 1366 111 57 quod
166 1366 97 57 est
221 1366 139 57 omnino
318 1366 222 57 illimitatus,
499 1366 125 57 habet
582 1366 222 57 attributorum
762 1366 222 57 pluralitatem
943 1366 83 57 ex
984 1366 139 57 natura
1081 1366 180 57 simplicis
1220 1366 180 57 essentiae
1359 1366 125 57 suae:
1442 1366 125 57 neque
1512 1366 69 57 pos

101 1413 84 64 et
143 1413 98 64 eam
199 1413 98 64 sic
255 1413 155 64 habere:
368 1413 84 64 si
410 1413 140 64 aliquo
508 1413 112 64 modo
579 1413 126 64 esset
663 1413 197 64 limitatus:
817 1413 126 64 sicut
902 1413 98 64 nec
958 1413 140 64 potest
1056 1413 98 64 eam
1112 1413 140 64 habere
1211 1413 140 64 aliqua
1309 1413 183 64 creatura.
1450 1413 112 64 ergo
1506 1413 70 64 &c.

99 1459 86 94 â‹
133 1459 206 94 Dicendum
288 1459 103 94 ad
339 1459 137 94 hoc,
425 1459 137 94 quod
511 1459 154 94 illud
614 1459 137 94 quod
700 1459 103 94 in
751 1459 172 94 aliquo
871 1459 154 94 habet
974 1459 154 94 esse,
1077 1459 223 94 quocunque
1249 1459 137 94 modo
1335 1459 120 94 sit
1403 1459 120 94 non
1455 1459 137 94 potest

90 1540 134 56 ponere
183 1540 134 56 imillo
277 1540 161 56 rationem
398 1540 188 56 contrariam
546 1540 107 56 illi
613 1540 161 56 secundum
733 1540 107 56 quam
800 1540 121 56 habet
881 1540 107 56 esse
948 1540 80 56 in
988 1540 121 56 illo:
1068 1540 107 56 quia
1136 1540 107 56 tunc
1203 1540 94 56 suo
1256 1540 107 56 esse
1323 1540 188 56 destrueret
1457 1540 121 56 seipsum

93 1593 116 50 quod
165 1593 145 50 omnino
266 1593 101 50 est
324 1593 232 50 impossibile.
512 1593 116 50 Vnde
585 1593 87 50 si
628 1593 159 50 nigredo
744 1593 130 50 habet
831 1593 116 50 esse
903 1593 72 50 &
932 1593 159 50 causari
1048 1593 87 50 in
1092 1593 145 50 aliquo
1193 1593 174 50 subiecto
1323 1593 87 50 ex
1367 1593 203 50 caliditate
1512 1593 72 50 ips

97 1632 87 46 sa,
146 1632 87 46 non
196 1632 124 46 potest
283 1632 75 46 in
320 1632 100 46 illo
383 1632 75 46 ex
420 1632 87 46 suo
470 1632 100 46 esse
532 1632 124 46 ponere
619 1632 211 46 dispositionem
793 1632 174 46 contrariam
930 1632 174 46 caliditati
1067 1632 149 46 scilicet
1179 1632 211 46 frigiditatem:
1353 1632 87 46 sic
1403 1632 100 46 enim
1465 1632 87 46 suo
1502 1632 75 46 esse

102 1673 118 55 suum
176 1673 118 55 esse
249 1673 220 55 destrueret.
426 1673 103 55 Sic
484 1673 132 55 autem
573 1673 103 55 est
631 1673 88 55 in
675 1673 206 55 proposito,
837 1673 118 55 quod
911 1673 206 55 pluralitas
1072 1673 235 55 attributorum
1263 1673 235 55 originaliter
1454 1673 73 55 &
1469 1673 103 55 sicut

91 1717 83 55 in
133 1717 138 55 radice
229 1717 124 55 habet
312 1717 110 55 esse
380 1717 83 55 in
422 1717 138 55 diuina
518 1717 179 55 essentia:
656 1717 124 55 licet
739 1717 193 55 completiue
890 1717 83 55 ab
931 1717 179 55 opeatione
1069 1717 220 55 intellectus:
1248 1717 124 55 cuius
1331 1717 96 55 est
1386 1717 124 55 vnita
1469 1717 96 55 vel
1510 1717 55 55 po

99 1765 120 52 tius
174 1765 120 52 quae
249 1765 120 52 sunt
324 1765 135 52 vnum,
413 1765 75 52 &
443 1765 180 52 idipsum,
578 1765 225 52 discernere.
758 1765 150 52 Aliter
862 1765 120 52 enim
937 1765 210 52 attributum
1102 1765 135 52 esset
1192 1765 135 52 purum
1282 1765 210 52 signientum
1431 1765 135 52 intelle

99 1813 120 48 ctus
174 1813 90 48 si
219 1813 165 48 radicem
338 1813 105 48 non
398 1813 165 48 haberet
518 1813 90 48 in
563 1813 105 48 re:
623 1813 135 48 circa
712 1813 120 48 quam
787 1813 209 48 operatione
952 1813 224 48 intellectus
1131 1813 150 48 posset
1236 1813 194 48 discerni.
1386 1813 135 48 Illud
1475 1813 135 48 autem

101 1856 111 56 quid
171 1856 97 56 sic
226 1856 83 56 in
268 1856 139 56 diuina
365 1856 167 56 essentia
490 1856 97 56 est
545 1856 125 56 sicut
628 1856 83 56 in
670 1856 153 56 radice:
781 1856 83 56 vt
823 1856 194 56 completiue
975 1856 194 56 operatione
1128 1856 208 56 intellectus
1294 1856 139 56 possit
1392 1856 167 56 discerni
1516 1856 83 56 in

99 1906 97 55 ea,
155 1906 166 55 prouenit
279 1906 83 55 ex
321 1906 194 55 infinitate
474 1906 236 55 simplicitatis
668 1906 69 55 &
695 1906 250 55 illimitationis
903 1906 111 55 eius
973 1906 97 55 qua
1028 1906 97 55 est
1084 1906 125 55 purum
1167 1906 125 55 esse,
1250 1906 69 55 &
1278 1906 125 55 nihil
1361 1906 111 55 nisi
1430 1906 125 55 esse.
1500 1906 69 55 pro

107 1951 104 48 oter
172 1951 91 48 hoc
224 1951 104 48 enim
290 1951 144 48 oportet
394 1951 104 48 quod
459 1951 78 48 in
499 1951 78 48 se
538 1951 131 48 habeat
629 1951 157 48 rationem
747 1951 117 48 omnis
825 1951 117 48 esse:
903 1951 65 48 &
929 1951 91 48 ita
982 1951 117 48 omnis
1060 1951 104 48 esse
1125 1951 209 48 perfectionem
1295 1951 91 48 per
1347 1951 183 48 essentiam,
1491 1951 104 48 quae

103 1998 101 52 est
160 1998 86 52 in
203 1998 187 52 quocunque
347 1998 115 52 alio
419 1998 101 52 per
477 1998 288 52 participationem:
721 1998 72 52 &
750 1998 101 52 per
808 1998 101 52 hoc
865 1998 101 52 sub
923 1998 158 52 ratione
1038 1998 230 52 eminentiori:
1225 1998 72 52 &
1254 1998 101 52 ita
1311 1998 173 52 veriori.
1426 1998 144 52 secundum

102 2041 122 53 quod
178 2041 122 53 haec
254 2041 137 53 omnia
346 2041 153 53 patent
453 2041 92 53 ex
499 2041 137 53 supra
590 2041 244 53 determinatis
789 2041 137 53 circa
881 2041 168 53 diuinam
1003 2041 260 53 perfectionem.
1217 2041 107 53 Cum
1278 2041 153 53 igitur
1385 2041 137 53 omnia
1461 2041 107 53 diui-

96 2085 86 60 na
139 2085 202 60 attributa,
297 2085 72 60 &
326 2085 216 60 generaliter
499 2085 202 60 quaecunque
658 2085 173 60 diuersas
788 2085 173 60 rationes
917 2085 187 60 important
1061 2085 86 60 in
1105 2085 144 60 diuina
1206 2085 187 60 essentia,
1350 2085 173 60 rationes
1465 2085 101 60 perfe

98 2130 156 54 ctionum
211 2130 198 54 important:
367 2130 127 54 licet
451 2130 141 54 aliter
551 2130 198 54 attributa,
706 2130 141 54 aliter
805 2130 226 54 proprietates
989 2130 141 54 diuini
1088 2130 127 54 esse,
1173 2130 71 54 &
1201 2130 170 54 rationes
1329 2130 212 54 personales,
1498 2130 71 54 &
1512 2130 57 54 ra

102 2174 143 51 tiones
202 2174 172 51 ideales,
331 2174 72 51 &
360 2174 201 51 quaecunque
518 2174 86 51 in
561 2174 143 51 diuina
661 2174 172 51 essentia
790 2174 244 51 considerantur
991 2174 100 51 sub
1049 2174 143 51 aliqua
1149 2174 230 51 pluralitate:
1335 2174 129 51 nullo
1422 2174 143 51 igitur
1508 2174 57 51 mo

97 2217 90 54 do
142 2217 165 54 possunt
262 2217 150 54 ponere
367 2217 90 54 in
412 2217 150 54 diuina
517 2217 180 54 essentia
652 2217 165 54 aliquid
772 2217 210 54 contrarium
937 2217 120 54 suae
1012 2217 240 54 simplicitati
1207 2217 75 54 &
1237 2217 225 54 infinitati.
1402 2217 180 54 Contrarium

89 2270 132 52 autem
177 2270 132 52 esset
265 2270 191 52 quicunque
412 2270 132 52 modus
500 2270 264 52 compositionis.
721 2270 161 52 Idcirco
838 2270 220 52 simpliciter
1014 2270 176 52 dicendum
1146 2270 103 52 est
1205 2270 117 52 quod
1278 2270 206 52 pluralitas
1425 2270 147 52 attribu-

97 2309 135 56 torum
187 2309 90 56 in
232 2309 105 56 deo
292 2309 135 56 neque
382 2309 135 56 ponit
472 2309 135 56 neque
563 2309 150 56 potest
668 2309 150 56 ponere
773 2309 165 56 aliquam
893 2309 180 56 rationem
1028 2309 270 56 compositionis,
1254 2309 135 56 neque
1344 2309 195 56 similiter
1479 2309 90 56 pro-

101 2355 124 56 pter
178 2355 124 56 idem
255 2355 217 56 pluralitas
426 2355 232 56 personarum,
612 2355 124 56 siue
689 2355 248 56 quoruncunque
890 2355 170 56 aliorum
1014 2355 124 56 quae
1092 2355 93 56 in
1138 2355 108 56 deo
1200 2355 279 56 considerantur:
1417 2355 155 56 secundum

103 2398 108 68 quod
170 2398 175 68 processit
305 2398 135 68 vltima
385 2398 108 68 ratio.

99 2417 91 95 â‹
135 2417 110 95 Ad
190 2417 183 95 primum
318 2417 110 95 in
373 2417 256 95 oppositum:
574 2417 146 95 quod
666 2417 274 95 pluralitate
885 2417 293 95 attributorum
1123 2417 238 95 receditur
1306 2417 91 95 a
1343 2417 183 95 diuina
1452 2417 110 95 sim.

105 2510 196 50 plicitate:
259 2510 168 50 Dicendum
386 2510 112 50 quod
456 2510 140 50 falsum
554 2510 112 50 est:
624 2510 112 50 immo
694 2510 140 50 potius
792 2510 168 50 fundatur
919 2510 84 50 in
961 2510 126 50 illa.
1045 2510 84 50 Et
1087 2510 112 50 quod
1157 2510 168 50 arguitur
1283 2510 84 50 ad
1325 2510 112 50 eius
1382 2510 196 50 probationem,

106 2552 110 58 quod
175 2552 207 58 pluralitate
341 2552 221 58 attributorum
520 2552 179 58 receditur
658 2552 69 58 a
685 2552 138 58 diuina
782 2552 152 58 vnitate
892 2552 83 58 in
934 2552 97 58 qua
989 2552 179 58 consistit
1127 2552 110 58 eius
1196 2552 221 58 simplicitas:
1375 2552 165 58 Dicendum
1485 2552 83 58 quod

99 2600 83 50 in
141 2600 97 50 deo
196 2600 152 50 praeter
307 2600 166 50 vnitatem
431 2600 194 50 personalem
584 2600 97 50 est
639 2600 138 50 duplex
736 2600 138 50 vnitas
833 2600 222 50 essentialis,
1013 2600 152 50 quaedam
1124 2600 111 50 rei,
1193 2600 152 50 quaedam
1304 2600 111 50 vero
1373 2600 180 50 rationis.
1498 2600 69 50 Pri

108 2641 86 52 ma
151 2641 100 52 est
208 2641 143 52 ipsius
308 2641 158 52 diuinae
423 2641 201 52 essentiae:
581 2641 172 52 secundum
710 2641 115 52 quod
781 2641 100 52 est
839 2641 100 52 res
896 2641 72 52 &
925 2641 143 52 natura
1025 2641 158 52 aliqua.
1140 2641 86 52 de
1183 2641 100 52 qua
1240 2641 158 52 habitum
1355 2641 100 52 est
1412 2641 129 52 supra
1484 2641 100 52 quomo

99 2689 96 75 do
147 2689 112 75 est
211 2689 255 75 singularitas
418 2689 191 75 quaedam.
561 2689 175 75 Secunda
689 2689 127 75 vero
768 2689 112 75 est
832 2689 255 75 attributorum
1039 2689 239 75 singulorum,
1230 2689 80 75 &
1262 2689 223 75 singulorum
1438 2689 127 75 quae
1517 2689 96 75 in
