2017 3288
413 290 110 65 deo
476 290 157 65 ponunt
586 290 250 65 differentiam
789 290 188 65 secundum
930 290 188 65 rationem
1071 290 172 65 tantum.
1196 290 94 65 In
1243 290 141 65 prima
1337 290 172 65 vnitate
1462 290 203 65 consistit
1619 290 157 65 diuina
1713 290 203 65 simplicitas

420 341 201 66 infinita:
574 341 170 66 propter
698 341 124 66 quod
776 341 124 66 ipsa
853 341 108 66 est
915 341 139 66 origo
1008 341 77 66 &
1039 341 232 66 fundamentum
1225 341 139 66 omnis
1318 341 186 66 alterius
1457 341 201 66 vnitatis,
1612 341 77 66 &
1643 341 139 66 etiam
1720 341 186 66 pluralita-

419 390 105 59 tis
479 390 180 59 secundum
614 390 150 59 ipsam,
719 390 120 59 siue
794 390 105 59 sit
853 390 225 59 personarum,
1033 390 120 59 siue
1108 390 255 59 attributorum:
1318 390 120 59 quae
1393 390 105 59 (vt
1453 390 150 59 dictum
1557 390 120 59 est)
1632 390 105 59 non
1692 390 165 59 derogat
1797 390 120 59 primae

418 443 185 52 vnitati:
556 443 108 52 sed
618 443 139 52 magis
710 443 216 52 attestatur
880 443 139 52 ipsi:
972 443 108 52 nec
1034 443 108 52 est
1095 443 139 52 minor
1188 443 169 52 propter
1311 443 139 52 istam
1404 443 262 52 multitudinem.
1619 443 123 52 Vnde
1696 443 92 52 ad
1743 443 139 52 illam
1820 443 92 52 pro-

423 488 180 61 positionem
564 488 103 61 quae
629 488 128 61 dicit:
718 488 116 61 Maior
795 488 90 61 est
847 488 128 61 vnitas
937 488 77 61 in
975 488 90 61 qua
1026 488 116 61 nulla
1103 488 128 61 omnino
1193 488 90 61 est
1245 488 167 61 multitudo
1373 488 90 61 nec
1424 488 77 61 re
1463 488 90 61 nec
1514 488 154 61 ratione:
1630 488 103 61 quam
1694 488 90 61 sit
1745 488 103 61 illa
1809 488 77 61 in
1848 488 90 61 qua

427 530 88 59 est
478 530 164 59 multitudo
604 530 152 59 ratione,
718 530 101 59 etsi
781 530 88 59 non
832 530 88 59 re:
882 530 152 59 Dicendum
996 530 101 59 quod
1059 530 88 59 cum
1109 530 114 59 omnis
1185 530 164 59 multitudo
1311 530 152 59 secundum
1425 530 189 59 philosophum
1577 530 88 59 est
1627 530 88 59 vna
1678 530 126 59 plura,
1766 530 164 59 multitudo

413 570 174 58 existens
543 570 87 58 in
586 570 174 58 vnitate,
717 570 101 58 aut
775 570 101 58 est
833 570 174 58 vnitatum
963 570 159 58 eiusdem
1079 570 188 58 rationis,
1224 570 101 58 aut
1282 570 188 58 alterius.
1427 570 130 58 Primo
1514 570 116 58 modo
1586 570 130 58 habet
1673 570 203 58 propositio
1818 570 87 58 illa

431 624 206 56 veritatem.
593 624 74 56 &
623 624 103 56 hoc
682 624 118 56 modo
755 624 88 56 in
800 624 192 56 quacunque
947 624 162 56 vnitate
1065 624 162 56 diuina,
1183 624 133 56 nulla
1271 624 103 56 est
1330 624 206 56 multitudo.
1492 624 88 56 In
1537 624 147 56 diuina
1640 624 118 56 enim
1713 624 177 56 essentia
1831 624 74 56 vna

413 674 107 54 non
474 674 107 54 est
535 674 199 54 multitudo
688 674 183 54 vnitatum
826 674 122 54 quae
902 674 122 54 sunt
978 674 122 54 ipsa
1055 674 183 54 essentia
1192 674 92 54 re
1238 674 107 54 vel
1299 674 168 54 ratione
1422 674 168 54 plures.
1544 674 199 54 Similiter
1697 674 92 54 in
1743 674 153 54 diuina
1835 674 76 54 ve-

428 707 152 59 ritate
534 707 122 59 quae
610 707 106 59 est
671 707 137 59 vnica
762 707 182 59 secundum
899 707 182 59 rationem
1036 707 198 59 differens
1188 707 91 59 ab
1233 707 198 59 essentia:
1385 707 137 59 nulla
1476 707 106 59 est
1537 707 198 59 multitudo
1689 707 182 59 vnitatum
1826 707 122 59 quae

421 755 110 58 sunt
490 755 110 58 ipsa
559 755 179 58 sapientia
697 755 83 58 re
738 755 97 58 vel
794 755 152 58 ratione
904 755 138 58 plures
1001 755 207 58 sapientiae:
1166 755 110 58 nisi
1235 755 97 58 per
1290 755 138 58 ipsius
1387 755 193 58 sapientiae
1539 755 110 58 quae
1608 755 97 58 est
1663 755 221 58 essentialis,
1842 755 97 58 qua

423 807 90 57 si
468 807 255 57 contractionem
678 807 90 57 ad
723 807 210 57 personale:
888 807 180 57 secundum
1023 807 120 57 quod
1098 807 165 57 dicitur
1219 807 195 57 sapientia
1369 807 180 57 ingenita
1504 807 75 57 &
1534 807 165 57 genita.
1654 807 165 57 Differt
1774 807 120 57 enim
1834 807 75 57 sa-

428 847 160 67 pientia
545 847 218 67 essentialis
719 847 174 67 secundum
849 847 174 67 rationem
980 847 87 67 vt
1023 847 102 67 est
1081 847 87 67 in
1125 847 131 67 patre
1212 847 102 67 sub
1270 847 160 67 ratione
1386 847 189 67 ingeniti:
1531 847 73 67 &
1560 847 87 67 vt
1603 847 102 67 est
1661 847 87 67 in
1705 847 131 67 filio
1792 847 102 67 sub
1835 847 73 67 ra-

424 893 141 59 tione
518 893 172 59 geniti.
643 893 172 59 Secundo
768 893 141 59 autem
862 893 125 59 modo
940 893 141 59 habet
1034 893 235 59 falsitatem:
1222 893 141 59 nullo
1316 893 125 59 enim
1394 893 125 59 modo
1472 893 109 59 est
1535 893 141 59 maior
1629 893 156 59 vnitas
1738 893 156 59 realis
1832 893 78 59 es-

418 937 157 65 sentiae
532 937 85 65 in
574 937 100 65 qua
631 937 128 65 nulla
717 937 100 65 est
774 937 142 65 realis
873 937 185 65 multitudo
1016 937 171 65 ratione:
1144 937 114 65 immo
1215 937 199 65 contrarium
1372 937 128 65 verum
1457 937 114 65 est:
1529 937 114 65 quod
1600 937 142 65 quanto
1699 937 128 65 maior
1785 937 100 65 est
1828 937 85 65 vni-

419 984 101 67 tas
476 984 145 67 realis
578 984 203 67 essentiae:
737 984 130 67 tanto
824 984 130 67 maior
911 984 101 67 est
969 984 87 67 in
1012 984 116 67 ipsa
1084 984 188 67 multitudo
1229 984 188 67 rationum.
1374 984 130 67 iuxta
1461 984 130 67 illam
1548 984 261 67 propositionem.
1765 984 101 67 Ois
1808 984 116 67 virtus

417 1041 152 55 quanto
523 1041 137 55 magis
615 1041 107 55 est
676 1041 152 55 vnita,
783 1041 137 55 tanto
874 1041 137 55 magis
966 1041 107 55 est
1027 1041 198 55 infinita.
1179 1041 122 55 Vnde
1255 1041 76 55 &
1286 1041 91 55 in
1332 1041 198 55 creaturis
1484 1041 152 55 quanto
1591 1041 152 55 realis
1698 1041 152 55 vnitas
1789 1041 122 55 essen-

426 1087 126 50 tiae
505 1087 142 50 maior
600 1087 110 50 est
663 1087 79 50 &
694 1087 237 50 simplicior,
884 1087 142 50 tanto
978 1087 174 50 plurium
1105 1087 189 50 rationum
1246 1087 221 50 virtualium
1420 1087 95 50 in
1467 1087 95 50 se
1515 1087 110 50 est
1578 1087 237 50 contentiua:
1767 1087 79 50 &
1783 1087 126 50 quanto

425 1125 151 59 minor,
531 1125 136 59 tanto
622 1125 106 59 est
682 1125 197 59 pauciorum
833 1125 182 59 rationum
970 1125 212 59 virtualium
1136 1125 227 59 contentiua.
1318 1125 121 59 Hinc
1393 1125 197 59 contingit
1545 1125 121 59 quod
1620 1125 197 59 inferiora
1757 1125 166 59 naturalia

423 1179 167 57 paucas
540 1179 167 57 habent
656 1179 200 57 rationes
806 1179 216 57 virtuales
973 1179 83 57 &
1006 1179 167 57 paucas
1123 1179 250 57 operationes
1323 1179 83 57 &
1356 1179 167 57 viles.
1472 1179 133 57 Vnde
1556 1179 83 57 &
1589 1179 150 57 terra
1689 1179 133 57 quae
1755 1179 167 57 insfimum

428 1219 153 64 gradum
535 1219 245 64 perfectionis
734 1219 153 64 habet,
841 1219 138 64 habet
933 1219 138 64 ipsum
1025 1219 138 64 quasi
1117 1219 153 64 absque
1224 1219 230 64 operatione:
1408 1219 92 64 vt
1454 1219 138 64 dicit
1546 1219 230 64 Commentator
1729 1219 138 64 super
1806 1219 107 64 secun

427 1263 110 61 dum
490 1263 126 61 Cae.
569 1263 79 61 &
601 1263 126 61 Mun.
680 1263 95 61 Et
727 1263 205 61 superiora
885 1263 189 61 elementa
1027 1263 142 61 magis
1121 1263 252 61 spiritualia:
1326 1263 126 61 quia
1405 1263 174 61 maiorem
1532 1263 158 61 habent
1642 1263 189 61 vnitatem
1784 1263 79 61 &
1800 1263 126 61 simpli

422 1310 192 55 citatem:
566 1310 128 55 quia
646 1310 144 55 minus
741 1310 96 55 de
789 1310 192 55 materia:
933 1310 128 55 plus
1013 1310 160 55 habent
1125 1310 96 55 de
1173 1310 128 55 motu
1252 1310 80 55 &
1284 1310 240 55 operatione:
1476 1310 160 55 quibus
1588 1310 208 55 acquirunt
1747 1310 128 55 suam
1811 1310 112 55 pere-

424 1357 182 63 ctionem.
560 1357 91 63 Et
606 1357 106 63 (vt
667 1357 137 63 dicit
758 1357 228 63 Commentator
940 1357 167 63 ibidem)
1061 1357 137 63 etiam
1152 1357 258 63 vniuersaliter
1365 1357 152 63 quanto
1471 1357 182 63 creatura
1607 1357 106 63 est
1668 1357 182 63 superior
1789 1357 137 63 simpli-

427 1403 111 58 cior
497 1403 69 58 &
524 1403 153 58 maioris
635 1403 180 58 vnitatis:
774 1403 69 58 &
802 1403 111 58 plus
871 1403 236 58 appropinquata
1066 1403 125 58 primo
1149 1403 194 58 principio,
1301 1403 125 58 tanto
1385 1403 97 58 est
1440 1403 153 58 plurium
1551 1403 167 58 rationum
1676 1403 194 58 virtualium
1829 1403 69 58 &
1843 1403 83 58 opea

435 1454 137 57 tionum
531 1454 123 57 circa
613 1454 178 57 inferiora
749 1454 96 57 se:
804 1454 96 57 ita
859 1454 109 57 quod
927 1454 137 57 semper
1022 1454 109 57 illa
1091 1454 109 57 quae
1159 1454 123 57 agunt
1241 1454 178 57 inferiora
1377 1454 96 57 per
1432 1454 150 57 diuersa
1541 1454 82 57 re
1582 1454 137 57 diuisa
1678 1454 68 57 &
1705 1454 178 57 dispersa,
1828 1454 82 57 agit

435 1498 180 58 superius
570 1498 105 58 per
630 1498 150 58 vnicum
734 1498 75 58 &
764 1498 225 58 perfectius:
944 1498 90 58 vt
989 1498 105 58 cum
1049 1498 150 58 planta
1154 1498 135 58 forma
1243 1498 105 58 sua
1303 1498 150 58 tantum
1408 1498 180 58 vegetat:
1543 1498 150 58 brutum
1648 1498 105 58 sua
1707 1498 135 58 forma
1782 1498 135 58 vegetat

433 1545 76 51 &
463 1545 167 51 sentit:
585 1545 122 51 homo
661 1545 137 51 autem
752 1545 106 51 sua
813 1545 137 51 forma
904 1545 182 51 vegetat,
1041 1545 167 51 sentit,
1162 1545 76 51 &
1193 1545 228 51 intelligit:
1375 1545 76 51 &
1405 1545 122 51 quod
1481 1545 152 51 brutum
1588 1545 198 51 cognoscit
1740 1545 182 51 pluribus
1861 1545 61 51 po

424 1598 162 52 tentiis
542 1598 221 52 sensitiuis,
719 1598 118 52 homo
792 1598 191 52 cognoscit
940 1598 103 52 vna
998 1598 177 52 potentia
1131 1598 250 52 intellectiua.
1337 1598 74 52 &
1367 1598 103 52 sic
1425 1598 147 52 semper
1528 1598 147 52 quanto
1632 1598 103 52 est
1690 1598 177 52 superior
1823 1598 88 52 ad
1852 1598 74 52 plu

429 1644 84 52 ra
471 1644 84 52 se
513 1644 182 52 extendit.
654 1644 154 52 Propter
766 1644 112 52 quod
836 1644 154 52 dicitur
948 1644 84 52 in
990 1644 211 52 commentario
1159 1644 140 52 dictae
1257 1644 253 52 propositionis.
1468 1644 84 52 In
1510 1644 112 52 omni
1580 1644 182 52 propinquo
1720 1644 98 52 vni
1763 1644 154 52 principio

430 1684 99 55 est
486 1684 183 55 infinitas
627 1684 113 55 plus
698 1684 113 55 quam
768 1684 85 55 in
810 1684 155 55 virtute
923 1684 183 55 longinqua
1064 1684 85 55 ab
1106 1684 99 55 eo,
1162 1684 113 55 quod
1233 1684 113 55 est:
1303 1684 113 55 quia
1374 1684 141 55 quanto
1472 1684 127 55 magis
1557 1684 155 55 vnitur,
1669 1684 225 55 magnificatur
1853 1684 70 55 &
1867 1684 56 55 ve

426 1731 196 57 hementior
577 1731 121 57 sit,
652 1731 75 57 &
682 1731 166 57 efficit
803 1731 226 57 operationes
984 1731 256 57 mirabiliores,
1195 1731 75 57 &
1225 1731 151 57 quanto
1330 1731 136 57 magis
1421 1731 181 57 partitur
1556 1731 75 57 &
1586 1731 211 57 diuiditur,
1737 1731 181 57 minoratur,

431 1779 74 51 &
461 1779 238 51 debilitatur,
654 1779 74 51 &
684 1779 164 51 efficit
803 1779 223 51 operationes
982 1779 134 51 viles
1071 1779 149 51 virtus
1176 1779 149 51 vnita.
1310 1779 89 51 Ad
1354 1779 179 51 secundum
1488 1779 119 51 quod
1563 1779 208 51 pluralitas
1712 1779 208 51 attributorum

430 1821 119 55 facit
509 1821 172 55 essentiam
642 1821 93 55 non
695 1821 106 55 esse
761 1821 146 55 penitus
867 1821 146 55 idipsum
973 1821 93 55 &c.
1026 1821 159 55 Dicendum
1145 1821 106 55 quod
1211 1821 119 55 sicut
1291 1821 93 55 iam
1344 1821 185 55 distinctum
1489 1821 93 55 est
1542 1821 79 55 de
1582 1821 146 55 vnitate
1688 1821 185 55 essentiali
1834 1821 106 55 quod

439 1868 102 59 est
498 1868 102 59 vel
556 1868 102 59 rei
614 1868 102 59 vel
672 1868 189 59 rationis,
817 1868 102 59 sic
875 1868 247 59 distinguendum
1079 1868 102 59 est
1137 1868 87 59 de
1181 1868 174 59 idipsum:
1311 1868 116 59 quod
1384 1868 160 59 aliquid
1500 1868 102 59 est
1558 1868 160 59 idipsum
1675 1868 102 59 re,
1733 1868 102 59 vel
1776 1868 131 59 idipsum

435 1914 182 52 ratione.
572 1914 122 52 Quod
648 1914 137 52 facit
739 1914 106 52 rem
800 1914 167 52 penitus
921 1914 106 52 non
982 1914 122 52 esse
1058 1914 167 52 idipsum
1179 1914 106 52 re,
1240 1914 213 52 necessario
1407 1914 137 52 ponit
1499 1914 91 52 in
1544 1914 91 52 ea
1590 1914 167 52 aliquam
1696 1914 228 52 compositionem

427 1969 175 53 propter
554 1969 255 53 diuersitatem
761 1969 191 53 secundum
905 1969 127 53 rem.
984 1969 96 53 De
1032 1969 96 53 eo
1080 1969 127 53 vero
1160 1969 127 53 quod
1239 1969 143 53 facit
1335 1969 111 53 rem
1398 1969 111 53 non
1462 1969 127 53 esse
1542 1969 175 53 penitus
1669 1969 175 53 idipsum
1781 1969 127 53 secun-

429 2012 118 55 dum
496 2012 218 55 rationem,
664 2012 302 55 distinguendum,
916 2012 118 55 aut
983 2012 202 55 secundum
1135 2012 202 55 rationem
1286 2012 235 55 absolutam,
1470 2012 118 55 aut
1538 2012 202 55 secundum
1689 2012 202 55 rationem
1823 2012 84 55 re,

431 2057 222 56 spectiuam.
605 2057 95 56 De
653 2057 95 56 eo
700 2057 127 56 quod
780 2057 143 56 facit
875 2057 143 56 ipsam
970 2057 111 56 non
1033 2057 127 56 esse
1112 2057 174 56 idipsum
1239 2057 143 56 primo
1334 2057 143 56 modo,
1429 2057 143 56 adhuc
1524 2057 143 56 ponit
1619 2057 95 56 in
1666 2057 95 56 re
1714 2057 174 56 aliquam
1825 2057 79 56 com

421 2099 221 63 positionem
595 2099 174 63 propter
722 2099 253 63 diuersitatem
927 2099 253 63 intentionum.
1132 2099 174 63 Ratione
1259 2099 126 63 enim
1338 2099 190 63 absoluta
1480 2099 174 63 penitus
1607 2099 111 63 non
1670 2099 205 63 differunt
1812 2099 95 63 nisi

424 2145 174 54 diuersa
551 2145 237 54 intentione:
740 2145 174 54 qualium
867 2145 269 54 compositionem
1088 2145 111 54 est
1151 2145 190 54 inuenire
1294 2145 95 54 in
1341 2145 126 54 omni
1420 2145 190 54 creatura
1562 2145 95 54 vt
1610 2145 174 54 habitum
1736 2145 111 54 est
1784 2145 126 54 supra.

428 2196 175 55 Secundo
555 2196 143 55 autem
650 2196 127 55 modo
730 2196 222 55 diuersitas
905 2196 191 55 rationum
1047 2196 95 55 in
1095 2196 143 55 nulla
1190 2196 95 55 re
1238 2196 143 55 ponit
1333 2196 286 55 compositionem:
1572 2196 127 55 quia
1651 2196 206 55 respectus
1794 2196 111 55 nihil

420 2240 221 62 realitatis
594 2240 142 62 habet
689 2240 174 62 praeter
815 2240 221 62 realitatem
989 2240 111 62 sui
1052 2240 237 62 fundamenti.
1242 2240 126 62 vnde
1321 2240 142 62 super
1416 2240 126 62 suum
1495 2240 237 62 fundamentum
1685 2240 111 62 non
1748 2240 142 62 dicit
1827 2240 79 62 rem

420 2291 138 53 aliam
512 2291 77 53 a
543 2291 108 53 suo
604 2291 231 53 sundamento:
789 2291 108 53 sed
850 2291 200 53 solummodo
1004 2291 185 53 rationem
1143 2291 123 53 quae
1220 2291 108 53 est
1281 2291 92 53 ad
1327 2291 169 53 aliquid
1450 2291 138 53 esse:
1543 2291 123 53 quae
1620 2291 108 53 est
1681 2291 123 53 alia
1758 2291 77 53 a
1774 2291 138 53 ratione

426 2329 105 55 sui
486 2329 210 55 fundamenti
651 2329 120 55 quae
726 2329 105 55 est
786 2329 165 55 aliquid
907 2329 180 55 absolute
1042 2329 135 55 esse:
1132 2329 105 55 sed
1192 2329 195 55 solummodo
1342 2329 90 55 ad
1387 2329 165 55 aliquid
1507 2329 135 55 esse.
1598 2329 150 55 Aliter
1703 2329 120 55 enim
1763 2329 150 55 necessa-

421 2382 114 52 rio
486 2382 179 52 faceret
616 2382 277 52 compositionem
844 2382 114 52 cum
910 2382 114 52 suo
975 2382 245 52 fundamento:
1171 2382 130 52 nisi
1252 2382 228 52 appellemus
1431 2382 114 52 rem
1497 2382 147 52 ipsum
1594 2382 212 52 respectum
1757 2382 98 52 ad
1790 2382 114 52 aliud

432 2423 139 59 esse.
524 2423 77 59 &
555 2423 124 59 tunc
632 2423 108 59 est
694 2423 201 59 solummodo
848 2423 216 59 disputatio
1018 2423 93 59 de
1065 2423 170 59 nomine.
1188 2423 124 59 lpse
1265 2423 124 59 enim
1343 2423 201 59 respectus
1497 2423 139 59 purus
1590 2423 108 59 qui
1651 2423 108 59 non
1713 2423 108 59 est
1775 2423 124 59 nisi
1852 2423 93 59 ad

423 2475 139 52 aliud
515 2475 139 52 esse,
608 2475 124 52 siue
685 2475 216 52 appelletur
855 2475 108 52 res
917 2475 124 52 siue
994 2475 124 52 non,
1072 2475 155 52 nullam
1180 2475 263 52 compositionem
1396 2475 139 52 facit
1489 2475 108 52 cum
1551 2475 185 52 absoluto
1690 2475 124 52 quod
1767 2475 108 52 est
1813 2475 93 52 suum

418 2515 260 57 fundamentum.
629 2515 81 57 &
661 2515 114 57 hoc
726 2515 130 57 quia
807 2515 130 57 ipsa
888 2515 114 57 res
953 2515 227 57 fundamenti
1131 2515 146 57 quasi
1229 2515 211 57 subintrat
1391 2515 195 57 rationem
1537 2515 227 57 respectus:
1715 2515 97 57 vt
1764 2515 130 57 quae
1829 2515 81 57 se-

426 2563 156 51 cundum
536 2563 94 51 se
582 2563 109 51 est
645 2563 203 51 absolutum
800 2563 125 51 quid
878 2563 140 51 nullo
972 2563 94 51 ei
1019 2563 156 51 addito
1128 2563 171 51 omnino:
1252 2563 78 51 &
1284 2563 156 51 absque
1393 2563 125 51 omni
1471 2563 109 51 sua
1533 2563 218 51 mutatione,
1704 2563 94 51 ex
1751 2563 125 51 solo
1829 2563 109 51 mo-

420 2616 102 48 do
471 2616 186 48 habendi
606 2616 186 48 aliquid
742 2616 102 48 ad
793 2616 169 48 ipsum,
911 2616 186 48 assumit
1047 2616 203 48 rationem
1199 2616 237 48 respectus:
1386 2616 102 48 vt
1437 2616 186 48 idipsum
1572 2616 136 48 quod
1657 2616 186 48 quantum
1792 2616 119 48 est
1843 2616 68 48 ex

425 2653 92 54 se
471 2653 138 54 nihil
562 2653 199 54 respicit,
715 2653 168 54 aliquid
837 2653 183 54 respicit
975 2653 92 54 ex
1021 2653 122 54 solo
1097 2653 122 54 modo
1174 2653 168 54 habendi
1296 2653 168 54 aliquid
1418 2653 92 54 ad
1464 2653 153 54 ipsum.
1571 2653 168 54 Propter
1693 2653 122 54 quod
1769 2653 138 54 dicit
1846 2653 61 54 Au

421 2698 193 70 gustinus
566 2698 177 70 septimo
694 2698 96 70 de
742 2698 209 70 Trinitate
903 2698 161 70 capite
1015 2698 161 70 primo.
1128 2698 145 70 Omnis
1224 2698 193 70 essentia
1369 2698 129 70 quae
1449 2698 193 70 relatiue
1594 2698 193 70 dicitur,
1738 2698 112 70 est
1787 2698 112 70 etiam
