2017 3139
126 232 141 77 citer.
225 232 113 77 Alio
295 232 113 77 modo
366 232 85 77 vt
408 232 169 77 respicit
535 232 85 77 in
578 232 141 77 altero
676 232 169 77 ipsorum,
803 232 99 77 vel
860 232 85 77 in
902 232 141 77 aliquo
1001 232 141 77 tertio
1100 232 169 77 rationem
1227 232 198 77 principii.
1382 232 127 77 Primo
1467 232 113 77 modo
1537 232 85 77 in
1566 232 56 77 re

131 297 144 52 latiuis
236 297 66 52 &
262 297 197 52 respectibus
420 297 92 52 non
472 297 118 52 solum
551 297 92 52 non
604 297 92 52 est
656 297 118 52 ordo:
735 297 92 52 sed
788 297 118 52 neque
866 297 118 52 etiam
945 297 118 52 ratio
1024 297 250 52 principiationis
1234 297 92 52 aut
1287 297 223 52 causalitatis.
1471 297 105 52 Vnde
1523 297 92 52 sicut

131 347 119 44 dicit
210 347 199 44 Philosophus
369 347 106 44 quod
436 347 159 44 relatiua
555 347 106 44 sunt
621 347 119 44 simul
701 347 146 44 natura:
807 347 93 44 sic
860 347 119 44 etiam
940 347 119 44 dicit
1019 347 106 44 quod
1086 347 146 44 neutrum
1192 347 93 44 est
1245 347 119 44 causa
1324 347 133 44 alteri
1417 347 80 44 vt
1457 347 106 44 sit.
1510 347 106 44 Secun-

138 389 85 63 do
180 389 128 63 autem
266 389 114 63 modo
337 389 85 63 in
380 389 128 63 ipsis
465 389 100 63 non
522 389 128 63 solum
607 389 100 63 est
664 389 128 63 ordo,
750 389 100 63 sed
807 389 128 63 etiam
892 389 142 63 potest
992 389 114 63 esse
1063 389 71 63 &
1091 389 100 63 est
1148 389 199 63 frequenter
1305 389 85 63 in
1348 389 128 63 ipsis
1433 389 128 63 ratio
1504 389 114 63 princi

138 433 162 73 piationis
262 433 62 73 &
287 433 212 73 causalitatis.
462 433 112 73 Pater
536 433 100 73 enim
599 433 75 73 in
636 433 137 73 diuinis
736 433 87 73 est
786 433 175 73 principium
923 433 125 73 filii:
1010 433 62 73 &
1035 433 75 73 in
1072 433 162 73 creaturis
1197 433 87 73 est
1247 433 112 73 causa
1322 433 125 73 filii,
1409 433 62 73 &
1434 433 87 73 non
1471 433 150 73 econverso.

423 505 110 76 lrca
492 505 165 76 secundum
615 505 178 76 arguitur,
753 505 110 76 quod
821 505 110 76 ordo
890 505 151 76 naturae
1000 505 96 76 non
1054 505 96 76 sit
1109 505 82 76 in
1150 505 110 76 deo,
1219 505 123 76 Primo
1301 505 110 76 sic,
1370 505 96 76 non
1425 505 96 76 est
1480 505 110 76 ordo
1535 505 82 76 ali-

433 567 113 46 uius
504 567 113 46 nisi
574 567 141 46 fuerit
673 567 240 46 plurificatum,
871 567 113 46 quia
942 567 127 46 vnius
1027 567 170 46 secundum
1154 567 113 46 quod
1225 567 127 46 vnum,
1310 567 141 46 nullus
1409 567 99 46 est
1465 567 113 46 ordo
1536 567 99 46 se-
1579 567 42 46 s

431 613 137 65 cundum
527 613 109 65 quod
596 613 137 65 dictum
691 613 109 65 est.
760 613 137 65 natura
856 613 82 65 in
897 613 96 65 deo
951 613 96 65 non
1006 613 96 65 est
1061 613 219 65 plurificata.
1239 613 109 65 ergo
1307 613 96 65 &c.
1362 613 68 65 ⁋
1389 613 151 65 Secundo
1499 613 109 65 sic.
1567 613 82 65 in

428 654 101 65 deo
485 654 115 65 idem
557 654 101 65 est
614 654 144 65 natura
715 654 72 65 &
744 654 187 65 essentia.
887 654 101 65 sed
945 654 86 65 in
988 654 101 65 deo
1045 654 101 65 non
1103 654 101 65 est
1160 654 115 65 ordo
1232 654 201 65 essentiae:
1390 654 129 65 quare
1476 654 101 65 nec
1519 654 101 65 natu-

427 713 100 52 rae.
489 713 62 52 ⁋
514 713 124 52 Tertio
601 713 100 52 sic.
663 713 100 52 ordo
725 713 137 52 naturae
825 713 87 52 non
874 713 87 52 est
924 713 100 52 nisi
986 713 112 52 eorum
1061 713 100 52 quae
1123 713 100 52 sunt
1186 713 149 52 ordinata
1298 713 87 52 per
1347 713 87 52 se:
1397 713 100 52 quia
1459 713 124 52 natura
1546 713 87 52 est
1584 713 37 52 i

421 744 190 57 principium
571 744 95 57 per
625 744 95 57 se.
679 744 95 57 sed
734 744 109 57 ordo
802 744 190 57 personarum
951 744 122 57 inter
1033 744 81 57 se
1073 744 95 57 non
1128 744 136 57 potest
1223 744 109 57 esse
1291 744 95 57 per
1345 744 95 57 se,
1399 744 149 57 quoniam
1494 744 109 57 secun-

430 791 106 55 dum
490 791 196 55 Commenta.
641 791 151 55 super.
747 791 90 55 v.
792 791 181 55 physico.
927 791 196 55 indiuidua
1078 791 106 55 sub
1139 791 136 55 eadem
1229 791 136 55 forma
1320 791 166 55 ordinem
1440 791 106 55 non
1485 791 121 55 habent

139 831 122 61 inter
221 831 81 61 se
261 831 95 61 per
315 831 95 61 se:
369 831 95 61 sed
423 831 122 61 solum
504 831 95 61 per
558 831 176 61 accidens.
693 831 135 61 aliter
788 831 108 61 enim
855 831 95 61 (vt
910 831 135 61 dicit)
1004 831 95 61 non
1058 831 122 61 esset
1139 831 108 61 homo
1207 831 81 61 ab
1247 831 135 61 homine
1342 831 81 61 in
1382 831 176 61 infinitum
1517 831 108 61 ante
1571 831 41 61 &

138 880 129 58 post,
224 880 172 58 personae
352 880 129 58 autem
438 880 157 58 diuinae
553 880 115 58 sunt
624 880 86 58 in
667 880 129 58 eadem
753 880 129 58 forma
839 880 215 58 diuinitatis
1011 880 243 58 subsistentis.
1211 880 115 58 ergo
1283 880 100 58 &c.
1340 880 72 58 ⁋
1369 880 115 58 Quia
1440 880 100 58 non
1497 880 100 58 sit
1555 880 86 58 in

138 926 98 56 deo
194 926 113 56 ordo
265 926 183 56 rationis,
405 926 169 56 arguitur
532 926 127 56 primo
616 926 113 56 sic,
687 926 98 56 non
743 926 98 56 est
799 926 113 56 ordo
869 926 84 56 in
912 926 183 56 aliquibus
1052 926 113 56 nisi
1123 926 84 56 ex
1165 926 169 56 respectu
1291 926 84 56 ad
1334 926 155 56 aliquod
1432 926 183 56 principium.

145 970 95 61 sed
200 970 82 61 in
241 970 95 61 eis
295 970 109 61 quae
363 970 109 61 sola
432 970 150 61 ratione
541 970 177 61 differunt
677 970 82 61 in
718 970 109 61 deo,
786 970 95 61 non
841 970 95 61 est
895 970 136 61 sumere
991 970 164 61 rationem
1113 970 191 61 principii:
1263 970 123 61 quare
1345 970 123 61 neque
1413 970 191 61 principiati.

142 1016 82 71 eo
183 1016 110 71 quod
252 1016 110 71 vnum
320 1016 123 71 eorum
402 1016 96 71 non
457 1016 96 71 est
512 1016 82 71 ab
553 1016 151 71 altero.
663 1016 110 71 ergo
731 1016 96 71 &c.
786 1016 68 71 ⁋
813 1016 151 71 Secundo
923 1016 110 71 sic.
991 1016 205 71 differentia
1155 1016 164 71 rationis
1279 1016 82 71 in
1320 1016 96 71 deo
1375 1016 96 71 non
1429 1016 96 71 est
1484 1016 110 71 nisi
1539 1016 82 71 ori,

131 1060 196 56 ginaliter
281 1060 90 56 ab
326 1060 120 56 ipsa
402 1060 196 56 essentia:
552 1060 75 56 &
582 1060 211 56 completiue
748 1060 90 56 ab
793 1060 120 56 actu
868 1060 241 56 intellectus.
1064 1060 120 56 ordo
1139 1060 135 56 autem
1229 1060 180 56 sequitur
1364 1060 180 56 rationem
1485 1060 120 56 diffe-

138 1108 173 57 rentiae,
268 1108 87 57 vt
311 1108 101 57 iam
369 1108 144 57 dictum
470 1108 116 57 est.
542 1108 116 57 Ordo
614 1108 116 57 ergo
686 1108 173 57 rationis
816 1108 130 57 inter
903 1108 87 57 ea
947 1108 116 57 quae
1019 1108 87 57 in
1062 1108 101 57 deo
1120 1108 188 57 differunt
1264 1108 173 57 ratione,
1394 1108 101 57 aut
1452 1108 130 57 habet
1524 1108 87 57 esse

147 1149 81 58 in
187 1149 121 58 ipsis
268 1149 81 58 ab
308 1149 108 58 ipsa
375 1149 175 58 essentia,
510 1149 94 58 aut
563 1149 81 58 ab
604 1149 108 58 ipso
671 1149 202 58 intellectu,
832 1149 94 58 non
886 1149 81 58 ab
926 1149 175 58 essentia:
1061 1149 108 58 quia
1128 1149 81 58 in
1168 1149 108 58 ipsa
1236 1149 134 58 habent
1330 1149 175 58 vnitatem,
1464 1149 94 58 non
1518 1149 81 58 ab
1558 1149 81 58 in

142 1195 166 57 tellectu:
270 1195 102 57 quia
333 1195 102 57 ipse
397 1195 153 57 conceptu
512 1195 89 57 suo
563 1195 127 57 potest
652 1195 153 57 secundum
766 1195 127 57 varios
856 1195 140 57 ordines
957 1195 102 57 illa
1021 1195 178 57 concipere,
1161 1195 115 57 alias
1238 1195 166 57 posterius
1365 1195 102 57 quod
1429 1195 102 57 nunc
1480 1195 127 57 concipit

138 1239 136 65 prius.
234 1239 109 65 ergo
302 1239 95 65 &c.
356 1239 68 65 ⁋
383 1239 109 65 Quia
451 1239 122 65 autem
533 1239 95 65 sit
587 1239 150 65 vterque
696 1239 109 65 ordo
764 1239 82 65 in
805 1239 163 65 diuinis,
927 1239 163 65 arguitur
1050 1239 122 65 Primo
1131 1239 109 65 sic.
1199 1239 177 65 vbicumque
1335 1239 95 65 est
1390 1239 190 65 pluralitas
1539 1239 95 65 si-
1580 1239 41 65 r

137 1287 79 51 ne
176 1287 145 51 ordine,
282 1287 92 51 est
335 1287 171 51 confusio.
466 1287 79 51 in
506 1287 92 51 deo
559 1287 119 51 nulla
638 1287 92 51 est
690 1287 171 51 confusio:
822 1287 105 51 quia
888 1287 105 51 ipsa
954 1287 92 51 est
1007 1287 119 51 ratio
1086 1287 250 51 imperfectionis.
1297 1287 79 51 in
1336 1287 105 51 ipso
1402 1287 119 51 autem
1481 1287 92 51 est
1521 1287 79 51 plu-

133 1335 158 55 ralitas
248 1335 215 55 personarum,
420 1335 115 55 quae
492 1335 101 55 est
549 1335 86 55 in
592 1335 101 55 deo
650 1335 172 55 secundum
779 1335 172 55 naturam:
908 1335 72 55 &
937 1335 101 55 est
995 1335 86 55 in
1038 1335 115 55 ipso
1110 1335 201 55 pluralitas
1268 1335 244 55 attributorum,
1469 1335 115 55 quae
1526 1335 72 55 est

135 1374 84 51 in
177 1374 113 51 ipso
247 1374 169 51 secundum
374 1374 183 51 rationem.
515 1374 113 51 ergo
585 1374 98 51 &c.
641 1374 70 51 ⁋
669 1374 155 51 Secundo
782 1374 113 51 sic.
852 1374 197 51 quaecumque
1007 1374 127 51 plura
1092 1374 169 51 pacifice
1218 1374 211 51 continentur
1387 1374 84 51 in
1429 1374 141 51 eodem,
1514 1374 98 51 ordi-

133 1425 94 53 nem
186 1425 134 53 habent
280 1425 121 53 inter
361 1425 94 53 se.
414 1425 148 53 dicente
522 1425 188 53 Augustinus
669 1425 107 53 xix.
736 1425 80 53 de
776 1425 148 53 ciuita.
884 1425 107 53 dei.
951 1425 94 53 Pax
1004 1425 134 53 omnium
1098 1425 121 53 rerum
1179 1425 228 53 tranquillitas
1367 1425 148 53 ordinis
1474 1425 107 53 est.
1528 1425 80 53 vtra

138 1465 123 50 quod
214 1465 138 50 autem
307 1465 215 50 pluralitas
476 1465 246 50 attributorum
676 1465 77 50 &
706 1465 215 50 personarum
876 1465 184 50 pacifice
1014 1465 77 50 &
1045 1465 138 50 summa
1137 1465 123 50 pace
1214 1465 92 50 in
1260 1465 108 50 deo
1321 1465 246 50 continentur.
1506 1465 92 50 ergo

144 1510 99 56 &c.
201 1510 71 56 ⁋
229 1510 114 56 Quia
300 1510 99 56 sit
357 1510 114 56 ordo
428 1510 156 56 naturae
541 1510 128 56 dicit
626 1510 199 56 Augustinus
783 1510 142 56 libro.
882 1510 114 56 iii.
953 1510 142 56 contra
1052 1510 199 56 Maximinum.
1208 1510 156 56 Genitum
1322 1510 170 56 (inquit)
1450 1510 71 56 a
1478 1510 170 56 genitore

141 1556 126 57 mitti
225 1556 195 57 oportebat.
378 1556 126 57 verum
462 1556 98 57 hoc
518 1556 98 57 non
574 1556 98 57 est
629 1556 223 57 inaequalitas
811 1556 223 57 substantiae:
992 1556 98 57 sed
1048 1556 112 57 ordo
1118 1556 167 57 naturae.
1243 1556 70 57 ⁋
1271 1556 112 57 Quia
1341 1556 98 57 sit
1397 1556 112 57 ordo
1467 1556 167 57 rationis
1578 1556 42 57 a

147 1605 139 62 patet,
244 1605 111 62 quia
314 1605 83 62 in
356 1605 97 62 deo
411 1605 111 62 sunt
481 1605 209 62 intellectus
648 1605 70 62 &
676 1605 167 62 voluntas
801 1605 209 62 differentia
968 1605 167 62 ratione:
1093 1605 111 62 quae
1163 1605 97 62 non
1218 1605 111 62 sunt
1288 1605 111 62 sine
1358 1605 153 62 ordine:
1469 1605 111 62 quia
1525 1605 83 62 inco

129 1646 150 59 gnita
229 1646 117 59 non
296 1646 200 59 possumus
446 1646 167 59 velle,
562 1646 200 59 secundum
712 1646 250 59 Augustinum.
912 1646 133 59 ergo
979 1646 83 59 &c.

137 1676 86 79 ⁋
171 1676 207 79 Dicendum
327 1676 104 79 ad
379 1676 138 79 hoc:
465 1676 138 79 quod
551 1676 121 79 cum
620 1676 207 79 secundum
776 1676 259 79 determinata
983 1676 104 79 in
1035 1676 259 79 praecedenti
1242 1676 259 79 quaestione:
1450 1676 138 79 ordo
1519 1676 86 79 for

139 1740 172 70 maliter
264 1740 140 70 dicit
358 1740 203 70 respectum
514 1740 78 70 &
545 1740 265 70 comparationem
763 1740 187 70 alicuius
904 1740 109 70 vel
966 1740 203 70 aliquorum
1122 1740 94 70 ad
1169 1740 172 70 aliquid
1293 1740 94 70 vt
1340 1740 94 70 ad
1387 1740 218 70 principium
1559 1740 94 70 de

142 1797 176 53 terminatum:
283 1797 70 53 in
318 1797 153 53 quocumque
436 1797 94 53 ergo
494 1797 82 53 vel
541 1797 70 53 in
577 1797 188 53 quibuscumque
729 1797 82 53 est
776 1797 141 53 reperire
882 1797 188 53 pluralitatem
1034 1797 141 53 aliquam,
1140 1797 59 53 &
1164 1797 70 53 in
1199 1797 94 53 illa
1258 1797 129 53 aliquod
1351 1797 117 53 habens
1434 1797 141 53 rationem
1528 1797 70 53 prim

134 1838 112 52 cipii
208 1838 74 52 ad
245 1838 99 52 quod
307 1838 124 52 habent
394 1838 99 52 alia
456 1838 161 52 respectum
580 1838 62 52 &
605 1838 223 52 comparationem:
790 1838 74 52 in
828 1838 99 52 illo
890 1838 62 52 &
914 1838 74 52 in
952 1838 112 52 illis
1026 1838 136 52 ponenda
1125 1838 87 52 est
1175 1838 112 52 ratio
1249 1838 149 52 ordinis:
1361 1838 149 52 secundum
1472 1838 112 52 modum
1534 1838 62 52 quo

146 1877 112 64 iillis
224 1877 79 64 est
269 1877 101 64 ratio
337 1877 146 64 principii
449 1877 56 64 &
472 1877 146 64 respectus
584 1877 67 64 ad
618 1877 101 64 illd.
685 1877 67 64 Et
719 1877 135 64 secundum
820 1877 90 64 quod
876 1877 168 64 diuersimode
1011 1877 79 64 est
1056 1877 67 64 in
1089 1877 79 64 eis
1134 1877 135 64 inuenire
1235 1877 135 64 rationem
1336 1877 157 64 principii,
1460 1877 135 64 secundum
1550 1877 56 64 hoc

138 1921 95 53 est
192 1921 81 53 in
232 1921 95 53 eis
286 1921 203 53 diuersimode
448 1921 162 53 inuenire
570 1921 162 53 rationem
691 1921 162 53 ordinis.
813 1921 81 53 Et
853 1921 95 53 cum
907 1921 135 53 plures
1002 1921 108 53 sunt
1069 1921 162 53 rationes
1191 1921 176 53 principii
1326 1921 81 53 ad
1366 1921 108 53 quas
1434 1921 176 53 respectum
1555 1921 54 53 ha

135 1968 123 54 bent
212 1968 216 54 creaturae,
381 1968 77 54 &
412 1968 185 54 secundum
551 1968 108 54 hoc
612 1968 154 54 plures
720 1968 123 54 modi
797 1968 170 54 ordinum
921 1968 231 54 inueniuntur
1106 1968 92 54 in
1152 1968 108 54 eis
1214 1968 216 54 comparatis
1383 1968 139 54 inter
1476 1968 92 54 se
1522 1968 77 54 &
1537 1968 62 54 ad

144 2010 135 62 deum:
234 2010 90 62 in
279 2010 105 62 deo
339 2010 135 62 autem
429 2010 105 62 est
489 2010 180 62 inuenire
624 2010 180 62 duplicem
759 2010 180 62 rationem
895 2010 210 62 principii:
1060 2010 120 62 vnam
1135 2010 90 62 ex
1180 2010 150 62 natura
1285 2010 105 62 rei
1345 2010 90 62 in
1390 2010 150 62 seipsa
1480 2010 120 62 comple

131 2058 115 49 tiue:
208 2058 115 49 aliam
284 2058 102 49 vero
348 2058 76 49 ex
386 2058 127 49 natura
475 2058 89 49 rei
526 2058 217 49 originaliter,
704 2058 89 49 sed
755 2058 178 49 completiue
895 2058 89 49 non
946 2058 76 49 ex
985 2058 127 49 seipsa
1074 2058 76 49 vt
1112 2058 115 49 habet
1188 2058 102 49 esse
1252 2058 76 49 in
1290 2058 140 49 seipsa:
1392 2058 89 49 sed
1443 2058 76 49 ab
1469 2058 127 49 intelle-

136 2102 82 51 ctu
183 2102 70 51 vt
218 2102 106 51 cadit
289 2102 70 51 in
324 2102 211 51 consideratione
500 2102 188 51 intellectus:
652 2102 59 51 &
676 2102 82 51 hoc
723 2102 141 51 secundum
828 2102 94 51 quod
887 2102 117 51 duplex
969 2102 164 51 pluralitas
1098 2102 106 51 habet
1168 2102 94 51 esse
1227 2102 70 51 in
1262 2102 82 51 deo
1309 2102 141 51 scilicet
1414 2102 188 51 differentium
1555 2102 47 51 in

132 2153 110 54 ter
195 2153 95 54 se
243 2153 189 54 secundum
385 2153 110 54 rem
448 2153 173 54 realium
574 2153 237 54 relationum,
763 2153 95 54 vt
810 2153 110 54 est
874 2153 221 54 pluralitas
1047 2153 221 54 personarum
1220 2153 79 54 &
1252 2153 189 54 notionum
1378 2153 221 54 personalium:

137 2193 70 55 &
165 2193 225 55 differentium
348 2193 169 55 secundum
474 2193 169 55 rationem
601 2193 155 55 tantum:
713 2193 84 55 vt
755 2193 225 55 attributorum
938 2193 126 55 inter
1022 2193 84 55 se
1064 2193 70 55 &
1092 2193 70 55 a
1120 2193 239 55 personalibus:
1317 2193 126 55 Ratio
1401 2193 183 55 principii
1528 2193 70 55 pri

140 2240 78 57 mo
179 2240 104 57 modo
244 2240 91 57 est
296 2240 78 57 in
335 2240 104 57 illo
401 2240 91 57 qui
453 2240 91 57 est
505 2240 78 57 in
544 2240 143 57 diuinis
648 2240 91 57 non
700 2240 78 57 ab
739 2240 104 57 alio
804 2240 91 57 sed
856 2240 65 57 a
883 2240 91 57 quo
935 2240 117 57 alii,
1013 2240 78 57 vt
1052 2240 78 57 in
1091 2240 117 57 patre
1169 2240 156 57 respectu
1286 2240 117 57 filii
1365 2240 65 57 &
1391 2240 156 57 spiritus
1495 2240 104 57 sancti

133 2281 67 51 &
159 2281 121 51 etiam
240 2281 81 51 in
280 2281 107 51 illo
348 2281 94 51 qui
401 2281 94 51 est
455 2281 81 51 ab
495 2281 107 51 alio
562 2281 81 51 ex
603 2281 94 51 hoc
657 2281 107 51 quod
724 2281 81 51 ab
764 2281 121 51 ipso,
845 2281 121 51 licet
925 2281 94 51 non
979 2281 121 51 solum
1060 2281 81 51 ab
1100 2281 107 51 ipso
1167 2281 94 51 est
1221 2281 134 51 alius,
1315 2281 81 51 vt
1355 2281 81 51 in
1395 2281 121 51 filio
1463 2281 134 51 respectu

144 2326 168 52 piritus
266 2326 168 52 sancti.
388 2326 168 52 Secundo
510 2326 137 52 autem
601 2326 122 52 modo
677 2326 137 52 ratio
769 2326 198 52 principii
921 2326 107 52 est
982 2326 183 52 secundum
1119 2326 229 52 intellectus
1302 2326 290 52 considerationem
1546 2326 91 52 in

131 2372 114 52 illo
202 2372 114 52 quod
273 2372 171 52 rationem
402 2372 128 52 magis
487 2372 185 52 simplicis
630 2372 185 52 importat,
772 2372 100 52 hoc
829 2372 100 52 est
886 2372 86 52 de
929 2372 100 52 quo
986 2372 200 52 simplicior
1143 2372 185 52 conceptus
1285 2372 128 52 natus
1371 2372 100 52 est
1428 2372 171 52 formari,
1542 2372 57 52 si

130 2415 81 57 ue
170 2415 108 57 quod
237 2415 121 57 primo
318 2415 121 57 natum
398 2415 94 57 est
452 2415 81 57 ab
493 2415 188 57 intellectu
640 2415 161 57 concipi,
761 2415 81 57 vt
802 2415 81 57 ab
842 2415 108 57 illo
909 2415 121 57 quasi
990 2415 161 57 procedat
1111 2415 81 57 ad
1151 2415 175 57 conceptum
1286 2415 161 57 aliorum.
1407 2415 121 57 Verbi
1474 2415 121 57 gratia,

140 2458 96 59 tale
200 2458 168 59 principium
332 2458 120 59 omnium
416 2458 108 59 eorum
488 2458 96 59 quae
548 2458 72 59 in
584 2458 84 59 deo
632 2458 204 59 considerantur
800 2458 84 59 est
848 2458 108 59 ratio
920 2458 108 59 esse,
992 2458 96 59 quae
1052 2458 168 59 includitur
1184 2458 72 59 in
1220 2458 156 59 quaelibet
1340 2458 132 59 aliarum
1436 2458 156 59 diuinarum
1544 2458 60 59 ra-

137 2505 158 52 tionum,
251 2505 72 52 &
280 2505 215 52 generaliter
452 2505 143 52 omnium
553 2505 115 52 quae
624 2505 86 52 in
667 2505 100 52 deo
725 2505 258 52 considerantur:
940 2505 86 52 vt
983 2505 115 52 sunt
1055 2505 158 52 viuere,
1170 2505 230 52 intelligere,
1356 2505 143 52 velle,
1457 2505 72 52 &
1471 2505 129 52 caetera

138 2550 210 53 huiusmodi.
303 2550 105 53 Hoc
363 2550 135 53 etiam
452 2550 120 53 modo
527 2550 135 53 omnia
617 2550 225 53 essentialia
797 2550 90 53 in
842 2550 105 53 deo
901 2550 180 53 rationem
1036 2550 254 53 fundamentalis
1246 2550 195 53 principii
1395 2550 150 53 habent
1485 2550 120 53 respe-

138 2596 102 53 ctu
197 2596 234 53 personalium.
387 2596 102 53 Hoc
446 2596 132 53 etiam
534 2596 117 53 modo
607 2596 88 53 ea
651 2596 117 53 quae
724 2596 190 53 pertinent
870 2596 88 53 ad
914 2596 234 53 intellectum,
1104 2596 161 53 quandam
1221 2596 176 53 rationem
1353 2596 190 53 principii
1485 2596 117 53 habent

150 2637 71 48 ad
186 2637 95 48 illa
245 2637 95 48 quae
305 2637 155 48 pertinent
424 2637 71 48 ad
459 2637 178 48 voluntatem.
602 2637 83 48 Hoc
650 2637 107 48 etiam
721 2637 95 48 modo
780 2637 131 48 quaedam
876 2637 178 48 essentialia
1018 2637 71 48 vt
1054 2637 95 48 sunt
1113 2637 71 48 in
1149 2637 131 48 persona
1244 2637 95 48 vna,
1304 2637 131 48 quandam
1399 2637 143 48 rationem
1494 2637 107 48 princi-

143 2686 96 69 pii
198 2686 110 69 siue
267 2686 192 69 primitatis
417 2686 137 69 habent
513 2686 164 69 respectu
636 2686 164 69 eorundem
759 2686 82 69 vt
800 2686 110 69 sunt
869 2686 82 69 in
910 2686 123 69 aliis
992 2686 178 69 personis:
1129 2686 68 69 &
1156 2686 123 69 siqui
1238 2686 110 69 alii
1307 2686 192 69 consimiles
1457 2686 110 69 modi
1512 2686 96 69 inue
