2017 3285
398 236 81 87 in
438 236 162 87 diuinis:
559 236 94 87 sed
613 236 148 87 oportet
721 236 81 87 ea
762 236 189 87 transferri
910 236 67 87 a
937 236 189 87 creaturis:
1085 236 148 87 videtur
1193 236 175 87 aliquibus
1328 236 175 87 difficile
1463 236 202 87 intelligere
1625 236 108 87 quod
1692 236 108 87 ordo
1760 236 94 87 sit
1814 236 81 87 in
1841 236 67 87 ali

414 320 163 57 quibus:
533 320 119 57 quin
607 320 89 57 eo
652 320 119 57 modo
726 320 104 57 quo
786 320 163 57 ponitur
905 320 89 57 in
949 320 104 57 eis
1009 320 134 57 ordo,
1098 320 178 57 ponantur
1231 320 89 57 in
1276 320 104 57 eis
1335 320 89 57 ad
1380 320 223 57 explicandum
1558 320 178 57 proprias
1692 320 178 57 rationes
1811 320 104 57 illo-

405 356 104 59 rum
465 356 119 59 quas
539 356 148 59 habent
643 356 89 59 in
687 356 163 59 ordine,
806 356 134 59 prius
895 356 74 59 &
925 356 208 59 posterius:
1088 356 89 59 vt
1132 356 134 59 sicut
1221 356 119 59 ordo
1296 356 223 59 transfertur
1474 356 74 59 a
1503 356 193 59 creaturis
1652 356 89 59 ad
1696 356 163 59 diuina,
1800 356 104 59 secun

409 410 98 54 dum
465 410 125 54 aliam
548 410 125 54 tamen
632 410 167 54 rationem
757 410 98 54 rei
813 410 237 54 significatae,
1008 410 70 54 &
1036 410 223 54 eminentiorem
1217 410 111 54 quam
1287 410 98 54 sit
1343 410 84 54 in
1384 410 195 54 creaturis:
1538 410 223 54 consimiliter
1705 410 209 54 transferantur

408 450 81 58 ab
448 450 135 58 eisdem
542 450 121 58 prius
623 450 67 58 &
650 450 189 58 posterius:
799 450 81 58 vt
839 450 121 58 sicut
920 450 108 58 quia
988 450 81 58 in
1028 450 175 58 aliquibus
1163 450 94 58 est
1217 450 108 58 ordo
1284 450 162 58 secundum
1406 450 135 58 locum,
1500 450 94 58 est
1554 450 67 58 &
1581 450 121 58 prius
1662 450 67 58 &
1689 450 175 58 posterius
1811 450 94 58 secun

412 501 80 54 dum
457 501 115 54 locum:
538 501 57 54 &
561 501 92 54 quia
618 501 138 54 secundum
721 501 126 54 tempus,
813 501 149 54 similiter
928 501 103 54 prius
996 501 57 54 &
1019 501 149 54 posterius
1134 501 138 54 secundum
1237 501 126 54 tempus:
1329 501 161 54 consiliter
1455 501 103 54 sicut
1524 501 69 54 in
1558 501 161 54 aliquibus,
1685 501 69 54 vt
1719 501 69 54 in
1753 501 126 54 diuinis
1834 501 80 54 perso

402 544 108 60 nis,
470 544 95 60 est
524 544 108 60 ordo
592 544 162 60 secundum
714 544 149 60 naturam
822 544 95 60 seu
876 544 162 60 secundum
998 544 176 60 originem,
1133 544 95 60 sic
1188 544 217 60 consimiliter
1364 544 122 60 prius
1445 544 68 60 &
1472 544 176 60 posterius
1607 544 162 60 secundum
1729 544 176 60 originem:
1851 544 54 60 si

411 592 102 59 cut
470 592 88 59 in
514 592 205 59 attributis
675 592 176 59 secundum
806 592 190 59 rationem,
953 592 234 59 consimiliter
1143 592 132 59 prius
1231 592 73 59 &
1260 592 190 59 posterius
1406 592 176 59 secundum
1538 592 190 59 rationem.
1684 592 132 59 Quare
1772 592 102 59 cum
1816 592 88 59 noti

411 635 113 60 tia
475 635 177 60 nominum
604 635 306 60 transferendorum
862 635 80 60 a
894 635 209 60 creaturis
1055 635 97 60 ad
1103 635 177 60 diuina,
1232 635 177 60 habetur
1361 635 97 60 ex
1409 635 161 60 regula
1522 635 193 60 Anselumi
1667 635 193 60 superius
1795 635 113 60 expo-

415 691 114 48 sita
486 691 157 48 quoniam
601 691 114 48 quae
672 691 129 48 nihil
758 691 114 48 nisi
829 691 200 48 dignitatis
987 691 186 48 important
1130 691 86 48 vt
1173 691 214 48 simpliciter
1344 691 100 48 sit
1401 691 143 48 melius
1501 691 114 48 esse
1573 691 114 48 ipsa
1644 691 114 48 quam
1716 691 100 48 non
1773 691 129 48 ipsa:
1845 691 71 48 po-

413 727 88 61 ni
457 727 147 61 debent
560 727 88 61 in
605 727 118 61 deo,
678 727 103 61 cui
737 727 132 61 nihil
825 727 132 61 deest
914 727 118 61 quod
987 727 103 61 est
1046 727 206 61 dignitatis
1208 727 235 61 simpliciter:
1399 727 118 61 quae
1473 727 118 61 vero
1546 727 162 61 aliquid
1664 727 235 61 indignitatis
1840 727 74 61 im-

426 775 154 60 portant
538 775 126 60 nullo
622 775 112 60 modo
692 775 140 60 debent
790 775 168 60 attribui
916 775 98 60 ei,
972 775 84 60 in
1014 775 98 60 quo
1070 775 126 60 nihil
1154 775 224 60 indignitatis
1335 775 112 60 esse
1405 775 154 60 potest:
1517 775 70 60 â‹
1545 775 98 60 Est
1601 775 140 60 igitur
1699 775 168 60 sciendum
1825 775 112 60 quod

418 832 98 46 cum
474 832 84 46 in
516 832 155 46 ratione
629 832 197 46 contingunt
784 832 113 46 siue
854 832 197 46 concurrunt
1009 832 113 46 ista
1079 832 127 46 tria,
1163 832 169 46 scilicet
1290 832 127 46 ratio
1374 832 197 46 respectus,
1529 832 70 46 &
1557 832 127 46 ratio
1642 832 197 46 principii,
1796 832 70 46 &
1811 832 98 46 ratio

414 867 165 63 prioris
534 867 75 63 &
564 867 225 63 posterioris
745 867 105 63 seu
805 867 120 63 eius
880 867 120 63 quod
955 867 105 63 est
1015 867 120 63 ante
1090 867 75 63 &
1120 867 135 63 post:
1211 867 120 63 ipsa
1286 867 135 63 super
1376 867 165 63 diuersa
1496 867 210 63 fundantur,
1661 867 165 63 propter
1782 867 120 63 quod
1842 867 75 63 dif

420 914 150 55 ferunt
525 914 165 55 ratione
645 914 135 55 inter
735 914 105 55 se.
795 914 135 55 Ratio
885 914 120 55 enim
960 914 195 55 respectus
1110 914 105 55 est
1170 914 90 55 in
1214 914 195 55 aliquibus
1364 914 90 55 ex
1409 914 240 55 comparatione
1604 914 180 55 simplici
1739 914 120 55 quam
1799 914 120 55 habent

406 967 126 58 inter
490 967 84 58 se
532 967 112 58 siue
603 967 84 58 ad
645 967 126 58 aliud
729 967 112 58 siue
799 967 84 58 ad
841 967 126 58 alia,
926 967 70 58 &
954 967 140 58 potest
1052 967 112 58 esse
1122 967 98 58 vbi
1179 967 98 58 non
1235 967 98 58 est
1291 967 126 58 ratio
1375 967 183 58 principii
1516 967 126 58 neque
1600 967 155 58 prioris
1712 967 98 58 aut
1754 967 155 58 posterio-

409 1004 118 65 ris,
483 1004 222 65 quemadmodum
661 1004 104 65 est
720 1004 192 65 respectus
868 1004 133 65 vnius
957 1004 89 65 ad
1001 1004 163 65 alterum
1120 1004 89 65 in
1164 1004 148 65 duobus
1268 1004 192 65 similibus
1416 1004 118 65 quae
1490 1004 89 65 ex
1534 1004 89 65 se
1578 1004 133 65 nihil
1667 1004 237 65 indignitatis
1845 1004 59 65 in

416 1048 171 70 portant,
544 1048 100 70 sed
601 1048 142 70 potius
701 1048 157 70 aliquid
814 1048 214 70 dignitatis:
985 1048 157 70 propter
1099 1048 114 70 quod
1170 1048 214 70 transfertur
1341 1048 85 70 ad
1384 1048 157 70 diuina,
1498 1048 85 70 et
1541 1048 171 70 dicuntur
1669 1048 85 70 in
1712 1048 100 70 deo
1769 1048 114 70 esse
1826 1048 85 70 rela

419 1101 147 58 tiones
522 1101 74 58 &
552 1101 206 58 respectus.
713 1101 132 58 Ratio
802 1101 132 58 autem
890 1101 191 58 principii
1037 1101 103 58 est
1096 1101 88 58 in
1140 1101 191 58 aliquibus
1287 1101 191 58 inquantum
1434 1101 147 58 habent
1537 1101 162 58 aliquod
1654 1101 147 58 primum
1757 1101 88 58 in
1801 1101 103 58 suo
1845 1101 74 58 ge-

420 1143 122 61 nere,
502 1143 108 61 siue
570 1143 136 61 fuerit
664 1143 136 61 primum
759 1143 217 61 causalitate,
935 1143 108 61 quia
1003 1143 81 61 ab
1044 1143 108 61 ipso
1112 1143 108 61 sunt
1179 1143 122 61 alia:
1261 1143 108 61 siue
1328 1143 95 61 sit
1383 1143 136 61 primum
1477 1143 81 61 in
1518 1143 149 61 naturae
1626 1143 176 61 dignitate
1762 1143 95 61 aut
1803 1143 108 61 simpli

419 1191 142 57 citate,
523 1191 104 57 siue
587 1191 78 57 in
626 1191 104 57 situ
691 1191 142 57 locali,
795 1191 104 57 siue
859 1191 78 57 in
898 1191 129 57 tporis
989 1191 194 57 successione
1144 1191 91 57 vel
1196 1191 78 57 in
1235 1191 129 57 aliquo
1325 1191 142 57 aliorum
1429 1191 142 57 modorum
1533 1191 155 57 tactorum
1649 1191 78 57 in
1688 1191 181 57 quaestione
1817 1191 91 57 signa

426 1239 93 56 ta:
479 1239 107 56 siue
546 1239 67 56 a
572 1239 213 56 Philosophous
745 1239 213 56 expressorum.
919 1239 80 56 v.
959 1239 120 56 meta.
1039 1239 80 56 in
1079 1239 133 56 capite
1172 1239 80 56 de
1212 1239 107 56 ante
1278 1239 67 56 &
1305 1239 120 56 post.
1385 1239 120 56 Ratio
1465 1239 120 56 autem
1545 1239 173 56 principii
1678 1239 67 56 &
1705 1239 200 56 principiati
1851 1239 67 56 si-

412 1285 142 65 militer
515 1285 116 65 nihil
593 1285 206 65 indignitatis
761 1285 181 65 important,
902 1285 90 65 sed
954 1285 129 65 potius
1044 1285 194 65 dignitatis:
1199 1285 103 65 ideo
1264 1285 77 65 in
1303 1285 90 65 deo
1354 1285 168 65 ponuntur,
1483 1285 77 65 vt
1522 1285 116 65 infra
1599 1285 155 65 patebit.
1716 1285 103 65 Vnde
1780 1285 90 65 (vt
1819 1285 103 65 dictum

424 1331 110 60 est)
493 1331 110 60 ordo
562 1331 165 60 fundatur
686 1331 83 60 in
727 1331 165 60 respectu
851 1331 110 60 quem
920 1331 138 60 habent
1016 1331 151 60 aliquid
1126 1331 96 60 aut
1181 1331 138 60 aliqua
1278 1331 83 60 ad
1319 1331 151 60 aliquid
1429 1331 83 60 vt
1470 1331 83 60 ad
1512 1331 206 60 principium,
1677 1331 110 60 siue
1746 1331 83 60 vt
1787 1331 69 60 a
1815 1331 96 60 quo
1856 1331 55 60 ha

423 1376 111 56 bent
493 1376 125 56 esse,
576 1376 111 56 siue
646 1376 181 56 quocumque
785 1376 111 56 alio
855 1376 125 56 modo:
939 1376 98 56 aut
994 1376 84 56 in
1036 1376 167 56 respectu
1162 1376 111 56 quem
1231 1376 139 56 habent
1329 1376 139 56 aliqua
1426 1376 125 56 inter
1510 1376 84 56 se
1552 1376 84 56 in
1594 1376 223 56 comperatione
1775 1376 84 56 ad
1816 1376 125 56 illud

412 1422 221 68 principium.
589 1422 118 68 ldeo
663 1422 118 68 ordo
737 1422 221 68 simpliciter
914 1422 148 68 recipi
1017 1422 133 68 debet
1106 1422 89 68 in
1150 1422 162 68 diuinis
1268 1422 133 68 sicut
1356 1422 74 68 &
1386 1422 133 68 ratio
1474 1422 133 68 talis
1563 1422 192 68 respectus
1710 1422 74 68 &
1725 1422 192 68 comparatio-

421 1466 115 66 nis.
492 1466 129 66 Ratio
578 1466 129 66 autem
665 1466 115 66 eius
736 1466 115 66 quod
808 1466 100 66 est
865 1466 129 66 ante,
952 1466 172 66 fundatur
1081 1466 86 66 in
1124 1466 201 66 habitudine
1282 1466 115 66 quam
1353 1466 129 66 habet
1439 1466 100 66 res
1497 1466 100 66 cui
1554 1466 172 66 conuenit
1683 1466 129 66 ratio
1755 1466 158 66 principii

419 1521 89 57 vt
464 1521 104 57 est
523 1521 104 57 res
583 1521 75 57 &
613 1521 179 57 essentia
747 1521 164 57 aliqua,
866 1521 104 57 non
926 1521 89 57 vt
970 1521 149 57 habens
1075 1521 179 57 rationem
1209 1521 209 57 principii,
1373 1521 89 57 ad
1417 1521 104 57 rem
1477 1521 119 57 quae
1552 1521 179 57 respicit
1686 1521 104 57 eam
1745 1521 104 57 sub
1790 1521 134 57 ratione

413 1570 196 55 principii
564 1570 91 55 vt
609 1570 196 55 similiter
760 1570 121 55 illa
836 1570 106 55 res
896 1570 166 55 quaedam
1017 1570 121 55 est.
1092 1570 91 55 Et
1138 1570 196 55 econuerso
1289 1570 136 55 ratio
1379 1570 121 55 eius
1455 1570 121 55 quod
1530 1570 106 55 est
1591 1570 136 55 post,
1681 1570 181 55 fundatur
1817 1570 91 55 in
1848 1570 60 55 ha

417 1614 175 52 bitudine
549 1614 117 52 quam
622 1614 131 52 habet
709 1614 102 52 res
768 1614 204 52 respiciens
928 1614 131 52 aliam
1016 1614 88 52 in
1060 1614 161 52 ratione
1177 1614 204 52 principii,
1337 1614 190 52 inquantum
1483 1614 131 52 ambae
1571 1614 102 52 res
1629 1614 131 52 sunt:
1717 1614 102 52 aut
1775 1614 88 52 in
1804 1614 117 52 habitu

419 1653 112 62 dine
489 1653 112 62 quam
560 1653 141 62 habent
658 1653 84 62 vt
700 1653 98 62 res
756 1653 127 62 sunt,
841 1653 112 62 illa
911 1653 127 62 inter
995 1653 98 62 se,
1051 1653 112 62 quae
1122 1653 183 62 respectum
1262 1653 141 62 habent
1361 1653 84 62 ad
1403 1653 155 62 aliquid
1515 1653 98 62 sub
1572 1653 155 62 ratione
1684 1653 197 62 principii.
1825 1653 98 62 Verbi

425 1705 142 63 gratia
524 1705 85 63 in
567 1705 185 63 creaturis
709 1705 156 63 quamuis
823 1705 142 63 aliqua
922 1705 114 63 sint
993 1705 128 63 simul
1079 1705 71 63 &
1107 1705 199 63 coaequaeua
1263 1705 185 63 duratione
1405 1705 171 63 secundum
1533 1705 114 63 quod
1604 1705 114 63 sunt
1675 1705 156 63 aliquid
1789 1705 85 63 in
1818 1705 99 63 rerum

418 1746 177 64 natura:
547 1746 81 64 &
579 1746 194 64 secundum
724 1746 129 64 quod
805 1746 210 64 respectum
966 1746 161 64 habent
1079 1746 210 64 adinuicem
1241 1746 194 64 secundum
1386 1746 194 64 rationem
1531 1746 210 64 principii
1692 1746 81 64 &
1708 1746 210 64 principiati

423 1800 226 56 nihilominus
603 1800 135 56 tamen
694 1800 105 56 vna
754 1800 165 56 illarum
874 1800 180 56 secundum
1010 1800 90 56 id
1055 1800 120 56 quod
1130 1800 105 56 est
1190 1800 90 56 in
1235 1800 180 56 essentia
1371 1800 120 56 sua,
1446 1800 180 56 dependet
1581 1800 90 56 ab
1626 1800 120 56 alia
1701 1800 75 56 &
1731 1800 105 56 non
1777 1800 150 56 econuer-

419 1848 93 57 so.
472 1848 120 57 Verbi
552 1848 147 57 gratia,
659 1848 120 57 licet
739 1848 93 57 lux
792 1848 67 57 &
819 1848 133 57 radius
912 1848 107 57 sunt
979 1848 187 57 coaequaeua
1125 1848 67 57 &
1152 1848 120 57 simul
1232 1848 160 57 secundum
1352 1848 160 57 rationem
1472 1848 173 57 principii
1605 1848 67 57 &
1632 1848 213 57 principiati,
1805 1848 80 57 in
1832 1848 93 57 essen

422 1894 105 51 tia
482 1894 105 51 sua
542 1894 150 51 radius
647 1894 180 51 dependet
782 1894 75 51 a
812 1894 135 51 luce,
902 1894 75 51 &
932 1894 105 51 non
992 1894 210 51 econuerso.
1157 1894 195 51 Similiter
1307 1894 105 51 est
1367 1894 90 51 de
1412 1894 120 51 sono
1487 1894 75 51 &
1517 1894 150 51 cantu:
1622 1894 165 51 propter
1742 1894 120 51 quod
1817 1894 90 51 in
1847 1894 75 51 ta-

419 1936 133 56 libus
508 1936 192 56 inuenitur
655 1936 118 56 ante
729 1936 74 56 &
758 1936 133 56 post:
847 1936 118 56 quia
921 1936 147 56 semper
1024 1936 133 56 illud
1112 1936 118 56 quod
1186 1936 88 56 in
1230 1936 177 56 essentia
1363 1936 103 56 sua
1422 1936 103 56 non
1481 1936 177 56 dependet
1613 1936 88 56 ab
1658 1936 118 56 alio
1731 1936 162 56 dicitur
1835 1936 88 56 ante

421 1981 64 59 &
447 1981 116 59 illud
524 1981 103 59 quod
588 1981 154 59 dependet
704 1981 77 59 ab
742 1981 116 59 illo,
819 1981 141 59 dicitur
922 1981 116 59 post.
999 1981 77 59 Et
1037 1981 141 59 propter
1140 1981 90 59 hoc
1191 1981 77 59 in
1230 1981 167 59 creaturis
1358 1981 103 59 etsi
1422 1981 103 59 esse
1487 1981 154 59 haberent
1602 1981 180 59 coaeternum
1743 1981 103 59 deo,
1807 1981 116 59 sicut
1872 1981 51 59 po

423 2025 164 57 suerunt
542 2025 224 57 philosophi,
721 2025 164 57 creator
841 2025 134 57 tamen
930 2025 134 57 esset
1020 2025 119 57 ante
1094 2025 75 57 &
1124 2025 179 57 creatura
1259 2025 119 57 post
1333 2025 149 57 natura
1438 2025 75 57 &
1467 2025 224 57 intellectu.
1646 2025 90 57 Et
1691 2025 134 57 etiam
1766 2025 149 57 secundum

432 2074 109 64 quod
501 2074 123 64 dicit
583 2074 150 64 Auicen,
692 2074 96 64 non
746 2074 109 64 esse
815 2074 82 64 in
856 2074 109 64 ipsa
924 2074 164 64 essentia
1047 2074 191 64 creaturae,
1197 2074 96 64 est
1252 2074 109 64 ante
1320 2074 109 64 eius
1388 2074 109 64 esse
1457 2074 191 64 prioritate
1607 2074 178 64 essentia.
1743 2074 96 64 hoc
1798 2074 96 64 est
1853 2074 96 64 in-

424 2115 164 72 quantum
543 2115 179 72 essentia
678 2115 89 72 ex
722 2115 89 72 se
767 2115 119 72 nata
842 2115 134 72 esset
931 2115 104 72 non
991 2115 134 72 esse,
1080 2115 89 72 si
1125 2115 134 72 ipsum
1214 2115 104 72 non
1274 2115 194 72 reciperet
1423 2115 89 72 ab
1468 2115 134 72 alio:
1557 2115 134 72 licet
1647 2115 149 72 semper
1751 2115 134 72 ipsum
1840 2115 75 72 &
1855 2115 60 72 de

424 2166 243 63 necessitate
618 2166 178 63 haberet
748 2166 97 63 ab
796 2166 146 63 alio.
894 2166 97 63 Et
942 2166 194 63 secundum
1088 2166 130 63 hunc
1169 2166 146 63 modum
1266 2166 130 63 ante
1347 2166 81 63 &
1379 2166 130 63 post
1460 2166 211 63 fundantur
1622 2166 97 63 in
1671 2166 227 63 habitudine
1833 2166 81 63 re-

424 2208 108 61 rum
485 2208 123 61 quam
562 2208 154 61 habent
669 2208 200 61 adinuicem
823 2208 184 61 secundum
961 2208 92 61 id
1007 2208 123 61 quid
1084 2208 123 61 sunt
1161 2208 154 61 absque
1269 2208 169 61 ratione
1392 2208 261 61 causalitatis.
1607 2208 108 61 Sed
1668 2208 123 61 tunc
1745 2208 154 61 maxime
1837 2208 77 61 di-

431 2258 126 61 citur
515 2258 126 61 ante,
599 2258 112 61 quod
669 2258 98 61 sic
726 2258 98 61 non
782 2258 168 61 dependet
908 2258 84 61 ab
950 2258 126 61 alio,
1034 2258 84 61 vt
1076 2258 126 61 etiam
1160 2258 154 61 tempore
1273 2258 168 61 secundum
1399 2258 84 61 id
1441 2258 112 61 quod
1511 2258 112 61 est,
1581 2258 140 61 potest
1680 2258 154 61 alterum
1778 2258 140 61 praecede

426 2307 96 57 re:
481 2307 124 57 sicut
564 2307 82 57 in
605 2307 179 57 hominibus
742 2307 124 57 pater
825 2307 179 57 praecedit
962 2307 151 57 filium:
1072 2307 69 57 &
1100 2307 96 57 hoc
1155 2307 110 57 modo
1223 2307 192 57 principium
1374 2307 137 57 lineae
1471 2307 151 57 dicitur
1580 2307 110 57 esse
1649 2307 124 57 ante:
1732 2307 110 57 quia
1800 2307 124 57 esset
1869 2307 55 57 et

425 2349 76 59 si
463 2349 89 59 non
514 2349 115 59 esset
591 2349 115 59 illud
667 2349 102 59 quod
731 2349 89 59 est
782 2349 115 59 post:
858 2349 64 59 &
884 2349 166 59 similiter
1011 2349 178 59 incorporea
1151 2349 153 59 respectu
1266 2349 204 59 corporeorum:
1431 2349 64 59 &
1457 2349 127 59 caelum
1546 2349 153 59 respectu
1660 2349 216 59 elementarium:
1839 2349 64 59 &
1851 2349 64 59 vni

420 2395 203 55 uersaliter
579 2395 87 55 in
622 2395 231 55 quibuscumque
810 2395 188 55 inuenitur
955 2395 116 55 ante
1027 2395 72 55 &
1056 2395 130 55 post,
1143 2395 87 55 ex
1186 2395 188 55 huiusmodi
1331 2395 203 55 habitudine
1490 2395 159 55 habetur
1606 2395 87 55 in
1649 2395 101 55 eis
1707 2395 101 55 non
1765 2395 87 55 ex
1794 2395 130 55 ratione

420 2451 192 60 simplicis
568 2451 206 60 respectus:
730 2451 133 60 neque
818 2451 103 60 cum
877 2451 103 60 hoc
936 2451 88 60 ex
980 2451 162 60 ratione
1098 2451 250 60 comparationis
1304 2451 88 60 ad
1348 2451 162 60 aliquid
1466 2451 88 60 vt
1510 2451 88 60 ad
1555 2451 221 60 principium:
1731 2451 74 60 &
1761 2451 103 60 ita
1820 2451 133 60 neque

432 2498 90 53 ex
477 2498 165 53 ratione
597 2498 165 53 ordinis
718 2498 105 53 qui
778 2498 90 53 in
823 2498 105 53 hoc
883 2498 196 53 fundatur,
1034 2498 90 53 vt
1079 2498 150 53 dictum
1184 2498 120 53 est:
1259 2498 90 53 vt
1304 2498 180 53 secundum
1440 2498 105 53 hoc
1500 2498 90 53 de
1545 2498 165 53 ratione
1665 2498 165 53 ordinis
1786 2498 105 53 non
1831 2498 90 53 sunt

435 2543 108 55 ante
503 2543 68 55 &
530 2543 122 55 post:
611 2543 108 55 immo
679 2543 135 55 potest
774 2543 108 55 esse
841 2543 162 55 perfecta
963 2543 122 55 ratio
1044 2543 162 55 ordinis,
1166 2543 108 55 etsi
1233 2543 95 55 non
1287 2543 108 55 sint
1355 2543 122 55 illa.
1436 2543 95 55 Nec
1490 2543 122 55 debet
1571 2543 108 55 esse
1639 2543 135 55 alicui
1734 2543 176 55 difficile
1869 2543 81 55 in

425 2584 191 62 spicienti
572 2584 103 62 iam
631 2584 147 62 dicta,
734 2584 221 62 intelligere
910 2584 162 62 ordinem
1028 2584 147 62 absque
1131 2584 147 62 priori
1234 2584 74 62 &
1263 2584 221 62 posteriori:
1440 2584 118 62 quia
1513 2584 132 62 prius
1602 2584 74 62 &
1631 2584 191 62 posterius
1778 2584 103 62 non
1822 2584 103 62 coin-

432 2632 136 57 cidunt
527 2632 81 57 in
568 2632 136 57 ordine
663 2632 109 57 nisi
731 2632 149 57 ratione
840 2632 122 57 rerum
921 2632 136 57 ordini
1016 2632 217 57 subiectarum:
1193 2632 68 57 &
1220 2632 95 57 ita
1274 2632 149 57 ratione
1383 2632 163 57 materiae
1505 2632 109 57 suae
1573 2632 149 57 tantum:
1682 2632 95 57 non
1736 2632 122 57 autem
1804 2632 122 57 ratione

429 2681 113 63 suae
500 2681 156 63 formae.
613 2681 99 63 Qui
670 2681 113 63 ergo
741 2681 113 63 vult
812 2681 142 63 videre
911 2681 85 63 an
954 2681 85 63 in
996 2681 156 63 diuinis
1110 2681 99 63 cum
1166 2681 156 63 ratione
1280 2681 156 63 ordinis
1393 2681 142 63 recipi
1493 2681 156 63 debeant
1606 2681 113 63 ante
1677 2681 71 63 &
1705 2681 128 63 post,
1776 2681 142 63 aspicere

421 2720 114 64 debet
498 2720 76 64 ad
536 2720 152 64 subiecta
650 2720 127 64 ordini
739 2720 152 64 secundum
853 2720 89 64 se,
904 2720 76 64 vt
942 2720 102 64 sunt
1006 2720 89 64 res
1056 2720 64 64 &
1082 2720 127 64 natura
1171 2720 127 64 aliqua
1260 2720 76 64 in
1298 2720 89 64 se.
1348 2720 102 64 Nunc
1412 2720 114 64 autem
1488 2720 127 64 clarum
1577 2720 89 64 est
1628 2720 102 64 quod
1691 2720 89 64 res
1742 2720 152 64 subiecta
1844 2720 76 64 ordi

433 2777 82 68 ni
474 2777 82 68 in
516 2777 151 68 diuinis
625 2777 137 68 (etiam
721 2777 192 68 largissime
872 2777 151 68 sumendo
982 2777 96 68 rem
1037 2777 82 68 ad
1078 2777 124 68 illud
1161 2777 110 68 quod
1229 2777 124 68 etiam
1312 2777 96 68 est
1366 2777 151 68 aliquid
1476 2777 165 68 secundum
1600 2777 165 68 rationem
1723 2777 151 68 tantum)
1833 2777 96 68 non
1874 2777 55 68 po
