2017 3286
410 264 98 76 tiam
471 264 134 76 aliquam
569 264 122 76 habent
654 264 73 76 in
691 264 134 76 ordine.
789 264 122 76 Aliter
874 264 98 76 enim
935 264 122 76 filius
1021 264 110 76 nullo
1094 264 98 76 modo
1155 264 110 76 esset
1229 264 110 76 media
1302 264 134 76 persona
1400 264 147 76 secundum
1510 264 86 76 rem
1559 264 110 76 inter
1632 264 122 76 patrem
1718 264 61 76 &
1742 264 134 76 sprntum
1828 264 73 76 san-

413 333 113 48 ctum:
489 333 113 48 neque
564 333 126 48 viuere
652 333 113 48 esset
728 333 113 48 media
803 333 113 48 ratio
879 333 151 48 secundum
992 333 151 48 rationem
1105 333 113 48 inter
1180 333 101 48 esse
1243 333 63 48 &
1268 333 201 48 intelligere.
1432 333 75 48 Et
1470 333 151 48 secundum
1583 333 101 48 quod
1646 333 126 48 habent
1721 333 176 48 differentiam

406 380 88 50 in
450 380 147 50 ordine
553 380 73 50 &
582 380 176 50 proprias
714 380 191 50 rationes,
861 380 103 50 sic
920 380 161 50 necesse
1037 380 147 50 habent
1140 380 73 50 a
1169 380 132 50 nobis
1257 380 176 50 propriis
1389 380 191 50 vocabulis
1536 380 176 50 exprimi.
1668 380 103 50 Non
1727 380 132 50 autem
1800 380 103 50 illis

418 423 124 59 quae
495 423 124 59 sunt
572 423 139 59 prius
665 423 77 59 &
696 423 216 59 posterius:
866 423 170 59 quoniam
989 423 124 59 etsi
1067 423 139 59 prius
1159 423 77 59 &
1190 423 201 59 posterius
1345 423 108 59 non
1407 423 232 59 significant
1592 423 124 59 nisi
1654 423 247 59 circunstantiam

413 467 185 55 rationum
552 467 154 55 quibus
660 467 201 55 differunt
814 467 185 55 ordinata
953 467 93 55 vt
1000 467 139 55 inter
1092 467 93 55 se
1139 467 170 55 ordinem
1262 467 170 55 habent,
1386 467 124 55 illa
1463 467 263 55 circunstantia
1679 467 108 55 non
1741 467 170 55 sumitur
1849 467 62 55 ex

412 520 144 55 parte
508 520 288 55 differentiarum
748 520 192 55 secundum
893 520 192 55 ordinem:
1037 520 112 55 sed
1101 520 192 55 secundum
1245 520 192 55 materias
1389 520 208 55 subiectas
1550 520 176 55 ordini:
1678 520 128 55 quae
1758 520 144 55 nullo
1838 520 64 55 mo

416 558 82 55 do
457 558 137 55 potest
554 558 110 55 esse
622 558 82 55 in
663 558 110 55 deo,
732 558 82 55 vt
773 558 137 55 dictum
869 558 110 55 est.
938 558 110 55 Vnde
1007 558 110 55 etsi
1075 558 247 55 circunstantiae
1281 558 192 55 importatae
1432 558 179 55 vocabulis
1570 558 137 55 istis,
1666 558 151 55 primum,
1762 558 151 55 secundum,

416 603 167 55 tertium,
541 603 97 55 non
597 603 139 55 essent
694 603 125 55 aliae
778 603 111 55 quam
847 603 195 55 importatae
1001 603 125 55 illis
1084 603 181 55 vocabulis
1223 603 111 55 ante
1293 603 70 55 &
1321 603 125 55 post,
1404 603 111 55 siue
1474 603 125 55 prius
1557 603 70 55 &
1585 603 195 55 posterius:
1738 603 125 55 nullo
1822 603 111 55 modo

414 652 124 50 istae
497 652 221 50 reciperentur
677 652 83 50 in
718 652 166 50 diuinis,
843 652 124 50 sicut
926 652 124 50 neque
1009 652 138 50 illae:
1105 652 111 50 nisi
1174 652 152 50 extenso
1285 652 152 50 nomine:
1396 652 207 50 quemadmodum
1561 652 166 50 extendit
1686 652 124 50 ipsum
1755 652 152 50 Dionysius

419 695 87 57 in
463 695 131 57 supra
551 695 131 57 dicta
638 695 233 57 auctoritate.
827 695 87 57 Si
871 695 117 57 ergo
944 695 160 57 debeant
1060 695 146 57 recipi
1162 695 87 57 in
1206 695 175 57 diuinis,
1337 695 160 57 oportet
1454 695 117 57 quod
1526 695 248 57 circunstantia
1730 695 117 57 quam
1788 695 117 57 impor-

419 742 118 59 tant
493 742 162 59 sumatur
611 742 88 59 ex
655 742 133 59 parte
744 742 265 59 differentiarum
965 742 177 59 secundum
1097 742 162 59 ordinem
1215 742 147 59 ipsum:
1318 742 133 59 nullo
1407 742 133 59 autem
1495 742 118 59 modo
1569 742 177 59 secundum
1702 742 177 59 subiecta
1820 742 88 59 ordi

424 786 104 57 ni.
483 786 118 57 Quin
557 786 178 57 rationes
691 786 178 57 propriae
824 786 222 57 ordinatorum
1002 786 118 57 sint
1076 786 178 57 diuersae
1209 786 178 57 secundum
1342 786 178 57 rationes
1476 786 148 57 ipsius
1579 786 178 57 ordinis,
1713 786 148 57 nullus
1802 786 118 57 potest

416 834 144 62 negare.
520 834 131 62 Aliter
612 834 104 62 enim
677 834 131 62 filius
768 834 91 62 non
821 834 170 62 diceretur
951 834 131 62 aliquo
1042 834 104 62 modo
1108 834 104 62 esse
1173 834 78 62 in
1212 834 131 62 ordine
1304 834 183 62 personarum
1447 834 196 62 immediatior
1604 834 104 62 prin
1669 834 104 62 quam
1734 834 157 62 spiritus
1839 834 65 62 san

418 884 102 55 ctus:
486 884 102 55 neque
554 884 68 55 in
588 884 114 55 ordine
668 884 136 55 rationum
770 884 114 55 viuere
849 884 170 55 immediatius
986 884 136 55 secundum
1088 884 136 55 rationem
1190 884 68 55 se
1224 884 125 55 haberet
1315 884 68 55 ad
1349 884 102 55 esse,
1417 884 91 55 quam
1474 884 182 55 intelligere.
1622 884 68 55 Et
1656 884 102 55 patet
1724 884 91 55 quod
1781 884 102 55 istae
1837 884 80 55 ratio

416 936 101 49 nes
473 936 216 49 differentes
646 936 101 49 cum
704 936 173 49 sumuntur
834 936 173 49 respectu
964 936 173 49 alicuius
1094 936 202 49 principii,
1252 936 101 49 non
1310 936 173 49 sumuntur
1440 936 115 49 nisi
1512 936 173 49 secundum
1642 936 173 49 rationem
1772 936 159 49 mediati
1873 936 43 49 &

423 970 208 54 immediati,
586 970 119 54 quae
660 970 193 54 fundantur
809 970 89 54 in
853 970 148 54 quadam
957 970 237 54 consequentia
1150 970 163 54 aliorum
1268 970 89 54 ex
1313 970 208 54 principio.
1476 970 133 54 Quare
1565 970 104 54 cum
1624 970 178 54 rationes
1758 970 148 54 quibus
1847 970 74 54 ali

428 1023 104 62 qua
487 1023 222 62 exprimuntur
665 1023 119 62 fore
740 1023 237 62 consequenter
932 1023 148 62 entia,
1036 1023 237 62 propriissime
1229 1023 222 62 exprimuntur
1407 1023 193 62 nominibus
1555 1023 133 62 istis
1644 1023 119 62 quae
1718 1023 119 62 sunt
1778 1023 133 62 primum,

417 1065 186 51 secundum,
560 1065 172 51 tertium,
689 1065 72 51 &
717 1065 200 51 huiusmodi:
875 1065 100 51 vel
932 1065 86 51 si
975 1065 114 51 alia
1046 1065 129 51 sint,
1132 1065 157 51 dentur:
1247 1065 100 51 aut
1304 1065 86 51 si
1347 1065 186 51 indigemus
1490 1065 72 51 &
1519 1065 114 51 dari
1590 1065 100 51 non
1647 1065 172 51 possint:
1776 1065 72 51 &
1791 1065 114 51 ratio-

422 1122 93 50 nes
475 1122 186 50 dignitatis
621 1122 106 50 sunt
687 1122 93 50 sic
740 1122 80 50 se
780 1122 133 50 habere
873 1122 80 50 vt
912 1122 80 50 ex
952 1122 106 50 isto
1018 1122 159 50 procedat
1138 1122 119 50 iste:
1217 1122 93 50 vel
1270 1122 80 50 ex
1310 1122 106 50 isto
1376 1122 186 50 procedatur
1522 1122 80 50 in
1562 1122 133 50 illum:
1655 1122 66 50 &
1681 1122 106 50 ideo
1748 1122 146 50 nominia
1840 1122 80 50 ipsa

420 1161 225 50 exprimentia
600 1161 150 50 debent
705 1161 75 50 &
735 1161 165 50 possunt
855 1161 120 50 poni
930 1161 90 50 in
975 1161 165 50 diuinis
1095 1161 210 50 ordinibus,
1259 1161 105 50 aut
1319 1161 120 50 ergo
1394 1161 120 50 ista
1469 1161 150 50 nomina
1574 1161 165 50 primum,
1694 1161 195 50 secundum,
1829 1161 90 50 ter-

419 1204 118 61 tium
493 1204 148 61 ponere
597 1204 163 61 debemus
715 1204 89 61 in
760 1204 163 61 diuinis
878 1204 193 61 ordinibus
1026 1204 163 61 tanquam
1145 1204 163 61 omnino,
1263 1204 178 61 propria:
1397 1204 104 61 aut
1456 1204 104 61 vti
1515 1204 163 61 debemus
1634 1204 104 61 eis
1693 1204 118 61 quia
1767 1204 133 61 magis
1841 1204 74 61 pro

419 1257 111 54 pria
488 1257 97 54 non
544 1257 166 54 habemus,
669 1257 111 54 etsi
738 1257 152 54 aliquam
849 1257 249 54 improprietatem
1057 1257 194 54 importent.
1209 1257 97 54 Vbi
1265 1257 83 54 si
1306 1257 166 54 timendum
1431 1257 97 54 est
1486 1257 83 54 de
1528 1257 180 54 occasione
1667 1257 152 54 errandi
1764 1257 152 54 propterim

420 1294 259 59 proprietatem,
633 1294 167 59 ponatur
755 1294 259 59 temperamentum
968 1294 122 59 quod
1044 1294 107 59 sit
1105 1294 152 59 signum
1211 1294 228 59 reductionis
1394 1294 228 59 intellectus
1577 1294 91 59 ad
1623 1294 259 59 temperamentum
1820 1294 107 59 recti

424 1342 219 61 intellectus
600 1342 102 61 per
658 1342 146 61 quasi,
760 1342 102 61 vel
819 1342 146 61 sicut,
921 1342 102 61 vel
979 1342 234 61 quemadmodum,
1169 1342 102 61 aut
1228 1342 161 61 aliquid
1344 1342 204 61 huiusmodi:
1505 1342 73 61 &
1534 1342 102 61 sic
1593 1342 88 61 in
1637 1342 146 61 ordine
1739 1342 161 61 naturae
1841 1342 73 61 di-

428 1389 136 59 camus
519 1389 152 59 patrem
625 1389 121 59 esse
701 1389 152 59 primam
807 1389 197 59 personam:
958 1389 152 59 filium
1064 1389 121 59 vero
1140 1389 197 59 secundam:
1292 1389 182 59 spiritum
1428 1389 136 59 autem
1519 1389 167 59 sanctum
1640 1389 182 59 tertiam:
1777 1389 106 59 vel
1822 1389 91 59 sal-

420 1433 105 60 tem
480 1433 151 60 quasi.
586 1433 105 60 Sed
646 1433 105 60 (vt
706 1433 136 60 puto)
797 1433 105 60 non
857 1433 105 60 est
917 1433 121 60 opus
993 1433 181 60 apponere
1128 1433 151 60 quasi:
1234 1433 105 60 sed
1294 1433 136 60 minus
1384 1433 90 60 in
1430 1433 151 60 ordine
1535 1433 211 60 personarum
1701 1433 121 60 quam
1776 1433 181 60 rationum

434 1481 109 58 quia
503 1481 191 58 personarum
653 1481 96 58 est
707 1481 123 58 maior
789 1481 205 58 distinctio,
953 1481 109 58 quam
1021 1481 96 58 sit
1076 1481 164 58 rationum
1198 1481 191 58 discretio:
1349 1481 68 58 &
1376 1481 177 58 consistit
1512 1481 109 58 illa
1581 1481 191 58 distinctio
1731 1481 82 58 in
1772 1481 82 58 re
1799 1481 109 58 absque

419 1536 248 47 comparatione
621 1536 93 47 ad
668 1536 233 47 intellectum
854 1536 310 47 comprehendentem,
1118 1536 109 47 non
1180 1536 140 47 autem
1273 1536 186 47 rationum
1413 1536 217 47 discretio,
1584 1536 93 47 vt
1630 1536 140 47 patet
1723 1536 93 47 ex
1770 1536 171 47 dictis:
1878 1536 47 47 &

412 1574 151 59 etiam
513 1574 201 59 secundum
664 1574 151 59 aliam
765 1574 252 59 habitudinem
966 1574 101 59 ex
1017 1574 151 59 parte
1117 1574 118 59 rei
1184 1574 201 59 secundum
1335 1574 101 59 se
1386 1574 235 59 personarum
1570 1574 252 59 ordinatarum
1772 1574 151 59 inter
1856 1574 67 59 se

420 1615 115 61 quam
491 1615 86 61 in
534 1615 129 61 istis
620 1615 172 61 rationum
749 1615 129 61 inter
835 1615 86 61 se
878 1615 215 61 ordinatarum
1050 1615 172 61 secundum
1180 1615 272 61 considerationem
1409 1615 229 61 intellectus.
1595 1615 215 61 Differentia
1767 1615 115 61 enim
1825 1615 100 61 secun

430 1664 93 62 dum
483 1664 146 62 ordinem
589 1664 80 62 in
629 1664 159 62 personis
748 1664 186 62 ordinatis,
894 1664 146 62 sumitur
1000 1664 119 62 penes
1079 1664 172 62 huiusmodi
1212 1664 252 62 circunstantias:
1424 1664 106 62 quae
1490 1664 106 62 sunt
1556 1664 66 62 a
1583 1664 93 62 quo
1636 1664 133 62 alius:
1728 1664 66 62 &
1755 1664 93 62 non
1808 1664 80 62 ab
1834 1664 80 62 alio

419 1717 122 50 quod
495 1717 183 50 conuenit
632 1717 122 50 soli
708 1717 152 50 patri,
815 1717 167 50 propter
936 1717 122 50 quod
1013 1717 167 50 dicitur
1134 1717 167 50 primus:
1256 1717 76 50 &
1287 1717 107 50 qui
1347 1717 91 50 ab
1393 1717 137 50 alio,
1484 1717 76 50 &
1515 1717 76 50 a
1545 1717 107 50 quo
1606 1717 152 50 alius:
1713 1717 122 50 quod
1774 1717 152 50 conuenit

420 1756 118 51 soli
494 1756 147 51 filio,
597 1756 162 51 propter
715 1756 118 51 quod
789 1756 162 51 dicitur
906 1756 192 51 secundus:
1054 1756 74 51 &
1083 1756 103 51 qui
1142 1756 88 51 ab
1186 1756 133 51 aliis
1275 1756 74 51 &
1304 1756 74 51 a
1334 1756 103 51 quo
1393 1756 162 51 nullus:
1510 1756 118 51 quod
1584 1756 177 51 conuenit
1717 1756 177 51 spiritui
1835 1756 88 51 san-

418 1807 126 52 cto,
497 1807 173 52 propter
622 1807 126 52 quod
701 1807 173 52 dicitur
827 1807 188 52 tertius.
968 1807 236 52 Differentia
1156 1807 126 52 vero
1235 1807 188 52 secundum
1376 1807 173 52 ordinem
1502 1807 94 52 in
1549 1807 204 52 ordinatis
1690 1807 236 52 differentibus

425 1848 145 54 ratione
530 1848 145 54 tantum,
636 1848 145 54 sumitur
741 1848 119 54 penes
820 1848 171 54 huiusmodi
952 1848 250 54 circunstantias:
1162 1848 105 54 quae
1228 1848 105 54 sunt
1294 1848 66 54 a
1320 1848 92 54 quo
1373 1848 79 54 in
1412 1848 132 54 aliud,
1505 1848 66 54 &
1531 1848 79 54 in
1570 1848 105 54 quod
1636 1848 79 54 ab
1676 1848 119 54 alio.
1755 1848 119 54 Verbi
1821 1848 105 54 gratia

420 1898 87 54 in
463 1898 188 54 creaturis
607 1898 159 54 punctus
723 1898 159 54 dicitur
839 1898 202 54 principium
997 1898 159 54 lineae:
1113 1898 72 54 &
1142 1898 87 54 ex
1185 1898 173 54 respectu
1315 1898 87 54 ad
1359 1898 130 54 ipsum
1445 1898 159 54 sumitur
1561 1898 116 54 ordo
1633 1898 260 54 partiumlineae:
1835 1898 87 54 quia

427 1942 79 54 a
459 1942 157 54 puncto
569 1942 189 54 procedit
710 1942 157 54 fluxus
820 1942 94 54 in
867 1942 157 54 primam
977 1942 157 54 partem
1087 1942 157 54 lineae
1197 1942 220 54 signandam:
1370 1942 79 54 &
1401 1942 94 54 ab
1449 1942 126 54 illa
1527 1942 94 54 in
1574 1942 204 54 secundam:
1731 1942 79 54 &
1763 1942 79 54 a
1779 1942 141 54 secunda

428 1989 84 58 in
470 1989 168 58 tertiam:
596 1989 70 58 &
624 1989 98 58 sic
680 1989 182 58 deinceps.
820 1989 84 58 Et
862 1989 182 58 similiter
1002 1989 84 58 in
1044 1989 182 58 ordinatis
1185 1989 140 58 ordine
1283 1989 168 58 rationis
1409 1989 84 58 in
1451 1989 154 58 diuinis
1563 1989 196 58 principium
1717 1989 168 58 respectu
1829 1989 98 58 alio-

420 2030 120 67 rum.
495 2030 75 67 &
525 2030 165 67 dicitur
645 2030 150 67 primum
751 2030 90 67 id
796 2030 120 67 quid
871 2030 135 67 natum
961 2030 105 67 est
1021 2030 90 67 de
1066 2030 105 67 deo
1126 2030 195 67 conceptum
1277 2030 165 67 formare
1397 2030 286 67 simplicissimum:
1637 2030 195 67 cuiusmodi
1788 2030 105 67 est
1833 2030 90 67 esse

425 2079 121 61 quid
500 2079 181 61 secundum
637 2079 166 61 Auicen.
758 2079 106 61 est
818 2079 151 61 primum
924 2079 197 61 conceptum
1075 2079 91 61 ab
1121 2079 227 61 intellectu:
1302 2079 76 61 &
1332 2079 181 61 secundum
1468 2079 197 61 Dionysium
1620 2079 106 61 (vt
1680 2079 151 61 dictum
1786 2079 121 61 est)
1846 2079 76 61 pri

424 2129 101 51 ma
475 2129 219 51 diuinarum
643 2129 337 51 participationum.
930 2129 101 51 Et
981 2129 202 51 secundum
1132 2129 118 51 est
1200 2129 101 51 id
1250 2129 135 51 quod
1335 2129 202 51 proximum
1487 2129 219 51 conceptum
1655 2129 152 51 natum
1756 2129 118 51 est
1807 2129 118 51 forma

425 2174 87 56 re:
474 2174 174 56 cuiusmodoi
611 2174 87 56 est
661 2174 137 56 viuere:
761 2174 62 56 &
785 2174 137 56 tertium
885 2174 87 56 est
935 2174 100 56 quod
997 2174 149 56 proximum
1109 2174 100 56 post
1171 2174 112 56 hunc:
1246 2174 162 56 cuiusmodi
1370 2174 87 56 est
1420 2174 199 56 intelligere.
1582 2174 75 56 Et
1619 2174 112 56 sicut
1694 2174 87 56 est
1744 2174 75 56 de
1781 2174 124 56 istis,
1856 2174 62 56 sic

426 2224 100 50 est
483 2224 86 50 de
526 2224 143 50 aliis:
626 2224 143 50 quorum
726 2224 214 50 differentia
897 2224 71 50 &
926 2224 114 50 ordo
997 2224 129 50 licet
1083 2224 129 50 nullo
1169 2224 114 50 modo
1240 2224 186 50 consistat
1383 2224 86 50 in
1426 2224 129 50 ipsis
1512 2224 86 50 ex
1555 2224 129 50 parte
1640 2224 100 50 rei
1698 2224 171 50 secundum
1826 2224 86 50 se
1855 2224 57 50 ni

423 2260 88 66 si
467 2260 132 66 sicut
555 2260 88 66 in
599 2260 161 66 origine
716 2260 73 66 &
745 2260 132 66 quasi
833 2260 88 66 in
877 2260 190 66 potentia,
1023 2260 88 66 vt
1067 2260 146 66 dictum
1169 2260 102 66 est
1228 2260 146 66 supra:
1330 2260 190 66 consistit
1476 2260 132 66 tamen
1564 2260 88 66 in
1608 2260 132 66 ipsis
1696 2260 88 66 vt
1740 2260 132 66 cadit
1813 2260 102 66 diui-

419 2307 90 61 na
464 2307 180 61 essentia
599 2307 90 61 in
644 2307 269 61 consideratione
868 2307 240 61 intellectus.
1063 2307 90 61 Vt
1108 2307 120 61 enim
1182 2307 150 61 cadunt
1287 2307 180 61 secundum
1422 2307 120 61 suas
1497 2307 180 61 rationes
1632 2307 180 61 proprias
1766 2307 150 61 quibus
1856 2307 60 61 ab

416 2354 165 64 inuicem
536 2354 195 64 differunt
686 2354 75 64 &
716 2354 240 64 discernuntur
911 2354 90 64 in
956 2354 270 64 consideratione
1182 2354 240 64 intellectus,
1377 2354 135 64 ratio
1467 2354 135 64 vnius
1557 2354 90 64 ex
1602 2354 105 64 sui
1662 2354 150 64 natura
1767 2354 135 64 talis
1842 2354 75 64 est

424 2408 92 56 vt
470 2408 92 56 ab
516 2408 123 56 ipsa
592 2408 184 56 procedat
730 2408 245 56 consideratio
930 2408 230 56 intellectus
1114 2408 92 56 in
1160 2408 153 56 aliam:
1267 2408 92 56 vt
1313 2408 92 56 ab
1359 2408 123 56 esse
1436 2408 169 56 propter
1559 2408 184 56 rationem
1697 2408 123 56 suae
1758 2408 169 56 simplici-

430 2444 129 63 tatis
516 2444 86 63 in
559 2444 158 63 viuere:
674 2444 129 63 licet
760 2444 172 63 realiter
889 2444 101 63 non
947 2444 101 63 sit
1004 2444 129 63 maior
1090 2444 215 63 simplicitas
1262 2444 86 63 in
1306 2444 101 63 vno
1363 2444 115 63 quam
1435 2444 86 63 in
1478 2444 129 63 alio:
1564 2444 72 63 &
1593 2444 129 63 eadem
1679 2444 158 63 ratione
1794 2444 72 63 a
1808 2444 115 63 viuere

420 2490 84 64 in
462 2490 225 64 intelligere.
645 2490 84 64 Et
687 2490 98 64 sit
743 2490 112 64 ista
814 2490 183 64 discretio
954 2490 84 64 in
996 2490 253 64 consideratione
1207 2490 169 64 cuiusque
1334 2490 211 64 intellectus
1502 2490 70 64 &
1530 2490 141 64 creati
1629 2490 70 64 &
1657 2490 183 64 increati:
1797 2490 70 64 &
1826 2490 98 64 est
1868 2490 56 64 ra

425 2544 104 53 tio
484 2544 163 53 ipsarum
603 2544 178 53 rationum
736 2544 222 53 discretarum
914 2544 148 53 talis:
1018 2544 118 53 quod
1092 2544 163 53 quantum
1210 2544 104 53 est
1269 2544 89 53 ex
1314 2544 133 53 parte
1403 2544 178 53 illarum,
1536 2544 193 53 quicunque
1684 2544 222 53 intellectus
1847 2544 74 53 pro

422 2582 150 63 cedere
527 2582 150 63 possit
632 2582 90 63 ab
677 2582 105 63 vna
737 2582 90 63 in
782 2582 150 63 aliam:
887 2582 120 63 etsi
962 2582 195 63 discursus
1112 2582 195 63 huiusmodi
1263 2582 180 63 repugnet
1398 2582 225 63 intellectui
1578 2582 150 63 diuino
1683 2582 165 63 omnino,
1803 2582 105 63 qui
1848 2582 75 63 vni

427 2631 78 54 co
466 2631 65 54 &
492 2631 156 54 simplici
609 2631 143 54 intuitu
713 2631 117 54 omnes
791 2631 156 54 rationes
908 2631 104 54 suas
973 2631 182 54 considerat
1116 2631 65 54 &
1142 2631 195 54 speculatur.
1323 2631 78 54 Et
1362 2631 104 54 nota
1427 2631 104 54 quod
1492 2631 143 54 differt
1596 2631 143 54 dicere,
1700 2631 169 54 procedere
1830 2631 78 54 ab
1856 2631 65 54 hoc

424 2672 76 66 in
462 2672 102 66 hoc,
526 2672 64 66 &
552 2672 166 66 procedere
679 2672 76 66 ex
717 2672 89 66 hoc
768 2672 76 66 in
807 2672 102 66 hoc.
870 2672 76 66 Ex
908 2672 89 66 hoc
959 2672 76 66 in
998 2672 89 66 hoc
1049 2672 115 66 solum
1125 2672 153 66 procedit
1240 2672 204 66 intellectus:
1405 2672 102 66 quia
1469 2672 76 66 ex
1507 2672 89 66 hoc
1558 2672 153 66 acquirit
1673 2672 191 66 cognitionem
1813 2672 102 66 illius

430 2722 80 58 vt
470 2722 80 58 ex
510 2722 187 58 praemissis
657 2722 201 58 cognitionem
818 2722 227 58 conclusionis.
1005 2722 67 58 &
1032 2722 94 58 hoc
1085 2722 107 58 modo
1152 2722 120 58 solus
1233 2722 201 58 intellectus
1393 2722 147 58 humanus
1500 2722 94 58 est
1554 2722 214 58 discursiuus:
1728 2722 67 58 &
1754 2722 80 58 in
1795 2722 107 58 ipso
1848 2722 67 58 na-

421 2761 79 84 ti
460 2761 106 84 sunt
527 2761 172 84 conceptus
659 2761 146 84 formari
765 2761 79 84 de
805 2761 146 84 diuinis
911 2761 199 84 rationibus:
1070 2761 79 84 vt
1109 2761 119 84 licet
1189 2761 79 84 in
1228 2761 119 84 ipsis
1308 2761 172 84 conceptis
1440 2761 93 84 non
1493 2761 93 84 sit
1546 2761 106 84 nisi
1612 2761 106 84 ordo
1679 2761 159 84 rationis
1785 2761 132 84 secundum
