2017 3248
112 292 79 70 in
151 292 79 70 ea
191 292 79 70 de
231 292 172 70 bonitate.
363 292 119 70 Neque
443 292 119 70 etiam
522 292 93 70 est
575 292 146 70 aliquod
681 292 79 70 eo
721 292 79 70 in
760 292 159 70 bonitate
880 292 119 70 magis
959 292 146 70 quantum
1065 292 79 70 ad
1105 292 146 70 naturam
1211 292 106 70 suae
1277 292 159 70 speciei.
1396 292 119 70 talis
1475 292 106 70 enim
1528 292 93 70 perfe

113 361 98 44 ctio
174 361 98 44 nata
235 361 86 44 est
284 361 98 44 esse
345 361 73 44 in
382 361 159 44 quaelibet
504 361 122 44 specie
590 361 171 44 creaturae.
724 361 86 44 Est
773 361 110 44 tamen
846 361 135 44 aliquod
944 361 73 44 eo
981 361 73 44 in
1018 361 147 44 bonitate
1128 361 110 44 magis
1201 361 183 44 simpliciter
1348 361 110 44 extra
1421 361 98 44 suam
1482 361 147 44 speciem:
1580 361 49 44 in

121 407 157 54 quantum
235 407 185 54 quaelibet
377 407 171 54 creatura
506 407 171 54 inferior
634 407 128 54 habet
720 407 128 54 supra
805 407 86 54 se
848 407 185 54 creaturam
991 407 171 54 secundum
1119 407 143 54 gradum
1219 407 157 54 naturae
1333 407 114 54 quae
1404 407 100 54 est
1461 407 86 54 in
1490 407 128 54 bonita-

111 453 87 56 te
155 453 146 56 magis,
257 453 87 56 vt
301 453 131 56 patet
388 453 87 56 in
432 453 131 56 viii.
519 453 116 56 modo
592 453 233 56 perfectionis
781 453 204 56 praedicto:
941 453 102 56 vel
1000 453 87 56 ad
1043 453 131 56 minus
1131 453 189 56 inquantum
1276 453 131 56 supra
1364 453 189 56 quamlibet
1495 453 116 56 creatu

112 498 98 52 ram
168 498 98 52 est
224 498 112 52 ipse
293 498 126 52 deus.
377 498 153 52 Deficit
489 498 140 52 etiam:
586 498 112 52 quia
656 498 140 52 multas
754 498 223 52 perfectiones
935 498 223 52 accidentales
1117 498 112 52 nata
1186 498 98 52 est
1242 498 126 52 talis
1326 498 140 52 natura
1424 498 84 52 in
1465 498 84 52 se
1493 498 112 52 recipe

114 545 84 48 re:
162 545 84 48 non
210 545 108 48 deus.
281 545 96 48 Vnde
341 545 108 48 dicit
413 545 132 48 Auicen.
509 545 108 48 viii.
580 545 96 48 met.
640 545 132 48 Necesse
736 545 96 48 esse
796 545 84 48 est
844 545 155 48 perfectum
963 545 108 48 esse,
1035 545 84 48 nam
1083 545 108 48 nihil
1155 545 108 48 deest
1226 545 96 48 sibi
1286 545 72 48 de
1322 545 84 48 suo
1370 545 96 48 esse
1430 545 60 48 &
1454 545 72 48 de
1477 545 132 48 perfectio

121 588 108 58 nibus
193 588 84 58 sui
241 588 108 58 esse:
313 588 84 58 nec
360 588 144 58 aliquoid
468 588 132 58 generis
564 588 84 58 sui
612 588 96 58 esse
672 588 156 58 egreditur
791 588 72 58 ab
827 588 96 58 esse
887 588 96 58 eius
947 588 72 58 ad
983 588 108 58 aliud
1054 588 60 58 a
1078 588 84 58 se,
1126 588 108 58 sicut
1198 588 156 58 egreditur
1318 588 72 58 ab
1354 588 96 58 alio
1414 588 60 58 a
1437 588 84 58 se.
1485 588 108 58 verbi
1545 588 60 58 gra

107 637 100 54 tia
164 637 85 54 ab
206 637 157 54 homine,
320 637 128 54 multa
406 637 114 54 enim
477 637 85 54 de
519 637 256 54 perfectionibus
733 637 100 54 sui
790 637 114 54 esse
861 637 142 54 desunt
961 637 185 54 vnicuique
1103 637 157 54 homini.
1217 637 71 54 &
1245 637 128 54 etiam
1331 637 100 54 sua
1388 637 185 54 humanitas
1530 637 100 54 in-

112 672 148 62 uenitur
219 672 80 62 in
259 672 107 62 alio
326 672 67 62 a
353 672 80 62 se
393 672 107 62 quod
460 672 161 62 pertinet
581 672 121 62 etiam
662 672 80 62 ad
702 672 148 62 quartum
809 672 121 62 modum
890 672 215 62 perfectionis
1064 672 80 62 in
1104 672 107 62 deo.
1171 672 174 62 Similiter
1305 672 134 62 aliter
1399 672 107 62 quam
1466 672 80 62 in
1493 672 121 62 creatu-

98 729 103 49 ris
157 729 118 49 Deus
231 729 103 49 est
290 729 191 49 perfectus
437 729 162 49 secundo
555 729 118 49 modo
628 729 250 49 perfectionis:
835 729 118 49 quia
908 729 133 49 nihil
997 729 103 49 sui
1055 729 103 49 est
1114 729 133 49 extra
1203 729 147 49 ipsum:
1306 729 133 49 neque
1394 729 103 49 est
1453 729 88 49 in
1497 729 147 49 aliquo

96 768 224 49 diminutus:
272 768 128 49 quia
352 768 112 49 est
416 768 176 49 simplex
543 768 80 49 &
575 768 144 49 purum
671 768 144 49 esse.
767 768 96 49 In
815 768 112 49 quo
879 768 208 49 deficiunt
1039 768 80 49 a
1071 768 240 49 perfectione
1262 768 208 49 composita
1422 768 96 49 ex
1454 768 160 49 partibus

102 816 247 54 quantitatiuis:
308 816 151 54 quamuis
418 816 124 54 nihil
501 816 96 54 sui
555 816 137 54 habent
652 816 137 54 extra:
748 816 124 54 neque
830 816 96 54 sit
885 816 82 54 in
926 816 96 54 eis
981 816 151 54 aliquid
1091 816 192 54 diminutum.
1242 816 179 54 Similiter
1380 816 96 54 est
1434 816 179 54 perfectus
1558 816 55 54 si

100 861 95 48 ne
148 861 126 48 omni
226 861 268 48 imperfectione
447 861 173 48 (Tertio
573 861 142 48 modo:
668 861 126 48 quia
747 861 173 48 propter
873 861 268 48 simplicitatem
1094 861 79 48 &
1125 861 378 48 intransmutabilitatem
1456 861 126 48 suum
1519 861 95 48 esse

112 905 99 57 non
169 905 142 57 potest
268 905 128 57 ferri
353 905 85 57 in
395 905 142 57 aliud:
495 905 99 57 nec
551 905 128 57 habet
637 905 128 57 ipsum
722 905 99 57 per
778 905 241 57 compositionem
977 905 99 57 aut
1034 905 255 57 translationem)
1246 905 128 57 sicut
1332 905 128 57 habet
1417 905 156 57 corpus:
1516 905 85 57 quod

113 949 136 57 magnae
209 949 218 57 perfectionis
386 949 95 57 est
440 949 82 57 in
481 949 95 57 eo.
535 949 177 57 Similiter
671 949 95 57 est
726 949 177 57 perfectus
862 949 136 57 quarto
957 949 109 57 modo
1025 949 109 57 sine
1093 949 109 57 omni
1161 949 245 57 imperfectione:
1365 949 109 57 quia
1433 949 95 57 non
1488 949 95 57 est
1528 949 82 57 omni

106 1003 83 48 no
148 1003 83 48 in
189 1003 180 48 potentia:
328 1003 97 48 sed
383 1003 97 48 est
439 1003 125 48 actus
522 1003 139 48 purus,
619 1003 83 48 vt
660 1003 152 48 habitum
771 1003 97 48 est
826 1003 139 48 supra.
923 1003 208 48 Vnumquodque
1090 1003 111 48 enim
1159 1003 180 48 perfectum
1297 1003 111 48 est:
1367 1003 180 48 inquantum
1505 1003 97 48 est
1547 1003 69 48 ens

94 1039 93 58 in
140 1039 139 58 actu:
233 1039 77 58 &
263 1039 232 58 imperfectum
449 1039 201 58 inquantum
603 1039 108 58 est
665 1039 93 58 in
711 1039 185 58 potentia
850 1039 108 58 cum
912 1039 216 58 priuatione
1082 1039 154 58 actus.
1190 1039 154 58 lgitur
1298 1039 216 58 compositum
1468 1039 124 58 quod
1530 1039 77 58 sit

107 1088 86 46 ex
150 1088 173 46 potentia
279 1088 72 46 &
308 1088 129 46 actu:
394 1088 129 46 licet
481 1088 158 46 ratione
596 1088 129 46 actus
682 1088 129 46 habet
768 1088 115 46 quod
840 1088 101 46 sit
898 1088 201 46 persectum:
1056 1088 158 46 ratione
1171 1088 129 46 tamen
1257 1088 187 46 potentiae
1401 1088 158 46 aliquid
1502 1088 115 46 imper-

99 1130 216 52 fectionis
266 1130 150 52 habet
366 1130 233 52 adiunctum.
549 1130 133 52 Vnde
632 1130 216 52 peccabant
798 1130 166 52 quidam
915 1130 100 52 ex
965 1130 200 52 antiquis
1115 1130 266 52 Philosophis:
1331 1130 117 52 qui
1398 1130 166 52 primum
1497 1130 117 52 prin-

99 1177 135 52 cipium
194 1177 108 52 quod
262 1177 108 52 deus
329 1177 108 52 est,
397 1177 162 52 dixerunt
518 1177 108 52 esse
586 1177 135 52 primum
680 1177 189 52 principium
829 1177 189 52 materiale,
978 1177 81 52 vt
1018 1177 162 52 dicitur.
1140 1177 108 52 xii.
1207 1177 122 52 meta.
1288 1177 68 52 &
1315 1177 176 52 expositum
1450 1177 95 52 est
1491 1177 108 52 supra.

106 1221 85 52 Et
148 1221 155 52 propter
261 1221 99 52 hoc
318 1221 169 52 dixerunt
445 1221 113 52 quod
515 1221 113 52 esse
586 1221 155 52 optimum
699 1221 71 52 &
727 1221 254 52 perfectissimum
939 1221 99 52 non
996 1221 141 52 potuit
1095 1221 169 52 attribui
1222 1221 198 52 principio:
1377 1221 99 52 sed
1434 1221 85 52 ei
1476 1221 113 52 quod
1532 1221 71 52 pro

107 1265 115 49 cedit
184 1265 77 49 ex
222 1265 179 49 principio.
363 1265 90 49 hoc
414 1265 102 49 enim
478 1265 192 49 necessarium
632 1265 90 49 est
683 1265 77 49 de
722 1265 115 49 primo
798 1265 166 49 principio
927 1265 179 49 materiali:
1067 1265 102 49 quia
1131 1265 90 49 est
1183 1265 256 49 imperfectissimum
1400 1265 192 49 necessario,
1541 1265 64 49 cum

98 1313 93 52 sit
151 1313 133 52 maxime
244 1313 80 52 in
285 1313 174 52 potentia,
418 1313 67 52 &
445 1313 133 52 minime
538 1313 107 52 ens:
605 1313 93 52 sed
658 1313 160 52 proximum
778 1313 93 52 non
832 1313 120 52 enti,
912 1313 120 52 quasi
992 1313 133 52 medium
1085 1313 120 52 inter
1166 1313 93 52 ens
1219 1313 107 52 actu
1286 1313 133 52 quoquo
1379 1313 120 52 modo:
1459 1313 67 52 &
1486 1313 93 52 non
1526 1313 80 52 ens,

102 1359 88 48 vt
146 1359 147 48 tactum
249 1359 103 48 est
308 1359 235 48 aliquantulum
499 1359 147 48 supra:
602 1359 73 48 &
631 1359 132 48 magis
719 1359 220 48 declarandum
895 1359 103 48 est
954 1359 176 48 loquendo
1086 1359 88 48 de
1130 1359 176 48 materia.
1262 1359 103 48 Non
1321 1359 132 48 autem
1409 1359 103 48 est
1468 1359 132 48 verum
1541 1359 59 48 de

105 1405 128 52 primo
190 1405 184 52 principio
332 1405 199 52 efficiente
488 1405 128 52 quale
573 1405 99 52 est
630 1405 128 52 deus,
715 1405 128 52 quale
800 1405 99 52 non
856 1405 170 52 viderunt
984 1405 128 52 illi:
1069 1405 99 52 sed
1126 1405 128 52 solum
1211 1405 199 52 principium
1367 1405 199 52 materiale,
1509 1405 99 52 quale

109 1451 100 50 non
166 1451 143 50 potest
266 1451 114 50 esse
337 1451 129 50 deus,
423 1451 86 50 vt
466 1451 157 50 habitum
580 1451 100 50 est
637 1451 143 50 supra.
737 1451 129 50 Sicut
823 1451 114 50 enim
894 1451 129 50 prima
980 1451 157 50 materia
1094 1451 100 50 per
1151 1451 100 50 hoc
1208 1451 114 50 quod
1280 1451 100 50 est
1337 1451 186 50 subiectum
1465 1451 129 50 vltimum

96 1494 165 49 maxime
212 1494 116 49 est
278 1494 99 49 in
328 1494 198 49 potentia
476 1494 83 49 &
509 1494 347 49 imperfectissimum:
806 1494 116 49 sic
873 1494 165 49 primum
988 1494 149 49 agens
1087 1494 132 49 quia
1170 1494 116 49 est
1236 1494 165 49 primum
1351 1494 182 49 mouens,
1467 1494 132 49 maxime

104 1537 117 56 debet
182 1537 104 56 esse
247 1537 78 56 in
286 1537 117 56 actu:
364 1537 65 56 &
390 1537 104 56 ideo
455 1537 247 56 perfectissimum:
663 1537 91 56 ita
715 1537 104 56 quod
780 1537 195 56 impossibile
936 1537 91 56 sit
988 1537 143 56 aliquid
1092 1537 104 56 esse
1157 1537 182 56 perfectius
1300 1537 91 56 eo.
1352 1537 91 56 Cum
1404 1537 104 56 enim
1469 1537 117 56 nihil
1534 1537 78 56 agit

99 1590 113 50 nisi
170 1590 170 50 secundum
297 1590 113 50 quod
368 1590 99 50 est
425 1590 85 50 in
467 1590 127 50 actu:
552 1590 71 50 &
580 1590 99 50 ita
637 1590 127 50 actio
722 1590 170 50 sequitur
849 1590 127 50 modum
934 1590 127 50 actus
1019 1590 85 50 in
1062 1590 156 50 agente:
1175 1590 212 50 impossibile
1345 1590 99 50 est
1402 1590 184 50 productum
1529 1590 71 50 per

95 1638 163 47 actionem
218 1638 109 47 esse
286 1638 82 47 in
327 1638 177 47 nobiliori
463 1638 109 47 actu
531 1638 109 47 quam
599 1638 95 47 sit
654 1638 136 47 agens:
749 1638 109 47 etsi
817 1638 95 47 sit
872 1638 82 47 in
913 1638 163 47 aequali:
1035 1638 123 47 sicut
1117 1638 95 47 est
1172 1638 136 47 filius
1267 1638 95 47 cum
1322 1638 136 47 patre:
1417 1638 82 47 si
1444 1638 150 47 reducamus

101 1674 132 55 omnes
189 1674 132 55 alias
278 1674 176 55 actiones
410 1674 206 55 quascumque
571 1674 88 55 ad
615 1674 176 55 actiones
747 1674 206 55 personales
909 1674 88 55 in
953 1674 176 55 diuinis:
1085 1674 73 55 &
1114 1674 132 55 illas
1203 1674 88 55 ad
1247 1674 176 55 actionem
1379 1674 147 55 primam
1482 1674 103 55 qua
1526 1674 73 55 pa-

101 1728 103 48 ter
160 1728 176 48 producit
292 1728 162 48 verbum:
410 1728 132 48 sicut
498 1728 162 48 necesse
616 1728 103 48 est
674 1728 162 48 reduci,
792 1728 88 48 vt
836 1728 132 48 infra
924 1728 206 48 videbitur.
1086 1728 162 48 Quomodo
1203 1728 132 48 autem
1291 1728 103 48 non
1350 1728 147 48 potest
1453 1728 88 48 in
1497 1728 132 48 aequa

102 1761 83 62 li
144 1761 124 62 actu:
227 1761 97 62 sed
282 1761 194 62 necessario
434 1761 83 62 in
476 1761 180 62 inferiori
614 1761 69 62 &
642 1761 235 62 imperfectiori
835 1761 180 62 producere
974 1761 152 62 aliquid
1084 1761 83 62 in
1126 1761 180 62 creaturis
1264 1761 124 62 extra
1347 1761 111 62 suam
1402 1761 194 62 substantiam,

97 1819 171 49 patebit
222 1819 186 49 loquendo
361 1819 93 49 de
408 1819 217 49 creaturis.
578 1819 171 49 Quomodo
702 1819 140 49 etiam
795 1819 233 49 imperfectum
982 1819 109 49 ens
1044 1819 78 49 &
1075 1819 93 49 in
1121 1819 202 49 potentia,
1276 1819 109 49 non
1338 1819 155 49 potest
1447 1819 124 49 esse
1509 1819 93 49 pri-

105 1854 98 57 mum
161 1854 224 57 simpliciter:
343 1854 98 57 sed
399 1854 154 57 necesse
511 1854 98 57 est
567 1854 84 57 vt
609 1854 182 57 perfectum
749 1854 182 57 praecedat
888 1854 224 57 imperfectum,
1070 1854 70 57 &
1098 1854 210 57 imperfectum
1266 1854 98 57 sit
1322 1854 70 57 a
1350 1854 182 57 perfecto,
1476 1854 126 57 habitum

102 1907 99 52 est
158 1907 141 52 supra.
257 1907 183 52 Similiter
398 1907 113 52 deus
468 1907 99 52 est
525 1907 183 52 perfectus
666 1907 113 52 sine
736 1907 113 52 omni
807 1907 240 52 imperfectione
1004 1907 85 52 ad
1046 1907 240 52 similitudinem
1244 1907 141 52 quinti
1342 1907 127 52 modi:
1427 1907 113 52 quia
1497 1907 85 52 in
1526 1907 70 52 vir

102 1952 121 53 tute
178 1952 197 53 essentiae
329 1952 76 53 &
359 1952 167 53 naturae
481 1952 197 53 augmentum
632 1952 106 53 non
693 1952 182 53 recipit,
829 1952 136 53 neque
920 1952 91 53 ex
966 1952 212 53 imperfecto
1132 1952 91 53 ad
1178 1952 197 53 perfectum
1329 1952 106 53 per
1375 1952 227 53 transmutatio-

89 1997 107 53 nem
150 1997 76 53 &
180 1997 183 53 alicuius
318 1997 244 53 appositionem
516 1997 183 53 deuenit.
654 1997 198 53 Similiter
806 1997 107 53 est
867 1997 198 53 perfectus
1020 1997 153 53 iuxta.
1127 1997 107 53 vi.
1188 1997 137 53 modum
1279 1997 168 53 propter
1402 1997 183 53 circulum
1539 1997 92 53 in

95 2041 192 50 finitatis
243 2041 133 50 suae:
331 2041 103 50 non
390 2041 103 50 est
449 2041 133 50 tamen
538 2041 88 50 in
582 2041 88 50 se
626 2041 88 50 ex
670 2041 177 50 partibus
803 2041 162 50 finitis
921 2041 221 50 compositum:
1098 2041 133 50 sicut
1186 2041 206 50 compositus
1348 2041 103 50 est
1407 2041 192 50 circulus.
1540 2041 59 50 Si

95 2082 161 59 militer
213 2082 132 59 iuxta
301 2082 176 59 septimum
433 2082 132 59 modum
521 2082 132 59 solus
609 2082 117 59 deus
682 2082 191 59 verissime
829 2082 161 59 dicitur
946 2082 191 59 perfectus
1093 2082 117 59 sine
1166 2082 117 59 omni
1239 2082 264 59 imperfectione:
1459 2082 117 59 quia
1518 2082 88 59 ipse

105 2126 122 56 sine
181 2126 138 56 gradu
273 2126 214 56 dignitatis
441 2126 168 56 naturae
563 2126 92 56 in
609 2126 107 56 suo
670 2126 122 56 esse
746 2126 138 56 omnem
838 2126 153 56 gradum
945 2126 199 56 creaturae
1098 2126 244 56 transcendit:
1296 2126 92 56 in
1342 2126 107 56 qua
1388 2126 214 56 imperfectio-

100 2175 104 59 nis
160 2175 104 59 est
219 2175 74 59 &
249 2175 193 59 defectus:
397 2175 119 59 quia
471 2175 89 59 in
516 2175 193 59 dignitate
664 2175 104 59 sui
724 2175 119 59 esse
798 2175 238 59 limitationem
991 2175 134 59 habet
1080 2175 74 59 &
1110 2175 163 59 gradum.
1229 2175 89 59 Et
1273 2175 89 59 ex
1318 2175 104 59 hoc
1377 2175 163 59 patebit
1496 2175 89 59 in
1526 2175 74 59 se-

88 2231 158 48 quenti
199 2231 221 48 quaestione
372 2231 174 48 quomodo
498 2231 126 48 deus
577 2231 110 48 est
640 2231 205 48 perfectus
798 2231 284 48 perfectionibus
1035 2231 174 48 omnibus
1161 2231 158 48 omnium
1272 2231 252 48 creaturarum.
1461 2231 142 48 Simili-

98 2274 106 48 ter
158 2274 136 48 iuxta
249 2274 136 48 modum
340 2274 166 48 octauum
461 2274 136 48 solus
552 2274 121 48 deus
628 2274 121 48 vere
703 2274 197 48 perfectus
855 2274 106 48 est
915 2274 121 48 sine
991 2274 121 48 omni
1066 2274 257 48 imperfectione
1278 2274 166 48 annexa:
1399 2274 121 48 quia
1475 2274 91 48 vt
1520 2274 106 48 ha-

98 2310 127 56 bitum
182 2310 98 56 est
239 2310 84 56 ex
281 2310 295 56 praedeterminatis,
534 2310 113 56 ipse
604 2310 141 56 vnicus
703 2310 98 56 est
759 2310 169 56 secundum
886 2310 169 56 numerum:
1012 2310 98 56 ita
1068 2310 113 56 quod
1139 2310 98 56 non
1195 2310 141 56 possit
1294 2310 113 56 esse
1364 2310 113 56 deus
1434 2310 127 56 alius
1505 2310 98 56 nume-

97 2361 92 48 ro
143 2361 200 48 differens
297 2361 92 48 ab
343 2361 139 48 ipso.
435 2361 185 48 Creatura
574 2361 139 48 autem
666 2361 154 48 aliqua
774 2361 123 48 etsi
851 2361 108 48 sit
912 2361 139 48 vnica
1005 2361 92 48 in
1051 2361 108 48 vna
1112 2361 169 48 specie,
1236 2361 92 48 vt
1282 2361 169 48 propter
1390 2361 215 48 persectionem

101 2401 117 54 eius
175 2401 88 54 in
219 2401 132 54 vnico
307 2401 191 54 indiuiduo
454 2401 103 54 sit
512 2401 191 54 contenta:
659 2401 73 54 &
689 2401 103 54 hoc
747 2401 117 54 quia
821 2401 88 54 in
865 2401 147 54 natura
968 2401 147 54 illius
1070 2401 191 54 indiuidui
1217 2401 103 54 sit
1276 2401 176 54 perpetua
1408 2401 73 54 &
1423 2401 176 54 incorrupti

97 2445 134 58 bilis:
190 2445 148 58 propter
298 2445 107 58 quod
365 2445 121 58 plura
445 2445 107 58 sunt
512 2445 174 58 indiuidua
647 2445 107 58 sibi
714 2445 201 58 succedentia
875 2445 148 58 propter
982 2445 174 58 continuam
1116 2445 215 58 generationem
1290 2445 80 58 in
1331 2445 268 58 corruptibilibus:
1545 2445 54 58 vt

99 2491 113 63 quod
170 2491 85 63 in
212 2491 99 63 vno
269 2491 199 63 perpetuari
425 2491 99 63 non
482 2491 156 63 possit,
595 2491 213 63 perpetuetur
765 2491 85 63 in
808 2491 184 63 pluribus,
950 2491 85 63 vt
992 2491 128 63 dicit
1077 2491 227 63 Philosophus.
1262 2491 99 63 ii.
1318 2491 85 63 de
1361 2491 142 63 anima:
1460 2491 128 63 nulla
1531 2491 71 63 ta-

97 2534 104 64 men
157 2534 164 64 species
276 2534 193 64 creaturae
424 2534 104 64 est
484 2534 119 64 quae
558 2534 193 64 inquantum
707 2534 104 64 est
766 2534 89 64 de
811 2534 104 64 se,
870 2534 119 64 apta
945 2534 104 64 sit
1004 2534 104 64 non
1064 2534 223 64 plurificari
1242 2534 104 64 per
1302 2534 134 64 plura
1391 2534 208 64 indiuidua.
1540 2534 59 64 si

109 2585 101 54 cut
166 2585 158 54 patebit
281 2585 130 54 infra
368 2585 173 54 loquendo
497 2585 86 54 de
541 2585 216 54 vniuersali.
713 2585 86 54 Et
757 2585 130 54 illud
843 2585 101 54 est
900 2585 259 54 imperfectionis
1116 2585 86 54 in
1160 2585 173 54 quolibet
1289 2585 202 54 indiuiduo:
1448 2585 115 54 quia
1505 2585 101 54 totam

115 2628 185 54 capacitatem
262 2628 135 54 speciei
361 2628 74 54 in
398 2628 74 54 se
435 2628 86 54 non
484 2628 160 54 terminat.
607 2628 148 54 secundum
718 2628 98 54 quod
779 2628 74 54 de
816 2628 86 54 hoc
866 2628 98 54 modo
927 2628 197 54 perfectionis
1087 2628 62 54 &
1112 2628 185 54 praecedente
1260 2628 62 54 &
1284 2628 148 54 sequente
1395 2628 111 54 simul
1469 2628 111 54 dicit
1530 2628 62 54 Aui

113 2667 93 64 cem.
171 2667 104 64 viii.
241 2667 104 64 meta.
311 2667 128 64 Necesse
404 2667 93 64 esse
462 2667 81 64 est
508 2667 151 64 perfectum
624 2667 104 64 esse.
694 2667 81 64 Nam
740 2667 104 64 nihil
810 2667 104 64 deest
879 2667 93 64 sibi
937 2667 70 64 de
972 2667 81 64 suo
1019 2667 93 64 esse
1077 2667 58 64 &
1100 2667 70 64 de
1135 2667 209 64 perfectionibus
1309 2667 81 64 sui
1355 2667 104 64 esse:
1425 2667 81 64 nec
1471 2667 128 64 aliquid
1553 2667 46 64 ge

122 2717 113 52 neris
198 2717 88 52 sui
248 2717 101 52 esse
311 2717 163 52 egreditur
437 2717 75 52 ab
474 2717 101 52 esse
537 2717 101 52 eius
600 2717 75 52 ad
638 2717 113 52 aliud
713 2717 63 52 a
738 2717 88 52 se:
788 2717 113 52 sicut
864 2717 163 52 egreditur
989 2717 75 52 ab
1027 2717 101 52 alio
1090 2717 63 52 a
1115 2717 88 52 se.
1165 2717 113 52 verbi
1241 2717 126 52 gratia
1329 2717 75 52 ad
1366 2717 138 52 homine.
1467 2717 113 52 Multa
1530 2717 75 52 enim

127 2760 81 66 de
168 2760 244 66 perfectionibus
372 2760 95 66 sui
426 2760 109 66 esse
494 2760 136 66 desunt
589 2760 176 66 vnicuique
724 2760 149 66 homini:
833 2760 68 66 &
860 2760 122 66 etiam
941 2760 95 66 sua
996 2760 176 66 humanitas
1131 2760 176 66 inuenitur
1267 2760 81 66 in
1308 2760 109 66 alio
1375 2760 68 66 a
1403 2760 95 66 se.
1457 2760 95 66 sed
1497 2760 109 66 neces
