2017 3263
438 292 68 68 se
472 292 91 68 esse
529 292 80 68 est
574 292 137 68 plusquam
677 292 159 68 perfectum,
802 292 91 68 quia
859 292 103 68 ipsum
927 292 91 68 esse
984 292 91 68 quod
1041 292 80 68 est
1087 292 80 68 ei,
1132 292 80 68 non
1178 292 80 68 est
1224 292 80 68 ei.
1269 292 125 68 tantum:
1360 292 91 68 immo
1417 292 103 68 etiam
1486 292 91 68 omne
1543 292 91 68 esse
1599 292 80 68 est
1645 292 148 68 exuberans
1759 292 68 68 ab
1793 292 91 68 esse
1839 292 68 68 eius

440 345 62 57 &
464 345 87 57 est
514 345 112 57 eius,
589 345 62 57 &
613 345 112 57 fluit
688 345 74 57 ab
725 345 112 57 illo.
799 345 74 57 De
837 345 112 57 eodem
911 345 87 57 li.
961 345 112 57 iiii.
1035 345 74 57 c.
1073 345 112 57 xxii.
1147 345 161 57 Similiter
1271 345 124 57 iuxta.
1358 345 87 57 ix.
1408 345 112 57 modum
1482 345 112 57 solus
1557 345 99 57 deus
1619 345 99 57 vere
1681 345 161 57 perfectus
1805 345 87 57 est
1842 345 62 57 si-

433 392 76 54 ne
471 392 102 54 omni
535 392 217 54 imperfectione
714 392 140 54 annexa,
815 392 102 54 quia
879 392 115 54 extra
956 392 115 54 ipsum
1032 392 115 54 nihil
1108 392 89 54 est
1159 392 102 54 quod
1223 392 89 54 non
1274 392 115 54 habet
1350 392 127 54 verius
1440 392 102 54 esse
1503 392 76 54 in
1542 392 102 54 ipso
1605 392 102 54 quam
1669 392 76 54 in
1707 392 76 54 se
1745 392 115 54 extra
1822 392 115 54 ipsum

437 434 86 59 ita
486 434 98 59 quod
547 434 122 59 omnino
633 434 110 59 nihil
706 434 122 59 potest
792 434 98 59 esse
853 434 110 59 extra
926 434 110 59 ipsum
1000 434 98 59 quod
1061 434 86 59 non
1110 434 86 59 sit
1159 434 73 59 in
1195 434 110 59 ipso:
1269 434 98 59 quia
1330 434 110 59 omnia
1403 434 86 59 per
1452 434 110 59 ipsum
1526 434 110 59 facta
1599 434 110 59 sunt,
1673 434 61 59 &
1697 434 98 59 sine
1758 434 98 59 ipso
1807 434 98 59 factum

445 485 86 55 est
494 485 123 55 nihil.
580 485 86 55 Io.
630 485 74 55 i.
666 485 111 55 sicut
740 485 111 55 etiam
814 485 111 55 habet
888 485 160 55 declarari
1011 485 148 55 loquendo
1122 485 74 55 de
1159 485 111 55 exitu
1233 485 185 55 creaturarum
1381 485 74 55 in
1418 485 111 55 esse.
1492 485 74 55 Si
1529 485 111 55 autem
1603 485 111 55 esset
1677 485 99 55 tale
1738 485 136 55 aliquid
1825 485 86 55 extra

448 529 112 51 ipsum
522 529 100 51 quod
585 529 87 51 non
635 529 112 51 esset
709 529 75 51 ab
747 529 112 51 ipso,
822 529 112 51 neque
897 529 125 51 verius
984 529 75 51 in
1021 529 100 51 ipso
1084 529 100 51 quam
1146 529 75 51 in
1184 529 175 51 semetipso,
1321 529 87 51 hoc
1371 529 125 51 magnae
1458 529 225 51 imperfectionis
1645 529 112 51 esset
1720 529 75 51 in
1757 529 112 51 ipso,
1820 529 87 51 sicut

443 573 142 57 secundum
550 573 177 57 Philosophum
691 573 213 57 imperfectionis
869 573 83 57 est
916 573 71 57 in
951 573 142 57 quolibet
1058 573 130 57 corpore
1152 573 71 57 in
1188 573 142 57 vniuerso
1294 573 95 57 quod
1353 573 83 57 sit
1400 573 83 57 cum
1447 573 95 57 ipso
1506 573 106 57 aliud
1577 573 118 57 corpus
1660 573 118 57 tagens
1743 573 106 57 ipsum
1814 573 95 57 quod
1861 573 59 57 non

440 625 85 56 est
488 625 73 56 ab
525 625 109 56 ipso,
597 625 109 56 neque
670 625 85 56 per
719 625 158 56 essentiam
840 625 73 56 in
876 625 109 56 ipso.
949 625 85 56 Sed
997 625 97 56 quod
1058 625 109 56 multa
1131 625 97 56 sunt
1191 625 109 56 extra
1264 625 109 56 ipsum
1337 625 97 56 quae
1397 625 97 56 sunt
1458 625 73 56 in
1494 625 109 56 ipso,
1567 625 61 56 &
1591 625 121 56 verius
1676 625 97 56 quam
1736 625 73 56 in
1773 625 73 56 se
1809 625 97 56 sunt
1858 625 48 56 in

439 661 118 54 ipso:
517 661 92 54 hoc
570 661 78 54 ex
609 661 118 54 magna
687 661 196 54 perfectione
844 661 157 54 procedit
962 661 78 54 in
1001 661 118 54 ipso:
1080 661 65 54 &
1106 661 118 54 esset
1185 661 131 54 magnae
1276 661 235 54 imperfectionis
1472 661 78 54 si
1512 661 92 54 non
1564 661 144 54 possent
1668 661 105 54 esse
1734 661 78 54 ab
1773 661 105 54 ipso
1825 661 92 54 extra

445 711 133 50 ipsum,
538 711 119 50 licet
617 711 93 50 per
670 711 106 50 suum
737 711 106 50 esse
803 711 80 50 ab
843 711 106 50 ipso
909 711 133 50 nullam
1002 711 212 50 perfectionem
1174 711 159 50 apponunt
1294 711 119 50 ipsi,
1373 711 80 50 vt
1413 711 186 50 exponendum
1559 711 93 50 est
1612 711 159 50 loquendo
1731 711 80 50 de
1758 711 159 50 creaturis.

439 757 116 48 Nunc
511 757 130 48 autem
598 757 116 48 etsi
670 757 101 48 non
728 757 101 48 sit
786 757 130 48 aliud
872 757 145 48 corpus
974 757 130 48 extra
1061 757 145 48 corpus
1162 757 174 48 vniuersi
1292 757 130 48 huius
1379 757 188 48 continens
1523 757 145 48 ipsum,
1625 757 72 48 &
1654 757 101 48 quo
1711 757 87 48 ad
1755 757 101 48 hoc
1798 757 116 48 corpus

442 809 145 50 vniuersi
551 809 85 50 est
599 809 169 50 perfectius
732 809 145 50 quolibet
841 809 133 50 corpore
937 809 145 50 contento
1046 809 72 50 ab
1082 809 109 50 ipso,
1155 809 72 50 vt
1191 809 121 50 posuit
1276 809 181 50 Philosophus
1421 809 60 50 &
1445 809 109 50 bene,
1517 809 97 50 quia
1578 809 109 50 tamen
1650 809 121 50 posset
1735 809 97 50 esse
1795 809 109 50 aliud
1856 809 60 50 cor

435 843 98 63 pus
491 843 126 63 extra
575 843 126 63 ipsum
659 843 182 63 continens
799 843 140 63 ipsum,
897 843 84 63 vt
939 843 140 63 coelum
1037 843 154 63 maioris
1149 843 154 63 ambitus
1261 843 126 63 extra
1345 843 154 63 vltimum
1457 843 140 63 coelum
1555 843 112 63 quod
1625 843 112 63 modo
1695 843 98 63 est
1751 843 154 63 vltimum
1849 843 70 63 con

446 892 127 57 tinens
535 892 127 57 ipsum,
624 892 101 57 quod
687 892 215 57 essentialiter
864 892 114 57 esset
940 892 114 57 extra
1016 892 127 57 ipsum,
1105 892 63 57 &
1130 892 89 57 non
1181 892 76 57 ab
1219 892 114 57 ipso,
1295 892 89 57 sed
1345 892 114 57 solum
1421 892 63 57 a
1447 892 127 57 diuina
1535 892 152 57 potentia
1649 892 152 57 infinita
1763 892 89 57 hoc
1801 892 114 57 agente,

444 940 103 57 quod
508 940 193 57 Philosophus
663 940 90 57 non
714 940 180 57 sentiebat,
855 940 103 57 immo
920 940 180 57 contrarium
1061 940 180 57 sentiebat,
1202 940 64 57 &
1228 940 116 57 male:
1305 940 141 57 ldcirco
1408 940 90 57 quo
1459 940 77 57 ad
1498 940 90 57 hoc
1549 940 128 57 corpus
1639 940 154 57 vniuersi
1755 940 90 57 cum
1806 940 90 57 sua
1845 940 64 57 per

441 982 158 54 fectione
559 982 105 54 quam
625 982 118 54 dedit
704 982 79 54 ei
743 982 210 54 Philosophus,
914 982 118 54 magna
993 982 197 54 imperfectio
1151 982 92 54 est
1204 982 79 54 ei
1243 982 145 54 annexa:
1348 982 105 54 quam
1414 982 92 54 non
1467 982 132 54 vidit.
1559 982 132 54 luxta.
1651 982 79 54 x.
1690 982 105 54 vero
1756 982 118 54 modum
1822 982 92 54 solus

444 1033 102 54 deus
508 1033 89 54 ita
559 1033 165 54 perfectus
686 1033 89 54 est
737 1033 102 54 quod
800 1033 76 54 in
838 1033 102 54 illa
902 1033 191 54 perfectione
1054 1033 114 54 nulla
1131 1033 153 54 creatura
1245 1033 76 54 ei
1283 1033 76 54 in
1321 1033 127 54 aliquo
1410 1033 191 54 participat.
1563 1033 114 54 Nulla
1639 1033 76 54 ei
1677 1033 153 54 creatura
1779 1033 127 54 alterius

438 1075 138 59 naturae
539 1075 213 59 perfectionem,
714 1075 150 59 propriam
827 1075 113 59 habet
902 1075 75 59 in
940 1075 88 59 se,
990 1075 113 59 sicut
1065 1075 100 59 deus
1128 1075 113 59 habet
1203 1075 201 59 perfectiones
1366 1075 150 59 proprias
1479 1075 125 59 omnium
1567 1075 201 59 creaturarum,
1730 1075 75 59 vt
1768 1075 75 59 in
1793 1075 125 59 sequenti

440 1121 183 56 quaestione
583 1121 157 56 patebit.
701 1121 104 56 Vnde
766 1121 117 56 dicit
844 1121 104 56 Dio.
910 1121 117 56 xiii.
988 1121 78 56 c.
1027 1121 78 56 de
1066 1121 91 56 di.
1118 1121 91 56 no.
1170 1121 170 56 Theologia
1301 1121 78 56 de
1340 1121 130 56 omnium
1431 1121 117 56 causa
1510 1121 104 56 omni
1575 1121 65 56 &
1601 1121 117 56 simul
1679 1121 117 56 omnia
1757 1121 183 56 praedicat,
1888 1121 39 56 &

445 1174 75 49 vt
483 1174 163 49 perfectum
609 1174 63 49 &
634 1174 113 49 solum
709 1174 176 49 perfectum.
848 1174 101 49 ergo
911 1174 88 49 est
961 1174 88 49 non
1011 1174 113 49 solum
1087 1174 75 49 vt
1124 1174 88 49 per
1175 1174 138 49 seipsum
1275 1174 176 49 perfectum,
1414 1174 63 49 &
1439 1174 113 49 totum
1514 1174 88 49 per
1564 1174 113 49 totum
1640 1174 239 49 perfectissimum,
1841 1174 88 49 sed
1879 1174 50 49 vt

442 1209 155 61 plusquam
558 1209 245 61 perfectissimum,
765 1209 155 61 secundum
881 1209 129 61 omnium
971 1209 206 61 excellentiam
1139 1209 65 61 &
1165 1209 116 61 omnem
1242 1209 116 61 quasi
1320 1209 206 61 multitudinem
1487 1209 181 61 terminans,
1629 1209 129 61 omnium
1720 1209 168 61 summitati
1836 1209 90 61 super

427 1264 189 50 expansum,
573 1264 73 50 &
602 1264 73 50 a
631 1264 131 50 nullo
718 1264 160 50 locatum
835 1264 102 50 aut
893 1264 247 50 comprehensum,
1097 1264 102 50 sed
1155 1264 175 50 extensum
1286 1264 87 50 in
1329 1264 131 50 omnia
1417 1264 131 50 simul
1504 1264 73 50 &
1533 1264 131 50 super
1620 1264 145 50 omnia.
1722 1264 87 50 Et
1766 1264 116 50 ideo
1824 1264 102 50 dicit

447 1303 124 54 Auicen.
537 1303 102 54 viii.
605 1303 102 54 Meta.
673 1303 124 54 Necesse
764 1303 91 54 esse
820 1303 79 54 est
865 1303 136 54 plusquam
967 1303 158 54 perfectum:
1092 1303 91 54 quia
1148 1303 102 54 ipsum
1216 1303 91 54 esse
1273 1303 91 54 quod
1329 1303 79 54 est
1375 1303 79 54 ei,
1420 1303 79 54 non
1465 1303 79 54 est
1511 1303 68 54 ei
1545 1303 124 54 tantum:
1635 1303 91 54 immo
1692 1303 102 54 etiam
1760 1303 91 54 omne
1816 1303 91 54 esse
1861 1303 57 54 est

446 1347 171 46 exuberans
577 1347 79 46 ab
617 1347 105 46 eius
682 1347 118 46 esse,
761 1347 66 46 &
787 1347 92 46 est
840 1347 118 46 eius,
919 1347 66 46 &
945 1347 131 46 fliuit
1037 1347 79 46 ab
1076 1347 118 46 illo.
1155 1347 105 46 Quia
1221 1347 118 46 etiam
1300 1347 118 46 alias
1378 1347 210 46 perfectiones
1549 1347 131 46 habeat
1641 1347 158 46 secundum
1759 1347 118 46 alios
1825 1347 92 46 modos

451 1393 213 47 praecedentes,
627 1393 88 47 hoc
677 1393 88 47 est
727 1393 225 47 participatione
915 1393 200 47 perfectionis
1078 1393 113 47 huius
1153 1393 150 47 secundum
1265 1393 138 47 aliquem
1366 1393 125 47 gradum
1453 1393 225 47 attributionis,
1641 1393 75 47 vt
1679 1393 125 47 dictum
1766 1393 88 47 est
1804 1393 125 47 secundum

445 1440 210 63 Philosophum.
616 1440 105 63 Dens
681 1440 105 63 enim
747 1440 105 63 alii
812 1440 105 63 modi
878 1440 210 63 perfectionis
1049 1440 92 63 qui
1101 1440 171 63 creaturis
1232 1440 184 63 conueniunt
1377 1440 79 63 ab
1416 1440 105 63 isto
1482 1440 197 63 descendunt,
1639 1440 66 63 &
1666 1440 79 63 in
1705 1440 118 63 istum
1771 1440 158 63 reducuntur

445 1485 146 47 tanquam
551 1485 80 47 in
591 1485 106 47 illo
657 1485 106 47 quid
723 1485 119 47 habet
803 1485 80 47 in
842 1485 80 47 se
882 1485 159 47 rationes
1001 1485 133 47 omnium
1094 1485 146 47 modorum
1200 1485 212 47 perfectionis
1373 1485 106 47 sine
1439 1485 106 47 omni
1505 1485 146 47 ratione
1611 1485 239 47 imperfectionis
1797 1485 119 47 annexa.

466 1531 98 61 Ad
515 1531 163 61 primum
629 1531 98 61 in
678 1531 212 61 oppositum
841 1531 131 61 quod
922 1531 131 61 deus
1004 1531 114 61 non
1069 1531 114 61 est
1135 1531 228 61 perfectus,
1314 1531 131 61 quia
1396 1531 114 61 non
1461 1531 114 61 est
1526 1531 179 61 factus:
1657 1531 196 61 dicendum
1803 1531 131 61 quod
1869 1531 65 61 si

459 1589 181 58 spiciamus
598 1589 84 58 ad
640 1589 167 58 originem
766 1589 167 58 nominis,
891 1589 153 58 quantum
1003 1589 84 58 ad
1045 1589 167 58 rationem
1170 1589 237 58 impositionis,
1365 1589 112 58 deus
1435 1589 181 58 perfectus
1574 1589 112 58 dici
1644 1589 98 58 non
1700 1589 153 58 potest,
1811 1589 112 58 quia
1867 1589 56 58 vt

450 1635 143 51 pcedit
550 1635 214 51 argumentum,
721 1635 157 51 quantum
835 1635 86 51 ad
878 1635 157 51 nominis
992 1635 228 51 impositionem
1178 1635 186 51 perfectum
1320 1635 157 51 dicitur
1435 1635 157 51 aliquid
1549 1635 114 51 quia
1620 1635 86 51 ad
1663 1635 143 51 plenum
1763 1635 157 51 factum:
1863 1635 57 51 vt

438 1678 207 59 praepositio
604 1678 111 59 illa
673 1678 111 59 per,
742 1678 83 59 in
784 1678 221 59 compositione
963 1678 221 59 significatum
1143 1678 180 59 factionis
1281 1678 152 59 augeat,
1392 1678 97 59 nec
1447 1678 138 59 mutet,
1544 1678 97 59 nec
1599 1678 152 59 minuat.
1710 1678 83 59 Et
1751 1678 97 59 sic
1793 1678 124 59 quantum

433 1728 81 57 ad
474 1728 217 57 proprietatem
650 1728 163 57 nominis,
772 1728 108 57 quod
840 1728 136 57 factum
935 1728 95 57 non
989 1728 108 57 est,
1057 1728 176 57 perfectum
1193 1728 108 57 dici
1261 1728 95 57 non
1315 1728 149 57 potest.
1423 1728 95 57 Cum
1478 1728 108 57 enim
1545 1728 149 57 aliquid
1654 1728 149 57 ducitur
1762 1728 81 57 de
1789 1728 136 57 potentia

446 1768 76 47 in
484 1768 114 47 actum
560 1768 63 47 &
585 1768 76 47 de
623 1768 89 47 non
674 1768 101 47 esse
737 1768 76 47 in
775 1768 114 47 esse,
851 1768 101 47 tunc
914 1768 101 47 sit,
978 1768 63 47 &
1003 1768 177 47 quodammodo
1142 1768 126 47 factum
1230 1768 101 47 est,
1294 1768 101 47 quia
1357 1768 152 47 secundum
1471 1768 202 47 Philosophum.
1635 1768 89 47 vi.
1686 1768 164 47 physicae.
1812 1768 76 47 in
1837 1768 89 47 quoli

446 1814 94 61 bet
499 1814 121 61 fieri
580 1814 107 61 sunt
647 1814 161 61 infinita
768 1814 121 61 facta
848 1814 121 61 esse.
929 1814 94 61 Cum
982 1814 107 61 vero
1050 1814 94 61 per
1103 1814 107 61 tale
1170 1814 121 61 fieri
1251 1814 81 61 ad
1291 1814 134 61 plenum
1385 1814 67 61 &
1412 1814 161 61 vltimate
1533 1814 134 61 factum
1627 1814 94 61 est
1680 1814 81 61 in
1721 1814 121 61 actu,
1801 1814 81 61 ad
1841 1814 107 61 quod

435 1863 111 60 erat
504 1863 125 60 prius
587 1863 83 60 in
629 1863 180 60 potentia:
767 1863 111 60 tunc
837 1863 125 60 recte
920 1863 166 60 secundum
1044 1863 152 60 nominis
1155 1863 221 60 proprietatem
1335 1863 152 60 dicitur
1445 1863 194 60 perfectum,
1598 1863 125 60 quasi
1681 1863 125 60 plene
1764 1863 69 60 &
1778 1863 138 60 totalite

445 1903 137 48 factum
541 1903 164 48 potentia
664 1903 178 48 totaliter
801 1903 82 48 ad
842 1903 123 48 actum
924 1903 150 48 deducta
1033 1903 150 48 quantum
1142 1903 96 48 est
1197 1903 178 48 possibile
1333 1903 123 48 nihil
1415 1903 178 48 remanendo
1552 1903 82 48 de
1593 1903 96 48 non
1648 1903 123 48 esse.
1730 1903 82 48 Si
1771 1903 109 48 vero
1825 1903 96 48 inspi

434 1951 149 62 ciamus
539 1951 90 62 ad
583 1951 164 62 naturam
703 1951 105 62 rei
763 1951 105 62 cui
822 1951 105 62 hoc
882 1951 134 62 nomen
972 1951 194 62 perfectum
1121 1951 209 62 imponitur,
1285 1951 194 62 cuiusmodi
1434 1951 105 62 est
1494 1951 134 62 actus
1584 1951 194 62 completus
1733 1951 90 62 vt
1778 1951 134 62 actus
1852 1951 75 62 est

438 1997 185 49 absolute,
580 1997 99 49 non
637 1997 85 49 vt
679 1997 142 49 alicui
779 1997 185 49 potentiae
921 1997 185 49 admixtus,
1063 1997 99 49 qui
1120 1997 185 49 verissime
1262 1997 128 49 habet
1347 1997 114 49 esse
1418 1997 85 49 in
1461 1997 114 49 deo,
1532 1997 85 49 vt
1575 1997 171 49 probatum
1703 1997 99 49 est
1759 1997 142 49 supra:
1859 1997 71 49 &
1873 1997 57 49 vt

434 2047 124 57 dicit
517 2047 138 57 Diony.
614 2047 124 57 xiii.
696 2047 83 57 c.
738 2047 83 57 de
779 2047 97 57 di.
835 2047 97 57 no.
890 2047 179 57 perfectum
1028 2047 152 57 dicitur
1138 2047 124 57 velut
1221 2047 97 57 non
1276 2047 152 57 auctum:
1387 2047 97 57 sed
1442 2047 138 57 semper
1538 2047 193 57 perfectum:
1690 2047 69 57 &
1718 2047 83 57 vt
1746 2047 179 57 indiminutum

437 2091 91 50 vt
482 2091 136 50 omnia
573 2091 91 50 in
618 2091 151 50 seipso
724 2091 181 50 superans
860 2091 181 50 secundum
996 2091 151 50 eandem
1101 2091 227 50 superplenam
1283 2091 76 50 &
1313 2091 106 50 non
1373 2091 196 50 minoratam
1524 2091 211 50 largitatem
1690 2091 106 50 per
1751 2091 121 50 quam
1811 2091 121 50 perfe-

444 2135 98 57 cta
500 2135 112 57 sunt
570 2135 126 57 omnia
654 2135 182 57 perficit,
794 2135 70 57 &
822 2135 154 57 propria
934 2135 140 57 replet
1032 2135 224 57 perfectione:
1213 2135 98 57 Hoc
1269 2135 112 57 ergo
1339 2135 112 57 modo
1409 2135 112 57 deus
1479 2135 224 57 propriissime
1661 2135 154 57 dicitur
1773 2135 112 57 esse
1829 2135 98 57 perfe

444 2182 128 50 ctus:
529 2182 71 50 &
558 2182 171 50 creatura
686 2182 200 50 secundario
843 2182 71 50 &
872 2182 86 50 ex
914 2182 214 50 consequenti
1086 2182 100 50 per
1143 2182 157 50 quandam
1257 2182 257 50 attributionem:
1471 2182 143 50 nomine
1570 2182 171 50 perfecti
1699 2182 128 50 dicto
1770 2182 157 50 analogice

444 2228 87 46 de
487 2228 217 46 actualitate
660 2228 116 46 esse
733 2228 188 46 creatoris
877 2228 72 46 &
906 2228 202 46 creaturae,
1065 2228 87 46 vt
1109 2228 188 46 perfectum
1253 2228 87 46 in
1297 2228 217 46 communitate
1470 2228 188 46 analogica
1615 2228 174 46 acceptum
1745 2228 101 46 non
1803 2228 130 46 solum
1875 2228 58 46 no

437 2273 120 55 minet
517 2273 161 55 existens
637 2273 80 55 in
678 2273 107 55 actu
745 2273 161 55 completo
865 2273 107 55 quod
932 2273 134 55 fiendo
1026 2273 161 55 peruenit
1146 2273 80 55 ad
1186 2273 134 55 ipsum,
1280 2273 94 55 sed
1334 2273 120 55 etiam
1414 2273 120 55 illud
1494 2273 107 55 quod
1561 2273 80 55 ex
1601 2273 80 55 se
1641 2273 107 55 sine
1708 2273 120 55 fieri
1775 2273 161 55 praeceden-

436 2316 82 55 te
477 2316 123 55 habet
559 2316 123 55 actum
641 2316 191 55 completum,
791 2316 109 55 quia
860 2316 82 55 ex
901 2316 82 55 se
942 2316 96 55 est
996 2316 150 55 necesse
1106 2316 123 55 esse.
1188 2316 82 55 Et
1228 2316 96 55 hoc
1283 2316 178 55 contingit
1420 2316 150 55 saepius
1529 2316 82 55 in
1570 2316 191 55 creaturis,
1720 2316 109 55 quod
1788 2316 109 55 idem
1843 2316 82 55 quod

435 2368 124 61 prius
518 2368 96 61 est
573 2368 221 61 significatum
752 2368 96 61 sub
807 2368 138 61 nomine
904 2368 152 61 quantum
1014 2368 83 61 ad
1056 2368 152 61 nominis
1166 2368 207 61 famositatem
1331 2368 69 61 &
1359 2368 221 61 proprietatem
1538 2368 234 61 impositionis,
1731 2368 179 61 posterius
1855 2368 69 61 est

437 2414 104 55 sub
496 2414 119 55 ipso
571 2414 163 55 quantum
689 2414 89 55 ad
734 2414 193 55 veritatem
882 2414 119 55 rei.
956 2414 89 55 Et
1000 2414 207 55 econtrario
1163 2414 89 55 in
1208 2414 104 55 eis
1267 2414 119 55 quae
1341 2414 207 55 communiter
1504 2414 207 55 conveniunt
1667 2414 178 55 creatori
1801 2414 74 55 &
1815 2414 119 55 creatu

439 2458 95 47 rae
494 2458 176 47 contingit
629 2458 149 47 semper,
737 2458 108 47 quia
804 2458 135 47 nomina
899 2458 95 47 non
953 2458 108 47 sunt
1021 2458 68 47 a
1048 2458 122 47 nobis
1129 2458 122 47 primo
1210 2458 162 47 imposita
1331 2458 108 47 nisi
1399 2458 162 47 repertis
1521 2458 81 47 in
1561 2458 176 47 creaturis
1696 2458 149 47 tamquam
1804 2458 122 47 nobis
1872 2458 54 47 no

442 2503 97 47 tis
497 2503 138 47 magis.
594 2503 97 47 Non
649 2503 110 47 enim
718 2503 152 47 imponit
828 2503 124 47 nomen
911 2503 110 47 nisi
980 2503 97 47 qui
1035 2503 124 47 nouit
1118 2503 110 47 rem.
1187 2503 166 47 secundum
1311 2503 152 47 Commen.
1422 2503 138 47 super.
1518 2503 110 47 vii.
1587 2503 124 47 Meta.
1670 2503 221 47 Consequenter
1835 2503 97 47 autem

437 2547 156 50 cognito
550 2547 85 50 ex
593 2547 184 50 creaturis
734 2547 113 50 quia
805 2547 198 50 perfectius
961 2547 142 50 habent
1060 2547 113 50 esse
1131 2547 85 50 in
1174 2547 170 50 creatore
1301 2547 113 50 quae
1372 2547 198 50 cognouimus
1528 2547 85 50 in
1571 2547 198 50 creaturis,
1727 2547 142 50 nomina
1812 2547 113 50 imposi

439 2591 78 50 ta
478 2591 170 50 creaturis
609 2591 209 50 transferimus
779 2591 78 50 ad
818 2591 222 50 significandum
1001 2591 78 50 ea
1040 2591 104 50 quae
1105 2591 183 50 aduertimus
1249 2591 104 50 esse
1314 2591 78 50 in
1353 2591 170 50 creatore,
1484 2591 104 50 quod
1549 2591 91 50 non
1601 2591 131 50 potest
1693 2591 104 50 esse
1758 2591 104 50 sine
1824 2591 131 50 aliqua

429 2632 145 57 nominis
535 2632 238 57 improprietate,
733 2632 145 57 quantum
838 2632 93 57 est
891 2632 79 57 ex
931 2632 145 57 ratione
1037 2632 225 57 impositionis.
1222 2632 145 57 Propter
1327 2632 106 57 quod
1393 2632 119 57 dicit
1473 2632 106 57 Gre.
1539 2632 106 57 quod
1605 2632 198 57 balbutiendo
1763 2632 79 57 vt
1790 2632 132 57 possumus

432 2684 107 47 exc:
499 2684 94 47 lsa
552 2684 94 47 dei
606 2684 187 47 resonamus.
753 2684 107 47 Vnde
820 2684 107 47 idem
886 2684 147 47 loquens
994 2684 80 47 de
1034 2684 94 47 hoc
1087 2684 134 47 nomine
1181 2684 174 47 perfectum
1315 2684 120 47 circa
1395 2684 120 47 deum.
1475 2684 120 47 xxix.
1555 2684 120 47 Mora.
1636 2684 80 47 in
1676 2684 174 47 principio
1810 2684 107 47 ait.
1863 2684 67 47 Hoc

425 2727 107 56 ipso
491 2727 107 56 quod
558 2727 173 56 perfectum
691 2727 146 56 dicimus
797 2727 133 56 multum
891 2727 80 56 ab
931 2727 133 56 illius
1024 2727 173 56 veritatis
1157 2727 200 56 expressione
1317 2727 173 56 deuiamus,
1450 2727 107 56 quia
1516 2727 107 56 quod
1583 2727 133 56 factum
1676 2727 93 56 non
1729 2727 93 56 est
1783 2727 93 56 non
1823 2727 107 56 potest

429 2775 101 63 dici
493 2775 178 63 perfectum:
632 2775 63 63 &
658 2775 114 63 tamen
734 2775 203 63 infirmitatis
899 2775 140 63 nostrae
1000 2775 127 63 verbis
1089 2775 127 63 domins
1178 2775 216 63 condescendens
1355 2775 101 63 ait.
1419 2775 127 63 Estote
1508 2775 152 63 perfecti
1622 2775 114 63 sicut
1698 2775 63 63 &
1723 2775 114 63 pater
1799 2775 127 63 vester
1876 2775 63 63 coe
