2017 3190
128 252 97 88 illa
189 252 61 88 &
213 252 122 88 diuina
298 252 171 88 sublimitas
432 252 231 88 substantialiter
627 252 146 88 dicitur,
737 252 97 88 quod
798 252 110 88 autem
871 252 231 88 substantialiter
1066 252 134 88 dicitur
1163 252 73 88 in
1200 252 146 88 diuinis,
1310 252 134 88 dicitur
1407 252 146 88 secundum
1505 252 97 88 substi

126 326 107 64 tiam,
198 326 60 64 &
221 326 83 64 non
269 326 143 64 secundum
376 326 179 64 relationem,
519 326 95 64 ergo
578 326 83 64 &c.
626 326 60 64 ⁋
650 326 95 64 Quia
709 326 107 64 autem
781 326 83 64 non
828 326 131 64 dicatur
924 326 143 64 secundum
1031 326 179 64 substantiam
1174 326 83 64 sed
1221 326 143 64 secundum
1328 326 179 64 relationem,
1471 326 143 64 arguitur
1566 326 36 64 e

126 367 108 71 illo
194 367 108 71 quod
262 367 122 71 dicit
343 367 162 71 Boethius
465 367 81 71 in
505 367 108 71 fine
573 367 81 71 de
613 367 108 71 Tri.
681 367 149 71 Necesse
789 367 95 71 est
843 367 122 71 illud
925 367 176 71 vocabulum
1060 367 108 71 quod
1128 367 81 71 ex
1168 367 162 71 personis
1290 367 162 71 originem
1412 367 135 71 capit,
1506 367 81 71 ad
1533 367 68 71 sul

118 411 155 58 stantiam
234 411 90 58 non
286 411 181 58 pertinere.
428 411 90 58 Sed
479 411 142 58 propter
583 411 103 58 quod
647 411 194 58 vnumquodque
802 411 116 58 tale,
879 411 65 58 &
905 411 116 58 ipsum
983 411 129 58 magis,
1073 411 155 58 secundum
1189 411 194 58 Philosophum
1344 411 77 58 in
1383 411 155 58 topicis.
1499 411 103 58 ergo
1550 411 52 58 &c

124 463 79 58 ⁋
156 463 191 58 Dicendum
299 463 95 58 ad
347 463 111 58 hoc
410 463 159 58 nondum
521 463 238 58 descendendo
712 463 95 58 ad
760 463 254 58 significatum
966 463 207 58 personae,
1125 463 127 58 quod
1205 463 191 58 secundum
1348 463 111 58 duo
1395 463 207 58 praedicamen

129 518 75 49 ta
166 518 100 49 quae
228 518 100 49 sunt
291 518 75 49 in
328 518 150 49 diuinis,
440 518 187 49 substantia.
590 518 150 49 scilicet
703 518 62 49 &
727 518 150 49 relatio.
840 518 150 49 secundum
952 518 112 49 modum
1027 518 112 49 supra
1102 518 200 49 determinatu,
1264 518 87 49 duo
1314 518 100 49 modi
1376 518 137 49 essendi
1476 518 62 49 &
1489 518 112 49 praedi-

129 560 102 67 candi
197 560 193 67 distinguuntur
355 560 68 67 in
390 560 136 67 diuinis:
492 560 79 67 ita
537 560 91 67 quod
594 560 136 67 quicquid
696 560 170 67 praedicatur
832 560 68 67 de
866 560 91 67 deo,
923 560 57 67 &
945 560 79 67 deo
991 560 181 67 attribuitur,
1138 560 68 67 ad
1172 560 91 67 vnum
1229 560 125 67 illorum
1319 560 181 67 retorquetur:
1467 560 79 67 aut
1501 560 102 67 scilice

132 610 99 55 quod
193 610 74 55 de
230 610 86 55 deo
280 610 136 55 dicitur
379 610 99 55 siue
440 610 123 55 habeat
527 610 99 55 esse
589 610 74 55 in
626 610 99 55 ipso
687 610 148 55 secundum
798 610 185 55 substantiam
947 610 62 55 &
971 610 136 55 ratione
1070 610 198 55 substantiae:
1231 610 86 55 aut
1280 610 148 55 secundum
1391 610 173 55 relationem
1527 610 62 55 &
1539 610 62 55 ra-

116 654 116 55 tione
194 654 194 55 relationis.
349 654 103 55 Quod
413 654 116 55 verum
491 654 103 55 est,
555 654 103 55 quia
620 654 103 55 omne
685 654 116 55 nomen
762 654 78 55 in
801 654 142 55 diuinis
904 654 181 55 formaliter
1046 654 181 55 significat
1189 654 90 55 aut
1240 654 194 55 substantiam
1395 654 90 55 aut
1434 654 168 55 relationem.

113 688 89 67 aut
164 688 127 67 tracta
253 688 89 67 est
304 688 89 67 sua
355 688 153 67 formalis
470 688 204 67 significandi
635 688 115 67 ratio
711 688 64 67 a
737 688 178 67 substantia
877 688 89 67 aut
928 688 64 67 a
953 688 178 67 relatione,
1093 688 102 67 quae
1157 688 153 67 realiter
1271 688 102 67 sunt
1335 688 76 67 in
1373 688 102 67 deo,
1437 688 115 67 etiam
1513 688 76 67 si
1538 688 64 67 non

120 736 174 59 significat
256 736 149 59 secundum
369 736 87 59 rem
418 736 137 59 alterum
518 736 124 59 horum,
605 736 87 59 sed
655 736 187 59 intentionem
804 736 137 59 aliquam
904 736 149 59 rationis
1016 736 112 59 circa
1091 736 75 59 id
1128 736 100 59 quid
1190 736 212 59 principaliter
1364 736 174 59 significat
1489 736 112 59 substam

123 784 97 58 tiam
183 784 85 58 aut
232 784 170 58 relationem
365 784 73 58 in
402 784 145 58 diuinis.
511 784 85 58 Est
559 784 121 58 igitur
644 784 206 58 intelligendum
813 784 97 58 quod
874 784 109 58 licet
947 784 73 58 in
983 784 133 58 diuinis
1080 784 109 58 nomen
1153 784 133 58 aliquod
1250 784 121 58 potest
1334 784 158 58 aliquando
1443 784 158 58 significare

109 827 120 57 puram
189 827 173 57 essentiam
322 827 107 57 siue
388 827 213 57 substantiam,
562 827 80 57 vt
602 827 93 57 hoc
655 827 120 57 nomen
735 827 147 57 deitas:
842 827 173 57 aliquando
975 827 107 57 vero
1041 827 120 57 puram
1121 827 200 57 relationem,
1281 827 80 57 vt
1321 827 93 57 hoc
1374 827 120 57 nomen
1441 827 160 57 paternitas

117 879 162 50 aliquando
241 879 112 50 autem
316 879 150 50 vtrumque
429 879 125 50 simul,
516 879 75 50 vt
553 879 87 50 hoc
603 879 112 50 nomen
678 879 125 50 pater,
766 879 112 50 sicut
841 879 137 50 patebit
940 879 162 50 inferius:
1065 879 100 50 Dici
1128 879 112 50 tamen
1203 879 87 50 aut
1252 879 100 50 esse
1315 879 75 50 in
1352 879 137 50 diuinis
1452 879 87 50 non
1490 879 112 50 dicitur

95 917 106 62 nisi
161 917 159 62 secundum
281 917 120 62 illud
360 917 66 62 a
387 917 93 62 quo
440 917 186 62 formaliter
586 917 146 62 nominis
692 917 213 62 significatio
865 917 159 62 trahitur
985 917 93 62 aut
1038 917 173 62 imponitur
1171 917 80 62 ad
1211 917 239 62 significandum:
1410 917 80 62 vt
1450 917 120 62 illud
1516 917 93 62 nomen

109 964 116 59 quod
181 964 203 59 formaliter
341 964 87 59 in
384 964 102 59 sua
442 964 218 59 impositione
616 964 131 59 capit
703 964 174 59 originem
834 964 73 59 a
863 964 218 59 substantia,
1037 964 160 59 dicatur
1153 964 73 59 &
1182 964 102 59 sit
1240 964 87 59 in
1283 964 102 59 deo
1341 964 174 59 secundum
1472 964 160 59 substan

110 1014 112 54 tiam:
184 1014 99 54 quod
246 1014 99 54 vero
309 1014 62 54 a
333 1014 174 54 relatione.
470 1014 149 54 secundum
582 1014 187 54 relationem:
731 1014 112 54 etiam
806 1014 75 54 si
843 1014 149 54 reliquum
955 1014 199 54 significetur
1117 1014 112 54 quasi
1192 1014 199 54 materialiter
1353 1014 75 54 in
1391 1014 137 54 nomine.
1490 1014 99 54 Vnde
1540 1014 62 54 hoc

113 1051 117 62 nomen
191 1051 117 62 pater
270 1051 104 62 quia
335 1051 183 62 formaliter
478 1051 170 62 imponitur
609 1051 65 62 a
635 1051 170 62 relatione
766 1051 183 62 personali:
909 1051 157 62 quamquam
1027 1051 78 62 in
1066 1051 91 62 suo
1118 1051 196 62 significato
1275 1051 157 62 includit
1392 1051 157 62 communem
1497 1051 104 62 essen-

117 1099 104 53 tiam,
187 1099 70 53 vt
222 1099 93 53 ifra
280 1099 162 53 videbitur:
407 1099 70 53 in
442 1099 81 53 deo
489 1099 128 53 dicitur
581 1099 58 53 &
605 1099 104 53 habet
674 1099 93 53 esse
732 1099 139 53 secundum
837 1099 174 53 relationem.
976 1099 93 53 Nunc
1034 1099 104 53 autem
1103 1099 81 53 ita
1150 1099 93 53 est,
1208 1099 93 53 quod
1266 1099 139 53 quicquid
1370 1099 186 53 significetur
1521 1099 81 53 hoc
1556 1099 46 53 no

102 1152 108 41 mine
170 1152 162 41 persona,
292 1152 122 41 tamen
373 1152 95 41 sua
427 1152 162 41 formalis
549 1152 122 41 ratio
630 1152 81 41 ad
670 1152 108 41 quam
738 1152 176 41 imponitur
873 1152 81 41 ad
914 1152 243 41 significandum,
1117 1152 95 41 aut
1171 1152 95 41 est
1225 1152 108 41 ipsa
1292 1152 162 41 relatio,
1414 1152 95 41 aut
1468 1152 135 41 tracta
1549 1152 68 41 est

110 1196 64 58 a
136 1196 179 58 relatione.
276 1196 77 58 Si
314 1196 77 58 ei
353 1196 89 58 non
404 1196 115 58 esset
480 1196 77 58 in
518 1196 89 58 deo
569 1196 140 58 relatio
671 1196 204 58 distinguens,
837 1196 115 58 nullo
914 1196 102 58 modo
977 1196 166 58 poneretur
1105 1196 77 58 in
1143 1196 89 58 deo
1194 1196 128 58 aliqua
1283 1196 140 58 illarum
1385 1196 179 58 personarum
1526 1196 102 58 quae

104 1240 107 60 modo
171 1240 201 60 constituunt
331 1240 201 60 ineffabilem
492 1240 201 60 trinitatem,
652 1240 80 60 vt
692 1240 120 60 infra
773 1240 161 60 patebit.
893 1240 107 60 Quom
960 1240 120 60 autem
1040 1240 187 60 significat
1187 1240 187 60 relationem
1334 1240 94 60 aut
1388 1240 134 60 tracta
1482 1240 94 60 est
1535 1240 67 60 a
1548 1240 54 60 re

116 1281 155 53 latione,
232 1281 116 53 patet
310 1281 77 53 ex
348 1281 181 53 quaestione
490 1281 206 53 praecedenti:
658 1281 90 53 vbi
709 1281 90 53 est
761 1281 168 53 expositum
890 1281 103 53 quom
954 1281 116 53 ratio
1032 1281 232 53 singularitatis
1225 1281 168 53 diuinarum
1354 1281 181 53 personarum
1496 1281 77 53 in
1535 1281 90 53 qua

102 1329 190 51 consistit
249 1329 132 51 ratio
337 1329 220 51 personalis,
512 1329 146 51 tracta
615 1329 102 51 est
673 1329 132 51 primo
761 1329 73 51 &
790 1329 176 51 positiue
922 1329 73 51 a
951 1329 205 51 relatione.
1112 1329 102 51 Sed
1171 1329 102 51 hoc
1229 1329 132 51 magis
1317 1329 190 51 apparebit
1463 1329 88 51 in
1493 1329 102 51 quae-

119 1374 121 48 stione
203 1374 157 48 sequenti.
324 1374 60 48 ⁋
348 1374 133 48 Idcirco
445 1374 145 48 absolute
554 1374 145 48 dicendum
663 1374 97 48 est:
723 1374 97 48 quod
783 1374 133 48 persona
880 1374 72 48 in
916 1374 133 48 diuinis
1013 1374 133 48 dicitur
1110 1374 145 48 secundum
1218 1374 181 48 relationem,
1363 1374 60 48 &
1388 1374 145 48 secundum
1484 1374 109 48 relatio

117 1418 85 64 nem
165 1418 109 64 habet
238 1418 97 64 esse
298 1418 72 64 in
334 1418 97 64 deo,
395 1418 85 64 non
443 1418 109 64 autem
515 1418 145 64 secundum
624 1418 193 64 substantiam.
781 1418 85 64 Tne
829 1418 133 64 propter
926 1418 169 64 solutionem
1059 1418 193 64 argumentorum
1216 1418 205 64 intelligendum
1385 1418 85 64 est
1433 1418 97 64 quod
1493 1418 133 64 aliquid

104 1472 91 57 est
156 1472 91 57 vel
208 1472 143 57 dicitur
313 1472 104 57 esse
378 1472 156 57 secundum
495 1472 182 57 relationem
638 1472 196 57 dupliciter:
795 1472 91 57 vel
847 1472 78 57 in
886 1472 143 57 seipso:
990 1472 91 57 vel
1043 1472 78 57 in
1082 1472 156 57 contento
1199 1472 91 57 sub
1251 1472 117 57 ipso.
1329 1472 117 57 Primo
1408 1472 104 57 modo
1460 1472 130 57 dicuntur

104 1511 145 48 relatiue
213 1511 97 48 illa
273 1511 97 48 quae
334 1511 181 48 determinate
479 1511 85 48 aut
527 1511 193 48 determinatam
684 1511 169 48 relationem
817 1511 193 48 significant,
974 1511 73 48 vt
1011 1511 97 48 sunt
1071 1511 109 48 pater
1144 1511 121 48 filius
1228 1511 145 48 spiritus
1337 1511 133 48 sctuns,
1434 1511 97 48 quia
1482 1511 109 48 dicitur

114 1558 106 47 pater
185 1558 106 47 filii
255 1558 117 47 pater,
337 1558 59 47 &
361 1558 117 47 filius
443 1558 117 47 patris
525 1558 129 47 filius,
619 1558 94 47 quae
678 1558 141 47 dicuntur
783 1558 141 47 secundum
889 1558 164 47 relationem
1018 1558 141 47 secundum
1124 1558 94 47 suum
1182 1558 106 47 nomen
1253 1558 59 47 &
1276 1558 141 47 secundum
1382 1558 141 47 formalem
1476 1558 117 47 rationem

112 1603 124 47 nominis
202 1603 56 47 a
225 1603 79 47 qua
270 1603 169 47 imponuntur.
405 1603 124 47 dicente
496 1603 158 47 Augustinus
620 1603 68 47 v.
654 1603 68 47 de
688 1603 90 47 Tri.
744 1603 90 47 cap.
801 1603 68 47 v.
834 1603 79 47 Non
880 1603 136 47 secundum
981 1603 169 47 substantiam
1117 1603 90 47 haec
1173 1603 147 47 dicuntur,
1286 1603 90 47 quia
1343 1603 79 47 non
1388 1603 124 47 quisque
1478 1603 102 47 eorum
1546 1603 68 47 ad

97 1646 159 50 seipsum,
216 1646 93 50 sed
269 1646 172 50 adinuicem
402 1646 119 50 atque
482 1646 80 50 ad
521 1646 186 50 alterutrum
667 1646 172 50 dicuntur.
800 1646 146 50 Secundo
906 1646 106 50 modo
972 1646 159 50 relatiue
1092 1646 159 50 dicuntur
1211 1646 106 50 illa
1278 1646 106 50 quae
1344 1646 226 50 indeterminate
1530 1646 93 50 aut

109 1689 230 53 indeterminatam
301 1689 179 53 relationem
441 1689 204 53 significant:
607 1689 77 53 vt
645 1689 89 53 hoc
696 1689 115 53 nomen
773 1689 153 53 persona,
887 1689 89 53 hoc
938 1689 115 53 nomen
1015 1689 166 53 trinitas,
1143 1689 64 53 &
1168 1689 179 53 huiusmodi,
1308 1689 102 53 quae
1372 1689 89 53 non
1423 1689 153 53 dicuntur
1538 1689 77 53 ad

99 1737 129 60 aliquid
193 1737 141 60 secundum
299 1737 94 60 suum
357 1737 117 60 nomen,
440 1737 94 60 quia
498 1737 82 60 non
545 1737 117 60 habent
627 1737 188 60 correlatiuum
780 1737 94 60 sibi
839 1737 164 60 respondens
968 1737 106 60 extra
1038 1737 82 60 se:
1085 1737 129 60 quamuis
1179 1737 141 60 secundum
1285 1737 141 60 formalem
1390 1737 141 60 rationem
1484 1737 106 60 nominis

97 1781 196 47 relationem
251 1781 224 47 significant:
432 1781 98 47 aut
488 1781 154 47 tractam
600 1781 70 47 a
628 1781 182 47 relatione
768 1781 140 47 habent
865 1781 112 47 eam:
935 1781 98 47 sed
991 1781 168 47 dicuntur
1117 1781 84 47 ad
1159 1781 126 47 aliud
1243 1781 84 47 in
1285 1781 112 47 suis
1354 1781 196 47 contentis,
1508 1781 112 47 quae

95 1823 131 49 sunt
176 1823 164 49 nomina
291 1823 245 49 importantia
487 1823 229 49 relationes
651 1823 278 49 indeterminatas.

105 1857 71 74 ⁋
133 1857 99 74 Per
190 1857 113 74 haec
260 1857 127 74 patet
345 1857 85 74 ad
388 1857 141 74 primum
487 1857 212 74 argumentum:
656 1857 113 74 quod
727 1857 170 74 secundum
855 1857 198 74 Augustinus
1010 1857 156 74 persona
1123 1857 170 74 secundum
1251 1857 212 74 substantiam
1420 1857 170 74 dicitur.
1533 1857 57 74 Di

107 1927 122 52 cendum
192 1927 98 52 quod
253 1927 110 52 verum
326 1927 85 52 est
375 1927 85 52 quo
424 1927 73 52 ad
461 1927 85 52 hoc
509 1927 98 52 quod
570 1927 146 52 secundum
680 1927 110 52 nomen
753 1927 98 52 suum
814 1927 85 52 non
863 1927 134 52 dicitur
961 1927 73 52 ad
997 1927 122 52 aliud:
1083 1927 85 52 non
1132 1927 98 52 quod
1193 1927 73 52 de
1229 1927 134 52 formali
1327 1927 134 52 ratione
1424 1927 61 52 a
1437 1927 146 52 substantia

104 1969 180 59 imponitur,
246 1969 103 59 quia
310 1969 116 59 solum
387 1969 206 59 materialiter
554 1969 154 59 includit
670 1969 77 59 in
709 1969 90 59 suo
760 1969 193 59 significato
914 1969 206 59 substantiam,
1081 1969 90 59 sed
1133 1969 90 59 non
1184 1969 129 59 trahit
1274 1969 103 59 suum
1339 1969 77 59 ab
1377 1969 90 59 ea.
1429 1969 77 59 Et
1467 1969 90 59 hoc
1506 1969 77 59 bene

105 2012 128 55 exponit
199 2012 117 55 litera
280 2012 163 55 Augustinus
408 2012 93 55 vii.
467 2012 70 55 de
502 2012 93 55 Tri,
560 2012 93 55 quae
618 2012 105 55 dicit
688 2012 93 55 sic.
747 2012 82 55 Sic
793 2012 93 55 esse
852 2012 70 55 ad
886 2012 70 55 se
921 2012 128 55 dicitur
1015 2012 128 55 persona
1108 2012 152 55 relatiue:
1225 2012 105 55 sicut
1295 2012 128 55 dicimus
1388 2012 93 55 tres
1446 2012 140 55 personas
1539 2012 47 55 pa

111 2058 96 50 trem
171 2058 60 50 &
195 2058 120 50 filium
278 2058 60 50 &
302 2058 108 50 spsum
374 2058 155 50 sctuntum:
493 2058 179 50 quemadmodum
637 2058 143 50 dicuntur
744 2058 120 50 aliqui
828 2058 96 50 tres
888 2058 108 50 amici
960 2058 84 50 aut
1007 2058 96 50 tres
1067 2058 143 50 proximi.
1175 2058 96 50 quia
1234 2058 96 50 haec
1294 2058 131 50 nominia
1390 2058 155 50 relatiuam
1497 2058 84 50 signi

104 2102 169 61 ficationem
237 2102 133 61 habent.
334 2102 97 61 Quid
394 2102 109 61 ergo:
467 2102 85 61 num
516 2102 121 61 placet
600 2102 133 61 dicamus
697 2102 121 61 patrem
782 2102 97 61 esse
842 2102 145 61 personam
951 2102 109 61 filii
1024 2102 61 61 &
1048 2102 145 61 spiritus
1157 2102 109 61 scti:
1230 2102 85 61 aut
1278 2102 121 61 filium
1363 2102 97 61 esse
1424 2102 145 61 personam
1520 2102 73 61 pris

102 2146 57 60 &
124 2146 138 60 spiritus
228 2146 103 60 scti:
297 2146 80 60 aut
342 2146 138 60 spcnitum
446 2146 126 60 sctuntm
537 2146 92 60 esse
595 2146 138 60 personam
698 2146 92 60 pris
755 2146 57 60 &
778 2146 115 60 filii:
858 2146 80 60 Sed
904 2146 103 60 neque
973 2146 69 60 in
1008 2146 80 60 hac
1053 2146 149 60 trinitate
1168 2146 80 60 cum
1214 2146 126 60 dicimus
1306 2146 138 60 personam
1409 2146 126 60 patris,
1501 2146 103 60 aliud

104 2198 138 52 dicimus
205 2198 101 52 quam
268 2198 189 52 substantiam
419 2198 138 52 patris.
519 2198 101 52 Quod
582 2198 113 52 verum
658 2198 88 52 est
708 2198 138 52 quantum
808 2198 88 52 est
859 2198 75 52 ex
897 2198 189 52 proprietate
1047 2198 138 52 nominis
1148 2198 75 52 in
1186 2198 88 52 se,
1236 2198 101 52 quia
1299 2198 113 52 nomen
1374 2198 101 52 suum
1437 2198 88 52 non
1475 2198 113 52 dicitur

103 2243 77 57 ad
142 2243 128 57 aliud:
231 2243 191 57 quemadmodum
384 2243 102 57 tres
448 2243 128 57 aliqui
537 2243 153 57 dicuntur
652 2243 140 57 inuicem
754 2243 128 57 vicini
844 2243 89 57 aut
895 2243 166 57 propinqu.
1022 2243 77 57 Ex
1061 2243 115 57 parte
1137 2243 115 57 tamen
1214 2243 89 57 rei
1265 2243 140 57 propter
1367 2243 140 57 formale
1456 2243 128 57 signifi-

102 2286 98 70 catum
167 2286 130 70 secundum
265 2286 152 70 relationem
384 2286 130 70 dicitur.
482 2286 119 70 propter
569 2286 87 70 quid
623 2286 119 70 subdit,
710 2286 109 70 dicens
786 2286 87 70 quod
841 2286 119 70 persona
927 2286 87 70 pris
982 2286 76 70 non
1025 2286 98 70 aliud
1090 2286 87 70 quam
1145 2286 87 70 ipse
1199 2286 76 70 pr.
1242 2286 54 70 ⁋
1264 2286 76 70 Per
1308 2286 87 70 idem
1362 2286 98 70 patet
1427 2286 65 70 ad
1460 2286 141 70 secundum.

356 2335 98 69 Irca
417 2335 135 69 quintum
516 2335 148 69 arguitur
626 2335 98 69 quod
688 2335 135 69 persona
786 2335 86 69 non
836 2335 172 69 significat
971 2335 135 69 diuinam
1069 2335 185 69 substantiam
1217 2335 111 69 neque
1291 2335 172 69 relationem
1426 2335 98 69 quae
1476 2335 98 69 cadunt

373 2400 68 56 in
407 2400 171 56 significato
543 2400 91 56 pris
600 2400 57 56 &
623 2400 102 56 filii
691 2400 57 56 &
714 2400 137 56 spiritus
816 2400 102 56 scti.
885 2400 91 56 Quia
942 2400 80 56 non
987 2400 182 56 substantiam,
1135 2400 91 56 sic.
1192 2400 137 56 quicquid
1294 2400 159 56 significat
1420 2400 102 56 nomen
1488 2400 68 56 in
1522 2400 80 56 sin

372 2443 136 63 gulari
468 2443 218 63 plurificatur
645 2443 82 63 in
686 2443 95 63 suo
740 2443 163 63 plurali,
863 2443 109 63 siue
931 2443 123 63 quasi
1013 2443 218 63 materialiter
1190 2443 109 63 siue
1258 2443 123 63 quasi
1339 2443 191 63 formaliter
1476 2443 95 63 cadat

377 2490 71 58 in
413 2490 225 58 significatione,
602 2490 71 58 vt
637 2490 106 58 patet
708 2490 83 58 cum
756 2490 130 58 dicitur
850 2490 95 58 homo
910 2490 59 58 &
933 2490 142 58 homines.
1040 2490 95 58 Vnde
1099 2490 71 58 si
1134 2490 118 58 plures
1217 2490 95 58 sint
1276 2490 142 58 homines:
1383 2490 106 58 plura
1454 2490 95 58 sunt
1501 2490 83 58 anima

374 2534 90 46 lia
425 2534 64 46 &
451 2534 115 46 plura
528 2534 192 46 rationalia.
682 2534 77 46 Si
721 2534 103 46 ergo
785 2534 141 46 persona
887 2534 180 46 significat
1028 2534 167 46 essentiam
1157 2534 167 46 deitatis,
1285 2534 90 46 cum
1336 2534 128 46 habeat
1426 2534 103 46 esse
1477 2534 103 46 plura-

363 2576 122 62 liter
445 2576 82 62 in
486 2576 163 62 diuinis,
608 2576 136 62 plures
703 2576 136 62 essent
799 2576 163 62 deitates
921 2576 82 62 in
962 2576 163 62 diuinis.
1084 2576 190 62 consequens
1234 2576 95 62 est
1288 2576 150 62 falsum.
1397 2576 109 62 ergo
1465 2576 95 62 &c.
1519 2576 68 62 ⁋
1547 2576 82 62 Si

100 2634 135 50 militer
198 2634 86 50 nec
247 2634 110 50 solam
321 2634 196 50 substantiam,
480 2634 98 50 quia
541 2634 98 50 tunc
603 2634 86 50 non
652 2634 110 50 esset
725 2634 135 50 persona
824 2634 74 50 ad
860 2634 147 50 aliquid,
971 2634 110 50 sicut
1044 2634 110 50 neque
1118 2634 184 50 substantia.
1265 2634 172 50 significat
1400 2634 98 50 ergo
1449 2634 123 50 vtrumque

95 2680 91 47 aut
147 2680 156 47 neutrum,
264 2680 91 47 non
316 2680 169 47 vtrumque,
446 2680 104 47 quia
511 2680 117 47 nihil
589 2680 143 47 vniuoce
693 2680 182 47 significat
836 2680 78 47 ea
875 2680 104 47 quae
940 2680 104 47 sunt
1005 2680 182 47 diuersorum
1148 2680 273 47 praedicamentorum:
1382 2680 169 47 cuiusmodi
1499 2680 78 47 sunt

100 2711 103 63 sina
164 2711 64 63 &
190 2711 154 63 relatio.
305 2711 115 63 esset
382 2711 103 63 ergo
447 2711 141 63 persona
549 2711 115 63 nomen
626 2711 167 63 aequocum.
754 2711 180 63 consequens
895 2711 90 63 est
947 2711 141 63 falsum.
1049 2711 103 63 ergo
1114 2711 90 63 &c.
1165 2711 64 63 ⁋
1191 2711 103 63 Quia
1255 2711 90 63 non
1306 2711 180 63 significat
1447 2711 180 63 relationem

106 2759 155 69 arguitur
222 2759 103 69 sic,
286 2759 116 69 nomen
364 2759 142 69 proprie
467 2759 167 69 assumptum
595 2759 77 69 ad
634 2759 129 69 diuina
724 2759 64 69 a
750 2759 180 69 creaturis,
892 2759 103 69 idem
956 2759 103 69 quod
1020 2759 180 69 significat
1162 2759 77 69 in
1201 2759 167 69 creaturis
1329 2759 206 69 significatur
1497 2759 77 69 in
1523 2759 64 69 deo
