2017 3269
415 275 119 71 licet
494 275 92 71 sub
547 275 145 71 ratione
652 275 211 71 eminentiori,
824 275 79 71 vt
863 275 119 71 patet
942 275 79 71 in
982 275 171 71 nominibus
1114 275 211 71 attributorum
1285 275 158 71 secundum
1404 275 119 71 supra
1483 275 198 71 determinata
1641 275 145 71 persona
1747 275 92 71 (vt
1800 275 92 71 iam
1839 275 53 71 de

428 336 180 56 terminatum
569 336 103 56 est)
634 336 141 56 proprie
736 336 141 56 sumitur
839 336 77 56 ad
878 336 128 56 diuina
967 336 64 56 a
993 336 180 56 creaturis:
1134 336 64 56 &
1160 336 77 56 in
1199 336 167 56 creaturis
1327 336 167 56 nequaquam
1455 336 180 56 significat
1597 336 193 56 relationem,
1751 336 103 56 quod
1802 336 90 56 patet

384 379 63 64 A
410 379 189 64 discurrendo
560 379 88 64 per
611 379 151 64 singulas
724 379 151 64 personas
837 379 201 64 creaturarum.
1000 379 101 64 ergo
1063 379 88 64 &c.
1114 379 63 64 ⁋
1139 379 101 64 Quia
1202 379 88 64 non
1252 379 176 64 significet
1390 379 113 64 solam
1466 379 176 64 relationem
1604 379 163 64 arguitur,
1730 379 138 64 quoniam
1818 379 75 64 tuno

413 430 104 53 idem
478 430 117 53 esset
557 430 144 53 dicere,
661 430 117 53 pater
739 430 91 53 est
791 430 157 53 persona:
909 430 104 53 quod
974 430 117 53 pater
1053 430 91 53 est
1105 430 183 53 paternitas
1248 430 91 53 aut
1301 430 157 53 filiatio
1418 430 91 53 aut
1470 430 170 53 spiratio:
1601 430 104 53 quia
1666 430 91 53 non
1718 430 104 53 sunt
1784 430 117 53 aliae
1849 430 52 53 re

420 471 149 61 lationes
532 471 174 61 personales
669 471 75 61 in
706 471 100 61 deo.
768 471 174 61 consequens
905 471 87 61 est
955 471 137 61 falsum,
1054 471 100 61 quia
1117 471 75 61 ex
1154 471 100 61 sola
1216 471 187 61 paternitate
1366 471 87 61 non
1415 471 87 61 est
1465 471 100 61 pite
1528 471 149 61 persona,
1640 471 75 61 vt
1677 471 149 61 inferius
1777 471 124 61 patebit.

407 516 59 51 t
431 516 94 51 ergo
490 516 83 51 &c.
537 516 59 51 ⁋
560 516 118 51 Tertio
643 516 118 51 contra
725 516 153 51 vtrumque,
843 516 94 51 quod
902 516 83 51 non
949 516 165 51 significat
1079 516 83 51 rem
1126 516 83 51 sed
1173 516 189 51 intentionem,
1327 516 141 51 arguitur
1433 516 94 51 sic.
1492 516 94 51 idem
1550 516 165 51 significat
1680 516 130 51 persona
1774 516 71 51 in
1798 516 106 51 rationa

430 561 102 53 libus
498 561 91 53 siue
554 561 238 53 intellectualibus,
758 561 91 53 quod
815 561 159 53 indiuiduum
940 561 68 53 in
974 561 79 53 non
1019 561 193 53 rationalibus,
1178 561 91 53 siue
1234 561 79 53 non
1280 561 238 53 intellectualibus,
1484 561 136 53 secundum
1586 561 136 53 Boethium
1688 561 136 53 dicentem
1790 561 91 53 quod
1846 561 79 53 per

423 615 100 50 sona
486 615 88 50 est
536 615 175 50 indiuiduum
674 615 175 50 rationale.
811 615 88 50 sed
861 615 113 50 nomen
936 615 175 50 indiuiduum
1074 615 175 50 significat
1211 615 188 50 intentionem
1361 615 63 50 &
1386 615 88 50 est
1436 615 113 50 nomen
1511 615 200 50 intentionis.
1674 615 100 50 ergo
1736 615 88 50 &c.
1786 615 63 50 ⁋
1811 615 75 50 In
1836 615 63 50 con

433 656 121 55 trarium
521 656 143 55 arguitur,
631 656 88 55 quod
687 656 121 55 persona
775 656 77 55 non
819 656 154 55 significat
940 656 99 55 solam
1006 656 176 55 intentionem,
1149 656 99 55 Primo
1216 656 88 55 sic,
1271 656 121 55 quoniam
1359 656 66 55 si
1392 656 121 55 persona
1480 656 176 55 significaret
1623 656 165 55 intentionem
1756 656 77 55 non
1800 656 88 55 rem:
1844 656 55 55 cum

433 702 63 55 i
459 702 150 55 personis
571 702 163 55 consistat
697 702 150 55 gloriosa
809 702 163 55 trinitas,
935 702 100 55 tunc
997 702 188 55 consisteret
1147 702 163 55 solummodo
1273 702 75 55 in
1310 702 213 55 intentionibus
1486 702 63 55 &
1511 702 88 55 non
1561 702 75 55 in
1598 702 125 55 rebus:
1686 702 100 55 quod
1749 702 125 55 falsum
1824 702 75 55 est.

427 747 136 58 dicente
526 747 161 58 Augustino
649 747 111 58 libid
723 747 87 58 is.
773 747 74 58 de
810 747 148 58 doctrina
921 747 185 58 christiana.
1069 747 87 58 Res
1119 747 124 58 quibus
1205 747 148 58 fruendum
1317 747 87 58 est
1366 747 99 58 sunt
1428 747 87 58 ptr
1477 747 62 58 &
1502 747 124 58 filius
1589 747 62 58 &
1613 747 148 58 spiritus
1725 747 148 58 sanctus.
1823 747 87 58 eadem

396 789 56 64 a
418 789 101 64 tamen
486 789 135 64 trinitas
587 789 101 64 summa
654 789 124 64 quaedam
744 789 79 64 res
789 789 90 64 est.
846 789 90 64 ergo
902 789 79 64 &c.
947 789 56 64 ⁋
969 789 124 64 Secundo
1059 789 90 64 sic.
1116 789 67 64 id
1149 789 90 64 quid
1206 789 180 64 significatur
1352 789 112 64 nomine
1431 789 135 64 personae
1532 789 79 64 est
1577 789 157 64 adorandum,
1701 789 90 64 quia
1757 789 135 64 trinitas
1847 789 56 64 est

407 837 76 57 in
445 837 164 57 adoranda.
572 837 114 57 nihil
648 837 114 57 autem
724 837 89 57 est
774 837 164 57 adorandum
901 837 101 57 nisi
964 837 89 57 res
1015 837 139 57 diuina:
1116 837 63 57 &
1141 837 101 57 illa
1204 837 89 57 non
1255 837 89 57 est
1306 837 101 57 nisi
1369 837 152 57 essentia
1483 837 63 57 &
1508 837 152 57 relatio.
1622 837 101 57 ergo
1685 837 89 57 &c.
1736 837 63 57 ⁋
1761 837 101 57 Quia
1824 837 114 57 autem

425 880 174 66 significet
561 880 199 66 substantiam,
723 880 162 66 arguitur,
848 880 100 66 quia
910 880 174 66 significat
1047 880 137 66 aliquid
1147 880 187 66 subsistens:
1296 880 62 66 &
1321 880 75 66 in
1358 880 124 66 diuins
1445 880 112 66 nihil
1520 880 162 66 subsistit
1645 880 100 66 nisi
1707 880 100 66 ipsa
1757 880 149 66 substantia

428 927 100 60 ergo
491 927 88 60 &c.
541 927 63 60 ⁋
566 927 100 60 Quia
629 927 175 60 significet
767 927 188 60 relationem,
917 927 163 60 similiter
1042 927 163 60 arguitur,
1168 927 100 60 quia
1230 927 150 60 contenta
1343 927 88 60 sua
1393 927 175 60 significat
1531 927 75 60 in
1569 927 175 60 relatione:
1707 927 100 60 quae
1769 927 100 60 sunt
1819 927 88 60 pater

428 974 65 63 &
454 974 131 63 filius
546 974 65 63 &
572 974 157 63 spiritus
689 974 157 63 sanctus.
807 974 92 63 Hoc
859 974 118 63 autem
938 974 92 63 non
990 974 118 63 esset
1068 974 105 63 nisi
1134 974 209 63 significaret
1304 974 196 63 relationem.
1461 974 105 63 ergo
1526 974 92 63 &c.
1578 974 65 63 ⁋
1604 974 78 63 Ex
1644 974 92 63 quo
1696 974 196 63 concluditur
1840 974 65 63 vl-

430 1018 140 64 terius
528 1018 112 64 quod
598 1018 196 64 significet
751 1018 168 64 vtrumque
877 1018 140 64 simul,
975 1018 70 64 &
1003 1018 210 64 substantiam
1171 1018 168 64 scilicet
1296 1018 70 64 &
1310 1018 182 64 relationem.

431 1054 74 86 ⁋
461 1054 119 86 Quia
535 1054 178 86 quaestio
669 1054 119 86 ista
743 1054 104 86 est
802 1054 89 86 de
847 1054 223 86 significato
1025 1054 134 86 huius
1114 1054 163 86 nominis
1233 1054 178 86 persona,
1367 1054 134 86 quid.
1456 1054 178 86 scilicet
1589 1054 104 86 sit
1649 1054 119 86 quod
1708 1054 208 86 significetur

446 1123 62 54 e
470 1123 125 54 nomen:
558 1123 100 54 quod
620 1123 112 54 sciri
695 1123 87 54 non
744 1123 125 54 potest
832 1123 100 54 nisi
894 1123 112 54 primo
969 1123 149 54 cognitis
1081 1123 75 54 in
1118 1123 149 54 generali
1230 1123 87 54 iis
1280 1123 100 54 quae
1342 1123 87 54 per
1392 1123 125 54 nomina
1479 1123 125 54 habent
1566 1123 199 54 significari:
1728 1123 62 54 &
1753 1123 149 54 qualiter
1853 1123 62 54 con

432 1160 122 72 suetum
517 1160 86 72 est
566 1160 86 72 vti
615 1160 98 72 ipso
676 1160 122 72 nomine
762 1160 73 72 de
798 1160 86 72 quo
847 1160 86 72 est
896 1160 159 72 quaestio:
1018 1160 171 72 idcircohic
1153 1160 110 72 primo
1226 1160 134 72 oportet
1324 1160 183 72 considerare
1471 1160 98 72 quae
1532 1160 98 72 sint
1593 1160 73 72 ea
1630 1160 98 72 quae
1691 1160 122 72 habent
1764 1160 159 72 significari

446 1212 76 65 er
484 1212 139 65 nomina.
585 1212 139 65 Secundo
686 1212 76 65 ex
724 1212 88 65 vsu
775 1212 114 65 huius
850 1212 139 65 nominis
951 1212 139 65 persona
1052 1212 139 65 oportet
1153 1212 189 65 inuestigare
1305 1212 101 65 quid
1368 1212 139 65 illorum
1469 1212 88 65 per
1519 1212 114 65 ipsum
1595 1212 215 65 significetur.
1772 1212 63 65 ⁋
1797 1212 114 65 Circa
1860 1212 63 65 pri

434 1260 83 56 mun
482 1260 119 56 igitur
565 1260 107 56 horum
637 1260 155 56 sciendum,
756 1260 95 56 quod
815 1260 143 56 nominium
922 1260 131 56 quoddam
1018 1260 167 56 significat
1149 1260 83 56 rem
1196 1260 119 56 puram,
1280 1260 131 56 quiddam
1375 1260 95 56 vero
1435 1260 167 56 significat
1566 1260 179 56 intentionem
1709 1260 119 56 puram,
1792 1260 131 56 quiddam
1875 1260 48 56 ve

441 1301 74 68 ro
478 1301 173 68 significat
614 1301 111 68 medio
688 1301 99 68 modo
749 1301 74 68 se
787 1301 148 68 hambens,
898 1301 136 68 aliquod
997 1301 148 68 scilicet
1108 1301 99 68 quod
1169 1301 173 68 quodammodo
1305 1301 86 68 res
1355 1301 86 68 est
1404 1301 62 68 &
1429 1301 173 68 quodammodo
1565 1301 161 68 intentio.
1688 1301 86 68 Rem
1738 1301 111 68 puram
1799 1301 124 68 signifi-

440 1347 102 61 cant
504 1347 127 61 nomina
593 1347 115 61 rerum
670 1347 204 61 singularium:
835 1347 178 61 singularia
975 1347 102 61 enim
1039 1347 102 61 sunt
1103 1347 89 61 res
1154 1347 127 61 purae,
1243 1347 64 61 &
1268 1347 115 61 nullo
1345 1347 102 61 modo
1408 1347 204 61 intentiones:
1574 1347 102 61 quia
1638 1347 166 61 solummodo
1765 1347 127 61 habent
1842 1347 76 61 esse

436 1400 67 50 a
462 1400 147 50 natura:
570 1400 67 50 &
596 1400 121 50 nullo
677 1400 107 50 modo
744 1400 67 50 a
770 1400 241 50 consideratione
971 1400 174 50 rationis:
1105 1400 80 50 vt
1145 1400 107 50 sunt
1212 1400 107 50 iste
1279 1400 121 50 homo,
1360 1400 107 50 iste
1427 1400 134 50 lapis.
1520 1400 107 50 Vnde
1587 1400 94 50 cum
1641 1400 134 50 nomina
1735 1400 94 50 eis
1788 1400 134 50 fuerit
1868 1400 54 50 i-

450 1441 127 48 posita
539 1441 152 48 secundum
654 1441 102 48 quod
717 1441 127 48 Petrus
806 1441 89 48 vel
857 1441 127 48 Paulus
946 1441 89 48 est
997 1441 114 48 nomen
1073 1441 127 48 istius
1162 1441 152 48 hominis,
1276 1441 102 48 illa
1340 1441 191 48 appellantur
1492 1441 191 48 simpliciter
1645 1441 127 48 nomina
1733 1441 127 48 rerum:
1810 1441 114 48 vniuer-

437 1485 128 57 salia
522 1485 128 57 autem
608 1485 128 57 rerum
693 1485 228 57 singularium:
878 1485 71 57 &
906 1485 114 57 sunt
978 1485 199 57 quodammodo
1134 1485 100 57 res
1191 1485 71 57 &
1220 1485 199 57 quodammodo
1376 1485 228 57 intentiones.
1561 1485 100 57 Res
1618 1485 185 57 inquantum
1760 1485 128 57 illam
1832 1485 85 57 natu

443 1535 90 55 ram
495 1535 206 55 representant
662 1535 103 55 quae
726 1535 116 55 habet
803 1535 103 55 esse
868 1535 77 55 in
906 1535 219 55 singularibus.
1086 1535 193 55 Intentiones
1241 1535 103 55 vero
1305 1535 167 55 inquantum
1433 1535 129 55 habent
1523 1535 154 55 rationem
1639 1535 167 55 abstracti
1768 1535 77 55 in
1794 1535 141 55 considera

454 1583 121 52 tione
534 1583 215 52 intellectus.
709 1583 148 52 propter
817 1583 108 52 quod
884 1583 135 52 nomina
978 1583 94 52 eis
1032 1583 175 52 imposita,
1167 1583 108 52 sunt
1234 1583 188 52 quodammodo
1382 1583 135 52 nomina
1476 1583 121 52 rerum
1557 1583 67 52 &
1584 1583 188 52 quodammodo
1732 1583 215 52 intentionum,

446 1631 85 52 sed
494 1631 158 52 primarum.
616 1631 182 52 Intentionum
761 1631 73 52 ei
798 1631 133 52 quaedam
895 1631 97 52 sunt
955 1631 133 52 primae,
1052 1631 133 52 quaedam
1150 1631 97 52 vero
1210 1631 158 52 secundae.
1332 1631 61 52 &
1356 1631 85 52 sic
1404 1631 158 52 quodlibet
1526 1631 170 52 vniversale
1659 1631 109 52 reale
1732 1631 158 52 inquantum
1841 1631 85 52 habet

443 1667 148 65 rationem
553 1667 172 65 abstracti,
689 1667 86 65 est
738 1667 148 65 intentio
848 1667 221 65 praedicabilis:
1033 1667 98 65 quia
1094 1667 111 65 extra
1168 1667 172 65 singularia
1303 1667 86 65 non
1352 1667 86 65 est
1402 1667 98 65 nisi
1463 1667 74 65 in
1500 1667 221 65 consideratione
1684 1667 197 65 intellectus.
1832 1667 86 65 Caete

453 1718 72 53 ra
489 1718 96 53 vero
549 1718 96 53 quae
609 1718 84 53 per
657 1718 228 53 considerationem
849 1718 180 53 intellectus
993 1718 204 53 considerantur
1161 1718 96 53 siue
1222 1718 156 53 operantur
1342 1718 60 53 &
1366 1718 108 53 circa
1438 1718 180 53 vniversalia
1582 1718 60 53 &
1606 1718 108 53 circa
1678 1718 192 53 particularia
1834 1718 96 53 siue
1882 1718 48 53 me

443 1763 118 52 diate
521 1763 105 52 siue
587 1763 183 52 immediate,
730 1763 105 52 sunt
796 1763 196 52 intentiones
953 1763 131 52 purae.
1044 1763 144 52 Propter
1149 1763 105 52 quod
1214 1763 131 52 nomina
1306 1763 92 52 eis
1358 1763 157 52 imposita
1476 1763 157 52 vocantur
1593 1763 131 52 nomina
1685 1763 209 52 intentionum,
1855 1763 92 52 sed

455 1805 181 57 secundarum:
600 1805 97 57 quia
661 1805 97 57 post
721 1805 157 57 conceptam
842 1805 145 57 rationem
951 1805 181 57 vniversalis
1096 1805 157 57 realiter,
1217 1805 145 57 concipit
1326 1805 85 57 eas
1374 1805 181 57 intellectus
1520 1805 60 57 &
1544 1805 109 57 circa
1616 1805 181 57 vniversalia
1762 1805 109 57 rerum
1834 1805 60 57 &
1846 1805 85 57 circa

452 1854 196 60 singularia.
609 1854 91 60 Sed
661 1854 117 60 istae
739 1854 104 60 sunt
804 1854 78 60 in
844 1854 144 60 duplici
948 1854 144 60 genere:
1052 1854 104 60 quia
1118 1854 144 60 quaedam
1222 1854 104 60 sunt
1287 1854 157 60 acceptae
1405 1854 78 60 ab
1444 1854 183 60 intellectu
1588 1854 78 60 vt
1627 1854 209 60 proprietates
1796 1854 117 60 circa
1862 1854 65 60 res

441 1902 234 62 principaliter,
636 1902 143 62 quaedam
739 1902 104 62 vero
804 1902 78 62 vt
843 1902 208 62 proprietates
1012 1902 117 62 circa
1090 1902 130 62 nomina
1181 1902 130 62 rerum.
1271 1902 78 62 De
1310 1902 130 62 genere
1401 1902 117 62 primo
1479 1902 104 62 sunt
1544 1902 195 62 intentiones
1699 1902 169 62 logicales
1829 1902 78 62 vt
1855 1902 78 62 sunt

443 1951 92 52 ratio
504 1951 164 52 vniversalis,
638 1951 113 52 generis
720 1951 123 52 scilicet
812 1951 51 52 &
833 1951 113 52 speciei
915 1951 51 52 &
936 1951 164 52 differentiae
1069 1951 51 52 &
1090 1951 134 52 huiusmodi
1193 1951 92 52 circa
1254 1951 154 52 vniversalia
1377 1951 103 52 rerum:
1449 1951 144 52 indiuiduum
1562 1951 154 52 particulare
1686 1951 51 52 &
1706 1951 134 52 huiusmodi
1809 1951 92 52 circa
1860 1951 72 52 singu

439 1992 76 65 la
477 1992 127 65 rerum.
567 1992 102 65 lsta
630 1992 102 65 enim
694 1992 127 65 nomina
783 1992 89 65 non
834 1992 191 65 significant
987 1992 102 65 nisi
1051 1992 166 65 respectus
1178 1992 64 65 &
1204 1992 191 65 habitudines
1356 1992 115 65 inter
1433 1992 115 65 ipsas
1509 1992 89 65 res
1560 1992 178 65 comparatas
1700 1992 153 65 adiuicem
1802 1992 115 65 conside

437 2040 129 55 ratione
531 2040 188 55 intellectus.
684 2040 70 55 De
719 2040 129 55 secundo
813 2040 117 55 genere
895 2040 94 55 sunt
954 2040 176 55 intentiones
1095 2040 211 55 grammaticales,
1271 2040 70 55 vt
1306 2040 94 55 sunt
1365 2040 106 55 ratio
1435 2040 141 55 nominis,
1541 2040 117 55 verbi,
1623 2040 164 55 adiectiui,
1752 2040 188 55 substantiui,
1893 2040 35 55 &

443 2087 166 62 huiusmodi,
574 2087 95 62 quae
633 2087 83 62 non
681 2087 178 62 significant
823 2087 95 62 nisi
882 2087 107 62 modos
954 2087 154 62 nominium:
1072 2087 131 62 propter
1167 2087 95 62 quod
1227 2087 142 62 dicuntur
1333 2087 119 62 nomina
1417 2087 142 62 nominim.
1523 2087 190 62 Consideratio
1678 2087 142 62 primarum
1773 2087 154 62 intentionum

439 2133 93 55 quia
497 2133 81 55 est
544 2133 104 55 rerum
613 2133 139 55 secundum
717 2133 81 55 se,
764 2133 139 55 pertinet
868 2133 69 55 ad
902 2133 150 55 scientias
1018 2133 127 55 reales.
1111 2133 185 55 Consideratio
1261 2133 93 55 vero
1319 2133 162 55 secundarum
1446 2133 174 55 intentionum
1585 2133 93 55 quia
1643 2133 162 55 vniversale
1771 2133 104 55 circa
1840 2133 81 55 res
1875 2133 46 55 vt

449 2183 107 56 sunt
515 2183 227 56 expressibiles
702 2183 160 56 vocibus,
823 2183 67 56 &
849 2183 93 56 hoc
903 2183 93 56 quo
956 2183 80 56 ad
996 2183 200 56 intentiones
1156 2183 187 56 logicales:
1303 2183 93 56 vel
1357 2183 93 56 est
1410 2183 120 56 circa
1490 2183 120 56 ipsas
1570 2183 134 56 voces,
1664 2183 67 56 &
1691 2183 93 56 hoc
1744 2183 93 56 quo
1797 2183 80 56 ad
1824 2183 107 56 inten-

444 2225 138 56 tiones
541 2225 249 56 grammaticales,
749 2225 166 56 pertinet
873 2225 83 56 ad
915 2225 180 56 scientias
1054 2225 235 56 sermocinales:
1247 2225 69 56 &
1275 2225 125 56 tamen
1358 2225 138 56 logica
1455 2225 125 56 minus
1538 2225 222 56 sermocinalis
1718 2225 69 56 &
1746 2225 125 56 magis
1815 2225 111 56 realis

452 2264 82 66 est
499 2264 93 66 quam
557 2264 175 66 grammatica,
697 2264 58 66 &
721 2264 105 66 quasi
791 2264 105 66 media
861 2264 105 66 inter
931 2264 152 66 scientias
1047 2264 117 66 reales
1129 2264 58 66 &
1152 2264 187 66 grammaticam.
1304 2264 58 66 ⁋
1327 2264 105 66 Circa
1397 2264 140 66 secundum
1502 2264 105 66 autem
1572 2264 140 66 sciendum
1677 2264 93 66 quod
1736 2264 140 66 secundum
1841 2264 93 66 quod
1887 2264 47 66 di

446 2314 130 60 uersis
537 2314 117 60 appet
615 2314 156 60 diuersus
732 2314 104 60 vsus
797 2314 117 60 huius
874 2314 143 60 nominis
978 2314 156 60 persona.
1095 2314 156 60 secundum
1212 2314 91 60 hoc
1264 2314 195 60 diuersimode
1420 2314 208 60 iudicauerunt
1588 2314 78 60 de
1627 2314 104 60 eius
1692 2314 234 60 significatione
1874 2314 52 60 in

444 2359 166 53 diuinis.
569 2359 97 53 Sed
624 2359 125 53 omnes
707 2359 111 53 quos
776 2359 138 53 audire
873 2359 97 53 aut
929 2359 138 53 videre
1025 2359 138 53 potui,
1122 2359 138 53 negant
1219 2359 125 53 ipsam
1302 2359 111 53 esse
1372 2359 208 53 intentionis
1538 2359 138 53 nomen,
1634 2359 97 53 sed
1690 2359 138 53 ponunt
1787 2359 125 53 ipsam
1856 2359 83 53 esse

449 2406 113 59 nomen
525 2406 100 59 rei,
587 2406 63 59 &
612 2406 188 59 significare
763 2406 188 59 substantiam
913 2406 100 59 siue
976 2406 163 59 essentiam
1101 2406 113 59 licet
1177 2406 88 59 non
1227 2406 125 59 solum.
1315 2406 88 59 Sed
1365 2406 138 59 ipsorum
1465 2406 125 59 quidam
1553 2406 125 59 dicunt
1641 2406 150 59 personam
1753 2406 113 59 plura
1816 2406 113 59 signifi

452 2454 105 55 care
517 2454 65 55 &
543 2454 157 55 aequoce:
661 2454 131 55 quidam
753 2454 118 55 autem
831 2454 131 55 plura:
923 2454 92 55 sed
975 2454 157 55 vniuoce:
1092 2454 131 55 quidam
1184 2454 105 55 vero
1249 2454 131 55 tantum
1341 2454 118 55 vnum.
1419 2454 170 55 Ponentium
1550 2454 105 55 vero
1615 2454 105 55 quod
1681 2454 183 55 significet
1824 2454 118 55 plura
1890 2454 39 55 &

449 2508 161 57 aequoce,
569 2508 134 57 nullus
663 2508 121 57 ponit
744 2508 107 57 quod
811 2508 188 57 significat
959 2508 121 57 plura
1040 2508 121 57 aeque
1120 2508 121 57 primo
1201 2508 67 57 &
1228 2508 121 57 eodem
1308 2508 121 57 modo,
1389 2508 201 57 quemadmodum
1550 2508 201 57 significant
1711 2508 148 57 proprie
1805 2508 121 57 aequoca

448 2541 85 63 sed
496 2541 109 63 omnes
569 2541 121 63 dicunt
654 2541 97 63 quod
715 2541 109 63 primo
788 2541 61 63 &
812 2541 73 63 ex
848 2541 109 63 prima
921 2541 182 63 impositione
1067 2541 134 63 nominis
1164 2541 85 63 non
1213 2541 170 63 significat
1346 2541 97 63 nisi
1407 2541 182 63 substantiam
1553 2541 85 63 aut
1601 2541 170 63 essentiam:
1735 2541 61 63 &
1759 2541 97 63 alia
1820 2541 73 63 ex
1844 2541 85 63 conse

448 2587 123 59 quenti
534 2587 62 59 &
558 2587 135 59 accnte.
657 2587 123 59 Quorum
743 2587 123 59 quidam
829 2587 123 59 dicunt
915 2587 98 59 quod
977 2587 172 59 significat
1112 2587 98 59 alia
1174 2587 74 59 ex
1211 2587 160 59 adiuncto:
1334 2587 123 59 quidam
1420 2587 98 59 vero
1482 2587 98 59 quod
1543 2587 74 59 ex
1580 2587 98 59 vsu:
1642 2587 123 59 tertii
1728 2587 98 59 vero
1789 2587 98 59 quod
1851 2587 74 59 ex
1875 2587 62 59 con

454 2631 223 67 significatione.
642 2631 106 67 Primi
712 2631 117 67 dicunt
794 2631 94 67 quod
853 2631 82 67 per
900 2631 70 67 se
935 2631 164 67 significat
1064 2631 188 67 substantiam:
1217 2631 70 67 sy
1252 2631 70 67 ex
1287 2631 141 67 adiuncto
1393 2631 129 67 quandam
1486 2631 188 67 proprietatem
1639 2631 176 67 personalem:
1780 2631 152 67 aliquando
1885 2631 47 67 ve

439 2687 77 54 ro
478 2687 179 54 hypostasim
618 2687 192 54 continentem
772 2687 166 54 vtrumque,
899 2687 102 54 quam
963 2687 141 54 exponit
1066 2687 217 54 Praepositinus
1245 2687 77 54 in
1283 2687 102 54 sum.
1347 2687 89 54 sua
1398 2687 141 54 dicens.
1500 2687 153 54 Rnoedent
1615 2687 128 54 quidam
1705 2687 153 54 dicentes
1820 2687 102 54 quod
1871 2687 64 54 hec

454 2730 100 60 nomen
521 2730 122 60 persona
610 2730 167 60 tripliciter
743 2730 156 60 accipitur,
865 2730 145 60 quandoque
977 2730 89 60 enim
1032 2730 156 60 significat
1155 2730 145 60 essentiam
1266 2730 89 60 quid
1321 2730 133 60 scilicet
1421 2730 78 60 per
1466 2730 67 60 se
1499 2730 122 60 ponitur
1588 2730 67 60 in
1622 2730 156 60 praedicato
1744 2730 89 60 sine
1800 2730 111 60 aliquo
1877 2730 78 60 ad-

447 2772 118 64 iuncto:
533 2772 64 64 vt
565 2772 107 64 pitier
641 2772 75 64 est
684 2772 129 64 persona:
780 2772 107 64 filius
856 2772 75 64 est
899 2772 129 64 persona,
995 2772 140 64 quandoque
1103 2772 150 64 significat
1221 2772 161 64 hypostasim.
1350 2772 64 64 i.
1382 2772 193 64 subsistentiam:
1543 2772 64 64 vt
1575 2772 107 64 quando
1651 2772 64 64 ei
1683 2772 118 64 aliquod
1769 2772 129 64 additur:
1866 2772 64 64 vt
1887 2772 43 64 pr

445 2816 96 78 est
500 2816 137 78 aliqua
596 2816 164 78 persona,
719 2816 68 78 &
747 2816 137 78 filius
842 2816 96 78 est
897 2816 110 78 alia
966 2816 164 78 persona:
1089 2816 68 78 &
1116 2816 110 78 alia
1185 2816 96 78 est
1240 2816 151 78 persona
1349 2816 151 78 patris,
1459 2816 110 78 alia
1527 2816 137 78 filii,
1623 2816 178 78 quandoque
1746 2816 192 78 proprietatem
