2017 3263
436 305 138 64 ltaque
533 305 97 64 per
588 305 111 64 quid
658 305 194 64 inquiritur
810 305 83 64 de
851 305 208 64 proprietate
1017 305 166 64 communi:
1142 305 97 64 per
1197 305 111 64 quis
1267 305 83 64 de
1308 305 208 64 proprietate
1474 305 194 64 singulari.
1626 305 138 64 Nomine
1723 305 111 64 enim
1779 305 138 64 personae

447 357 155 50 numquam
560 357 99 50 (vt
616 357 141 50 dicit)
715 357 226 50 intelligitur
899 357 113 50 nisi
970 357 113 50 vnus
1040 357 155 50 aliquis
1153 357 85 50 ab
1196 357 127 50 aliis
1280 357 155 50 omnibus
1393 357 184 50 singulari
1535 357 212 50 proprietate
1704 357 198 50 discretus.
1845 357 57 50 Et

445 403 86 49 vt
488 403 129 49 dicit
574 403 115 49 cap.
646 403 100 49 vi.
703 403 100 49 cum
760 403 187 49 nominamus
904 403 187 49 personam,
1048 403 100 49 non
1105 403 115 49 nisi
1177 403 115 49 vnam
1249 403 129 49 solam
1335 403 215 49 substantiam
1507 403 72 49 &
1536 403 201 49 singularem
1694 403 244 49 intelligimus:

444 448 90 51 vt
489 448 151 51 nomine
595 448 181 51 personae
730 448 121 51 etsi
805 448 241 51 significetur
1001 448 211 51 substantia
1167 448 196 51 animalis,
1318 448 105 51 aut
1378 448 181 51 hominis,
1513 448 105 51 aut
1574 448 196 51 deitatis:
1724 448 136 51 nomen
1800 448 105 51 tamen

446 494 159 51 personae
565 494 79 51 vt
605 494 212 51 distinguitur
777 494 132 51 contra
870 494 106 51 alia
936 494 146 51 nomina,
1042 494 93 51 non
1095 494 172 51 imponitur
1227 494 106 51 nisi
1294 494 66 51 a
1320 494 199 51 proprietate
1479 494 172 51 singulari
1612 494 265 51 incommunicabili:
1824 494 79 51 quae

433 540 101 53 non
490 540 173 53 convenit
620 540 116 53 nisi
693 540 101 53 vni
751 540 87 53 in
794 540 246 53 singularitate
996 540 202 53 existenti:
1155 540 72 53 a
1184 540 130 53 nulla
1271 540 130 53 tamen
1358 540 231 53 determinate:
1546 540 217 53 quemadmodum
1705 540 202 53 significatur

441 581 88 57 in
485 581 160 57 nomine,
602 581 160 57 proprio
719 581 117 57 quid
792 581 102 57 est
850 581 146 57 Petrus
952 581 102 57 vel
1010 581 146 57 Paulus
1113 581 88 57 in
1156 581 204 57 creaturis:
1317 581 102 57 aut
1375 581 146 57 nomine
1477 581 146 57 patris
1579 581 102 57 vel
1638 581 131 57 filii
1725 581 88 57 in
1769 581 175 57 diuinis:

440 632 230 50 quemadmodum
623 632 92 50 si
669 632 153 50 animal
776 632 230 50 imponeretur
960 632 92 50 ad
1006 632 275 50 significandum,
1236 632 245 50 proprietatem
1435 632 230 50 specificam:
1618 632 153 50 nullam
1725 632 138 50 tamen
1802 632 107 50 deter

429 675 151 58 minate
535 675 136 58 neque
625 675 166 58 hominis
746 675 106 58 aut
807 675 196 58 alterius:
958 675 76 58 &
988 675 151 58 nullam
1094 675 242 58 proprietatem
1290 675 196 58 generalem
1441 675 181 58 communem
1578 675 91 58 ad
1623 675 136 58 illas
1714 675 196 58 speciales
1850 675 60 58 si

442 725 216 51 gnificaret.
614 725 86 51 Et
658 725 101 51 sic
715 725 130 51 patet
802 725 144 51 falsum
903 725 115 51 esse
975 725 144 51 dictum
1075 725 187 51 quorundam
1220 725 86 51 de
1263 725 216 51 significato
1436 725 130 51 huius
1522 725 158 51 nominis
1637 725 173 51 persona:
1753 725 158 51 videlicet

445 768 117 51 quod
519 768 132 51 sicut
607 768 132 51 pater
695 768 205 51 significat
856 768 220 51 substantiam
1032 768 103 51 cum
1090 768 191 51 relatione
1237 768 117 51 quae
1310 768 103 51 est
1369 768 220 51 paternitas:
1545 768 73 51 a
1574 768 103 51 qua
1633 768 132 51 nomen
1720 768 205 51 imponitur:
1867 768 44 51 &

440 810 135 49 filius
535 810 95 49 cum
589 810 176 49 relatione
725 810 108 49 quae
793 810 95 49 est
847 810 176 49 filiatio:
982 810 95 49 sic
1036 810 149 49 persona
1145 810 190 49 significat
1294 810 190 49 relationem
1443 810 81 49 in
1484 810 149 49 communi
1592 810 81 49 ad
1633 810 230 49 paternitatem,
1809 810 108 49 filia-

439 859 143 56 tionem
539 859 72 56 &
568 859 215 56 spirationem
740 859 100 56 cum
797 859 115 56 ipsa
869 859 215 56 substantia.
1041 859 115 56 Quod
1113 859 100 56 non
1170 859 100 56 est
1228 859 143 56 verum:
1328 859 115 56 quia
1400 859 100 56 non
1457 859 201 56 significat
1615 859 158 56 commune
1730 859 158 56 aliquid
1830 859 86 56 rea-

438 900 101 55 lis
495 900 202 55 relationis
654 900 86 55 ad
697 900 115 55 tres
769 900 216 55 relationes:
942 900 101 55 sed
1000 900 202 55 significat
1158 900 101 55 cum
1216 900 202 55 substantia
1375 900 202 55 relationem
1533 900 288 55 incommunicabilem
1778 900 101 55 sub
1836 900 101 55 in-

440 950 201 53 differentia
601 950 81 53 ad
641 950 175 53 quamlibet
775 950 148 53 illarum
883 950 67 53 &
910 950 242 53 indeterminate:
1111 950 94 53 ita
1165 950 107 53 quod
1232 950 94 53 non
1286 950 148 53 differt
1393 950 215 53 significatio
1568 950 161 53 personae
1689 950 67 53 a
1716 950 201 53 significato
1863 950 54 53 pa

440 993 130 51 tris,
526 993 101 51 aut
584 993 144 51 filii,
684 993 101 51 aut
742 993 173 51 spiritus
871 993 158 51 sancti,
987 993 115 51 nisi
1059 993 130 51 sicut
1145 993 230 51 determinatum
1332 993 72 51 &
1361 993 274 51 indeterminatum,
1591 993 144 51 absque
1678 993 230 51 significatione

430 1040 168 51 alicuius
556 1040 168 51 communis
682 1040 84 51 ad
723 1040 126 51 illa.
807 1040 112 51 Quia
877 1040 126 51 autem
961 1040 154 51 persona
1073 1040 196 51 significet
1226 1040 182 51 essentiam
1366 1040 154 51 tantum,
1478 1040 98 51 est
1534 1040 126 51 vnica
1618 1040 140 51 opinio
1715 1040 70 51 &
1743 1040 140 51 vnius,
1827 1040 84 51 quam

441 1086 164 56 recitat
561 1086 75 56 &
590 1086 164 56 exponit
710 1086 254 56 Praepositinus
919 1086 90 56 in
964 1086 134 56 summa
1054 1086 120 56 sua,
1128 1086 164 56 dicens.
1248 1086 134 56 Dixit
1337 1086 179 56 Magister
1472 1086 179 56 Gerardus
1606 1086 90 56 La
1651 1086 179 56 pucelle:
1786 1086 120 56 quod
1845 1086 75 56 hoc

443 1133 137 47 nomen
534 1133 168 47 persona
656 1133 152 47 aliter
763 1133 213 47 significat
930 1133 168 47 diuinam
1052 1133 198 47 essentiam
1205 1133 122 47 quam
1281 1133 107 47 hoc
1342 1133 137 47 nomen
1433 1133 198 47 essentia:
1586 1133 122 47 quia
1662 1133 107 47 hoc
1723 1133 137 47 nomen
1799 1133 122 47 essen-

439 1181 100 56 tia
496 1181 199 56 significat
652 1181 157 56 diuinam
766 1181 157 56 naturam
880 1181 142 56 gratia
980 1181 114 56 sui,
1051 1181 71 56 &
1079 1181 171 56 supponit
1207 1181 100 56 pro
1264 1181 100 56 ea,
1321 1181 71 56 &
1350 1181 100 56 non
1407 1181 100 56 pro
1464 1181 142 56 aliqua
1563 1181 213 56 personarum.
1734 1181 85 56 Et
1777 1181 100 56 hoc
1819 1181 100 56 nomen

439 1225 158 58 persona
554 1225 187 58 econverso
698 1225 202 58 significat
856 1225 158 58 diuinam
972 1225 158 58 naturam
1087 1225 101 58 non
1144 1225 144 58 gratia
1245 1225 101 58 sui
1303 1225 101 58 sed
1361 1225 144 58 gratia
1461 1225 230 58 contentorum.
1649 1225 86 58 i.
1692 1225 144 58 patris
1793 1225 72 58 &
1807 1225 101 58 filil

438 1267 70 54 &
466 1267 167 54 spiritus
591 1267 153 54 sancti:
703 1267 70 54 &
731 1267 98 54 ita
786 1267 195 54 significat
940 1267 98 54 eam
995 1267 70 54 &
1023 1267 98 54 non
1079 1267 167 54 supponit
1204 1267 98 54 pro
1260 1267 84 54 ea
1302 1267 98 54 sed
1358 1267 98 54 pro
1413 1267 139 54 aliqua
1511 1267 209 54 personarum:
1678 1267 84 54 vt
1720 1267 84 54 in
1762 1267 98 54 hoc
1804 1267 111 54 simili

438 1315 153 52 videri
545 1315 168 52 potest.
667 1315 107 52 Cum
728 1315 122 52 enim
805 1315 168 52 dicitur
927 1315 122 52 haec
1004 1315 168 52 species
1126 1315 138 52 homo,
1218 1315 214 52 designatur
1386 1315 122 52 haec
1462 1315 168 52 species
1585 1315 153 52 gratia
1692 1315 122 52 sui,
1768 1315 76 52 &
1784 1315 122 52 suppo-

440 1358 103 59 nit
499 1358 103 59 pro
558 1358 103 59 ea.
618 1358 103 59 Sed
677 1358 103 59 hoc
736 1358 133 59 nomen
824 1358 118 59 homo
898 1358 207 59 significat
1061 1358 148 59 eandem
1164 1358 163 59 speciem
1283 1358 103 59 non
1342 1358 148 59 gratia
1445 1358 118 59 sui,
1519 1358 103 59 sed
1578 1358 148 59 gratia
1682 1358 236 59 contentorum.
1859 1358 59 59 i.

448 1406 141 47 patris
547 1406 70 47 &
575 1406 127 47 filii
659 1406 70 47 &
688 1406 169 47 spiritus
814 1406 155 47 sancti:
927 1406 70 47 &
955 1406 169 47 supponit
1082 1406 99 47 pro
1139 1406 113 47 eis.
1209 1406 85 47 Et
1251 1406 99 47 ita
1308 1406 113 47 fere
1378 1406 99 47 est
1435 1406 85 47 de
1477 1406 99 47 hoc
1533 1406 141 47 nomine
1632 1406 169 47 persona:
1759 1406 70 47 &
1787 1406 113 47 inde
1844 1406 70 47 est

453 1449 92 58 per
506 1449 92 58 hoc
558 1449 119 58 nomen
638 1449 145 58 persona
743 1449 185 58 significat
889 1449 172 58 essentiam
1021 1449 79 58 in
1060 1449 159 58 plurali.
1179 1449 106 58 Vnde
1245 1449 92 58 cum
1298 1449 159 58 dicitur,
1417 1449 106 58 idem
1483 1449 92 58 est
1536 1449 132 58 patrem
1629 1449 106 58 esse
1695 1449 159 58 personam
1814 1449 66 58 &
1827 1449 79 58 esse

436 1495 242 44 substantiam:
633 1495 106 44 hic
693 1495 106 44 est
754 1495 166 44 sensus:
875 1495 121 44 idem
950 1495 242 44 significatur
1147 1495 106 44 his
1208 1495 197 44 nominibus
1359 1495 166 44 persona
1480 1495 76 44 &
1510 1495 197 44 essentia:
1662 1495 136 44 licet
1737 1495 182 44 diuersimo-

439 1542 97 51 de.
494 1542 83 51 Et
536 1542 97 51 cum
591 1542 110 51 dico
660 1542 166 51 personam
784 1542 152 51 patris,
895 1542 124 51 nihil
978 1542 124 51 aliud
1061 1542 110 51 dico
1130 1542 110 51 quam
1199 1542 207 51 substantiam
1365 1542 138 51 patris
1461 1542 83 51 id
1503 1542 97 51 est
1558 1542 124 51 nihil
1641 1542 124 51 aliud
1724 1542 180 51 significo
1848 1542 69 51 per

433 1586 98 51 hoc
489 1586 126 51 nomen
573 1586 167 51 persona,
698 1586 112 51 quam
768 1586 98 51 per
824 1586 98 51 hoc
880 1586 126 51 nomen
963 1586 209 51 substantia.
1131 1586 84 51 Et
1173 1586 98 51 ita
1228 1586 167 51 quicquid
1354 1586 167 51 additur,
1479 1586 140 51 semper
1577 1586 195 51 significat
1717 1586 195 51 substantiam.

444 1633 100 50 Sed
501 1633 115 50 nunc
573 1633 143 50 contra
673 1633 100 50 eum
731 1633 143 50 arguit
831 1633 244 50 Praepositinus
1032 1633 72 50 &
1060 1633 129 50 bene.
1146 1633 172 50 Secundum
1276 1633 100 50 hoc
1333 1633 100 50 non
1390 1633 100 50 est
1448 1633 229 50 concedendum,
1634 1633 129 50 pater
1720 1633 100 50 non
1778 1633 100 50 est
1821 1633 100 50 perso

446 1680 81 55 na
486 1680 216 55 proprietate,
661 1680 94 55 sed
715 1680 135 55 tantum
809 1680 148 55 natura,
917 1680 108 55 quod
984 1680 94 55 est
1038 1680 135 55 contra
1133 1680 162 55 Hilarium
1254 1680 175 55 dicentem.
1389 1680 121 55 Pater
1469 1680 202 55 proprietate
1631 1680 94 55 est
1685 1680 148 55 persona
1793 1680 94 55 non
1833 1680 81 55 natu

443 1724 102 62 ra.
502 1724 102 62 Per
560 1724 116 62 idem
633 1724 131 62 etiam
720 1724 204 62 improbatur
880 1724 146 62 opinio
982 1724 189 62 dicentium
1127 1724 116 62 quod
1200 1724 160 62 persona
1316 1724 131 62 primo
1404 1724 73 62 &
1433 1724 247 62 principaliter
1637 1724 204 62 significat
1782 1724 131 62 substam

443 1768 120 51 tiam:
522 1768 106 51 tunc
589 1768 106 51 enim
656 1768 120 51 pater
735 1768 133 51 potius
828 1768 120 51 esset
908 1768 146 51 persona
1015 1768 133 51 natura
1108 1768 106 51 quam
1174 1768 213 51 proprietate.
1347 1768 93 51 Est
1400 1768 120 51 autem
1480 1768 200 51 aduertendum
1640 1768 106 51 quod
1706 1768 80 51 in
1746 1768 146 51 omnibus
1839 1768 80 51 prae

444 1813 137 49 dictis
540 1813 220 49 opinionibus:
719 1813 165 49 exceptis
843 1813 124 49 illis
925 1813 110 49 quae
994 1813 110 49 sunt
1063 1813 151 49 Simonis
1173 1813 69 49 &
1200 1813 165 49 Ricardi:
1324 1813 192 49 substantia
1475 1813 110 49 quae
1544 1813 96 49 est
1599 1813 179 49 essentia,
1736 1813 151 49 ponitur
1833 1813 82 49 esse

430 1859 78 56 de
469 1859 195 56 significato
625 1859 169 56 personae.
756 1859 104 56 Vnde
821 1859 208 56 auctoritates
990 1859 156 56 dicentes
1107 1859 156 56 personam
1225 1859 104 56 esse
1290 1859 208 56 substantiam,
1459 1859 91 56 vel
1511 1859 104 56 idem
1576 1859 104 56 esse
1641 1859 156 56 personam
1759 1859 65 56 &
1772 1859 143 56 essentiam

433 1906 77 49 &
463 1906 217 49 huiusmodi,
634 1906 217 49 exponuntur
804 1906 186 49 secundum
944 1906 124 49 quod
1021 1906 170 49 exponit
1145 1906 108 49 eas
1207 1906 186 49 Magister
1346 1906 186 49 Gerardus
1486 1906 170 49 Puella.
1610 1906 124 49 Quod
1687 1906 124 49 bene
1749 1906 155 49 insinuat

437 1947 163 69 Magister
560 1947 218 69 Sententiarum
737 1947 231 69 distinctione.
927 1947 109 69 xxv.
995 1947 82 69 in
1036 1947 95 69 ca.
1091 1947 163 69 Persona.
1213 1947 95 69 vbi
1268 1947 136 69 dicit.
1363 1947 109 69 Vnde
1431 1947 177 69 manifeste
1567 1947 191 69 colligitur
1717 1947 109 69 quod
1771 1947 150 69 essentiam

439 1996 139 58 diuinam
541 1996 202 58 praedicamus,
705 1996 165 58 dicentes.
832 1996 114 58 Pater
908 1996 89 58 est
958 1996 152 58 persona:
1072 1996 127 58 filius
1161 1996 89 58 est
1211 1996 152 58 persona:
1325 1996 152 58 spiritus
1439 1996 127 58 sctuns
1528 1996 89 58 est
1578 1996 139 58 persona
1680 1996 76 58 id
1718 1996 89 58 est
1768 1996 165 58 essentia.
1882 1996 38 58 &

438 2041 116 60 omnino
519 2041 92 60 vnum
577 2041 58 60 &
600 2041 92 60 idem
658 2041 185 60 significatur
808 2041 116 60 nomine
889 2041 150 60 personae.
1005 2041 69 60 id
1040 2041 81 60 est
1086 2041 139 60 essentia
1190 2041 127 60 diuina:
1282 2041 58 60 &
1305 2041 104 60 quoid
1375 2041 185 60 significatur
1525 2041 116 60 nomine
1606 2041 81 60 dei
1652 2041 81 60 cum
1698 2041 139 60 dicitur:
1802 2041 104 60 Pater
1860 2041 58 60 est

447 2086 112 55 deus:
521 2086 124 55 filius
608 2086 87 55 est
658 2086 112 55 deus.
732 2086 74 55 Et
769 2086 87 55 cum
819 2086 87 55 eis
869 2086 149 55 arguitur
980 2086 74 55 ex
1017 2086 87 55 hoc
1067 2086 137 55 aliquod
1166 2086 211 55 inconveniens,
1340 2086 74 55 vt
1377 2086 87 55 cum
1427 2086 149 55 essentia
1539 2086 124 55 patris
1626 2086 87 55 est
1675 2086 149 55 essentia
1787 2086 124 55 filii:
1861 2086 50 55 si

446 2134 91 53 dem
498 2134 220 53 significarent
679 2134 155 53 essentia
795 2134 65 53 &
821 2134 155 53 persona,
937 2134 103 53 tunc
1002 2134 142 53 persona
1105 2134 129 53 patris
1196 2134 116 53 esset
1274 2134 142 53 persona
1377 2134 129 53 filii:
1467 2134 142 53 Rnedent
1571 2134 103 53 quod
1636 2134 116 53 aliud
1713 2134 155 53 supponit
1817 2134 91 53 respe

434 2180 91 57 ctu
486 2180 130 57 filii:
577 2180 117 57 licet
655 2180 91 57 non
708 2180 182 57 significet
851 2180 104 57 nisi
916 2180 182 57 essentiam.
1085 2180 78 57 In
1124 2180 169 57 positione
1255 2180 117 57 autem
1333 2180 143 57 Simonis
1437 2180 65 57 &
1463 2180 156 57 Ricardi:
1580 2180 182 57 substantia
1724 2180 104 57 quae
1789 2180 91 57 est
1828 2180 78 57 hypo

427 2226 135 55 stasis,
525 2226 135 55 ponitur
624 2226 98 55 esse
685 2226 74 55 de
722 2226 185 55 significato
870 2226 160 55 personae.
993 2226 74 55 Et
1029 2226 98 55 quia
1091 2226 74 55 id
1128 2226 98 55 quod
1189 2226 86 55 est
1239 2226 185 55 hypostasis,
1386 2226 197 55 complectitur
1546 2226 160 55 essentiam
1669 2226 111 55 conem
1743 2226 98 55 cum,
1792 2226 123 55 proprie-

428 2270 121 56 tate
503 2270 241 56 distinctiua:
700 2270 121 56 ideo
775 2270 75 56 &
805 2270 181 56 Magister
941 2270 151 56 Simon,
1047 2270 75 56 &
1077 2270 136 56 mgtur
1167 2270 196 56 Ricardus,
1318 2270 121 56 ambo
1394 2270 121 56 illa
1469 2270 106 56 duo
1530 2270 151 56 ponunt
1635 2270 121 56 esse
1711 2270 91 56 de
1741 2270 166 56 significa

441 2324 84 49 to
483 2324 181 49 personae:
622 2324 125 49 licet
706 2324 223 49 diuersimode,
887 2324 84 49 vt
929 2324 139 49 dictum
1026 2324 111 49 est:
1096 2324 70 49 &
1124 2324 139 49 habent
1221 2324 111 49 plus
1291 2324 181 49 veritatis
1430 2324 125 49 inter
1514 2324 181 49 caeteras:
1653 2324 153 49 quoniam
1765 2324 84 49 in
1793 2324 125 49 diuinis

444 2361 163 60 personis
567 2361 177 60 consistit
702 2361 163 60 trinitas
825 2361 81 60 in
865 2361 163 60 vnitate,
988 2361 68 60 &
1015 2361 136 60 vnitas
1110 2361 81 60 in
1151 2361 190 60 trinitate:
1300 2361 109 60 quod
1368 2361 81 60 de
1409 2361 204 60 significato
1572 2361 190 60 trinitatis
1721 2361 95 60 sit
1775 2361 109 60 ipsa
1830 2361 81 60 vni-

435 2406 98 55 tas
491 2406 195 55 essentiae:
644 2406 125 55 licet
728 2406 125 55 ratio
812 2406 195 55 trinitatis
965 2406 195 55 formaliter
1118 2406 153 55 habetur
1230 2406 84 55 ex
1272 2406 167 55 ternario
1397 2406 237 55 proprietatum:
1592 2406 112 55 quia
1662 2406 84 55 ab
1704 2406 112 55 ipsa
1774 2406 125 55 nomen
1843 2406 70 55 im-

446 2452 159 54 ponitur,
565 2452 80 54 vt
605 2452 120 54 infra
685 2452 186 54 videbitur.
831 2452 93 54 Est
884 2452 106 54 enim
950 2452 186 54 proprietas
1097 2452 159 54 formalis
1216 2452 159 54 respectu
1336 2452 173 54 essentiae
1468 2452 80 54 in
1508 2452 239 54 significatione
1707 2452 66 54 &
1721 2452 199 54 constitutione

447 2496 158 57 personae,
569 2496 73 57 vt
605 2496 134 57 siliter
702 2496 158 57 videbitur
824 2496 122 57 infra.
909 2496 134 57 Propter
1007 2496 97 57 quod
1067 2496 134 57 positio
1165 2496 134 57 Ricardi
1262 2496 97 57 quae
1323 2496 110 57 ponit
1396 2496 97 57 quod
1457 2496 134 57 persona
1554 2496 207 57 principaliter
1724 2496 170 57 significat
1846 2496 61 57 pro

446 2551 179 58 prietatem,
587 2551 115 58 magis
663 2551 204 58 rationabilis
830 2551 89 58 est
881 2551 102 58 quam
945 2551 153 58 Simonis:
1060 2551 102 58 quae
1124 2551 115 58 ponit
1200 2551 102 58 quod
1264 2551 166 58 essentiam
1392 2551 230 58 principaliter.
1584 2551 153 58 Singulae
1699 2551 89 58 ni.
1750 2551 128 58 aliae:
1827 2551 89 58 licet

437 2599 144 52 aliquod
541 2599 170 52 veritatis
672 2599 157 52 habeant:
790 2599 170 52 deficiunt
920 2599 118 52 tamen
999 2599 78 52 in
1038 2599 131 52 multo:
1129 2599 91 52 sed
1182 2599 105 52 illa
1247 2599 105 52 quae
1312 2599 91 52 est
1364 2599 144 52 Ricardi
1469 2599 91 52 aut
1521 2599 144 52 solidam
1626 2599 118 52 habet
1704 2599 183 52 veritatem,
1848 2599 91 52 aut

445 2638 123 59 minus
527 2638 164 59 defectus
650 2638 109 59 quam
718 2638 136 59 aliqua
814 2638 164 59 aliarum.
936 2638 109 59 Quod
1005 2638 123 59 patet
1087 2638 82 59 ex
1127 2638 218 59 declaratione
1305 2638 109 59 eius
1373 2638 109 59 quam
1441 2638 123 59 ponit
1523 2638 123 59 Simon
1605 2638 82 59 in
1646 2638 123 59 summa
1728 2638 109 59 sua:
1796 2638 95 59 vbi
1837 2638 68 59 vi-

438 2680 136 49 detur
529 2680 212 49 concordare
696 2680 106 49 cum
756 2680 182 49 Ricardo:
893 2680 167 49 dicendo
1014 2680 121 49 quod
1090 2680 212 49 substantia
1256 2680 212 49 dupliciter
1423 2680 182 49 dicitur:
1559 2680 121 49 quid
1635 2680 212 49 subsistit,
1802 2680 91 49 vt
1832 2680 76 49 sup

436 2727 146 62 positum
542 2727 66 62 &
568 2727 186 62 subiectum:
714 2727 66 62 &
741 2727 93 62 quo
794 2727 186 62 subsistit.
939 2727 80 62 i.
979 2727 225 62 substantialis
1165 2727 199 62 proprietas.
1324 2727 186 62 Substantia
1470 2727 106 62 enim
1536 2727 106 62 quae
1602 2727 172 62 subsistit
1735 2727 80 62 in
1761 2727 146 62 creaturis

449 2772 131 78 duplex
541 2772 105 78 est.
606 2772 158 78 secundum
725 2772 105 78 quod
790 2772 79 78 in
830 2772 92 78 eis
882 2772 131 78 duplex
974 2772 92 78 est
1026 2772 197 78 suppositum.
1184 2772 158 78 scilicet
1302 2772 184 78 vniuersale
1447 2772 144 78 generis
1552 2772 66 78 &
1578 2772 158 78 speciei,
1696 2772 79 78 vt
1735 2772 131 78 animal
1827 2772 66 78 &
1840 2772 66 78 ho
