2017 3201
437 269 100 68 sub
494 269 100 68 se,
551 269 128 68 atque
637 269 157 68 diuisam
751 269 86 68 ab
794 269 86 68 eo
836 269 114 68 quod
908 269 100 68 est
965 269 128 68 iuxta
1050 269 100 68 se,
1108 269 100 68 non
1165 269 100 68 est
1222 269 143 68 dubium
1322 269 114 68 quin
1393 269 100 68 hoc
1450 269 128 68 nomen
1536 269 157 68 persona
1650 269 86 68 in
1693 269 186 68 creaturis
1821 269 100 68 ratio

433 337 149 56 nalibus
542 337 95 56 non
596 337 95 56 sit
650 337 122 56 nomen
731 337 95 56 rei
785 337 95 56 sed
839 337 122 56 nomen
920 337 216 56 intentionis,
1096 337 135 56 dicens
1191 337 189 56 praedictum
1340 337 122 56 modum
1421 337 257 56 indiuiduationis
1637 337 122 56 circa
1719 337 135 56 illas:
1813 337 81 56 vt
1840 337 68 56 non

436 379 182 54 significet
579 379 91 54 rem
631 379 91 54 cui
683 379 143 54 accidit
787 379 221 54 indiuiduatio:
969 379 91 54 sed
1021 379 104 54 quod
1086 379 182 54 significet
1228 379 195 54 intentionem
1384 379 247 54 indiuiduitatis:
1592 379 78 54 vt
1631 379 130 54 omnino
1722 379 104 54 idem
1787 379 91 54 sit
1826 379 91 54 dice-

439 428 91 57 re:
491 428 130 57 Petrus
582 428 91 57 est
634 428 195 57 indiuiduum:
789 428 65 57 &
815 428 130 57 Petrus
906 428 91 57 est
958 428 156 57 persona.
1075 428 78 57 Et
1114 428 182 57 significat
1256 428 104 57 idem
1321 428 104 57 quid
1386 428 182 57 suppositum
1529 428 221 57 inconicabile.
1710 428 91 57 Est
1762 428 104 57 enim
1814 428 91 57 super

442 476 168 44 positum
564 476 137 44 nomen
655 476 183 44 secundae
792 476 229 44 intentionis
975 476 122 44 cone
1051 476 91 44 ad
1097 476 229 44 substantiam
1280 476 183 44 communem
1417 476 76 44 &
1448 476 229 44 singularem:
1631 476 76 44 &
1661 476 107 44 est
1707 476 198 44 incommunica

426 520 142 52 bile,
521 520 174 52 commune
647 520 95 52 ad
695 520 205 52 singulare
852 520 237 52 substantiae
1042 520 79 52 &
1073 520 237 52 accidentis,
1263 520 95 52 vt
1310 520 174 52 habitum
1436 520 110 52 est
1500 520 158 52 supra:
1610 520 95 52 et
1657 520 142 52 mutuo
1752 520 126 52 vnum
1815 520 95 52 con-

443 566 150 59 trahit
548 566 75 59 &
578 566 210 59 specificat
742 566 180 59 alterum.
877 566 120 59 Vnde
952 566 120 59 quod
1027 566 165 59 dicitur
1147 566 105 59 hic
1206 566 210 59 suppositum
1371 566 299 59 incommunicabile,
1626 566 105 59 hoc
1685 566 135 59 dicit
1760 566 150 59 Boethius

431 603 96 56 in
479 603 240 56 definitione
671 603 208 56 personae,
830 603 240 56 substantiam
1022 603 240 56 indiuiduam:
1213 603 176 56 sumendo
1341 603 240 56 substantiam
1533 603 128 56 more
1613 603 208 56 Graecorum
1772 603 112 56 pro
1820 603 96 56 sub-

430 651 200 53 sistentia:
587 651 200 53 indiuiduum
744 651 129 53 autem
830 651 100 53 pro
887 651 286 53 incommunicabili.
1130 651 172 53 secundum
1259 651 114 53 quod
1331 651 172 53 corrigit
1459 651 100 53 eum
1517 651 186 53 Ricardus.
1660 651 114 53 Quod
1731 651 114 53 vero
1788 651 129 53 dicitur

421 704 145 53 naturae
526 704 250 53 intellectualis,
737 704 92 53 hoc
789 704 145 53 ponitur
895 704 92 53 ibi
947 704 118 53 sicut
1026 704 171 53 subiectum
1158 704 79 53 in
1197 704 197 53 definitione
1355 704 197 53 accidentis:
1513 704 105 53 quod
1579 704 92 53 est
1632 704 105 53 eius
1697 704 132 53 passio
1776 704 132 53 proprie.

428 746 248 57 appropriatur
630 746 124 57 enim
708 746 109 57 (vt
770 746 155 57 dictum
878 746 124 57 est)
956 746 171 57 persona
1080 746 264 57 intellectuali
1297 746 186 57 naturae,
1436 746 233 57 quemadmodum
1622 746 140 57 simum
1715 746 140 57 naso.
1808 746 93 57 Et
1839 746 78 57 sic

426 786 165 52 breuiter
550 786 138 52 potest
646 786 165 52 quaestio
770 786 110 52 ista
839 786 193 52 explicari,
991 786 110 52 quam
1059 786 179 52 opiniones
1197 786 193 52 praedictae
1349 786 138 52 multum
1445 786 193 52 inuoluunt.
1596 786 124 52 iuxta
1679 786 124 52 illud
1762 786 110 52 quod
1817 786 96 52 dicit

432 830 192 57 Ricardus.
580 830 133 57 iiii.
668 830 88 57 de
712 830 192 57 trinitate
860 830 88 57 in
904 830 206 57 principio.
1066 830 147 57 Aliqui
1170 830 88 57 ex
1214 830 177 57 modernis
1347 830 177 57 personae
1479 830 133 57 nomen
1568 830 103 57 sub
1627 830 206 57 multiplici
1774 830 133 57 signifi

432 883 159 58 catione
547 883 202 58 accipiunt:
705 883 72 58 &
734 883 187 58 profundae
878 883 187 58 veritatis
1022 883 259 58 intelligentiam
1239 883 115 58 quam
1311 883 187 58 explicare
1455 883 202 58 debuerant,
1613 883 144 58 maiore
1714 883 159 58 ambiguo
1815 883 101 58 inuol

429 927 127 48 uunt.
514 927 113 48 Quid
584 927 113 48 ergo
655 927 156 48 dicemus
768 927 85 48 ad
811 927 226 48 auctoritates
995 927 184 48 sanctorum
1136 927 113 48 quae
1207 927 156 48 clamant
1320 927 113 48 quod
1391 927 212 48 substantiam
1560 927 198 48 significat
1716 927 99 48 aut
1758 927 156 48 proprieta

428 972 98 52 tem
484 972 210 52 distinctam,
652 972 98 52 aut
708 972 168 52 vtrumque
834 972 140 52 simul:
932 972 126 52 sicut
1016 972 126 52 patet
1100 972 210 52 inspicienti
1268 972 252 52 distinctionem.
1478 972 112 52 xxv.
1548 972 126 52 primi
1632 972 126 52 libri
1702 972 210 52 Sententiarum.

458 1015 82 52 Et
499 1015 96 52 est
553 1015 164 52 sciendum
676 1015 82 52 ad
717 1015 96 52 nos
772 1015 218 52 concordandum
949 1015 96 52 cum
1004 1015 123 52 aliis
1086 1015 68 52 &
1113 1015 96 52 cum
1168 1015 137 52 dictis
1263 1015 191 52 sanctorum:
1413 1015 109 52 quod
1482 1015 123 52 licet
1564 1015 109 52 omne
1632 1015 123 52 nomen
1714 1015 178 52 vbicumque
1837 1015 68 52 po-

433 1064 123 48 nitur
515 1064 82 48 in
556 1064 218 48 enunciatione
733 1064 150 48 aliqua,
842 1064 95 48 per
897 1064 82 48 se
938 1064 68 48 &
965 1064 232 48 principaliter
1156 1064 164 48 supponit
1278 1064 68 48 &
1305 1064 191 48 praetendit
1455 1064 109 48 suum
1523 1064 218 48 significatum
1701 1064 150 48 tanquam
1796 1064 109 48 signum

424 1107 169 47 signatum
551 1107 85 47 ad
593 1107 113 47 quod
663 1107 239 47 praesentandum
861 1107 197 47 imponitur:
1016 1107 127 47 tamen
1100 1107 183 47 aliquando
1241 1107 127 47 nomen
1325 1107 127 47 illud
1410 1107 169 47 supponit
1537 1107 99 47 pro
1593 1107 113 47 ipso
1663 1107 225 47 significato:
1832 1107 85 47 ali-

445 1154 129 60 quando
536 1154 116 60 autem
613 1154 91 60 non
665 1154 91 60 pro
717 1154 207 60 significato:
885 1154 91 60 sed
936 1154 91 60 pro
988 1154 91 60 suo
1040 1154 181 60 appellato,
1182 1154 91 60 vel
1234 1154 129 60 quasi:
1324 1154 116 60 verbi
1402 1154 142 60 gratia,
1505 1154 78 60 in
1544 1154 129 60 nomine
1635 1154 103 60 quid
1699 1154 181 60 significat
1828 1154 78 60 rem.

435 1193 116 55 homo
507 1193 116 55 enim
579 1193 87 55 in
623 1193 188 55 quacumque
767 1193 232 55 enunciatione
956 1193 174 55 ponitur:
1086 1193 174 55 supponit
1216 1193 217 55 humanitatem
1390 1193 116 55 quam
1462 1193 217 55 significat:
1636 1193 72 55 &
1665 1193 188 55 aliquando
1795 1193 116 55 suppo-

434 1243 86 49 nit
483 1243 86 49 pro
532 1243 111 49 ipsa,
606 1243 74 49 vt
643 1243 86 49 cum
693 1243 148 49 dicitur,
804 1243 99 49 homo
865 1243 86 49 est
915 1243 148 49 species:
1026 1243 160 49 aliquando
1149 1243 99 49 vero
1211 1243 86 49 pro
1260 1243 173 49 appellato,
1396 1243 74 49 vt
1433 1243 86 49 cum
1482 1243 148 49 dicitur,
1593 1243 99 49 homo
1655 1243 136 49 currit.
1754 1243 136 49 Dicitur
1840 1243 74 49 enim

429 1286 164 62 terminus
552 1286 178 62 supponere
689 1286 96 62 pro
744 1286 109 62 illo
812 1286 96 62 pro
867 1286 96 62 quo
922 1286 191 62 locutionem
1072 1286 123 62 natus
1154 1286 96 62 est
1209 1286 205 62 verificare,
1373 1286 68 62 &
1400 1286 96 62 pro
1455 1286 96 62 quo
1509 1286 137 62 alteri
1605 1286 191 62 comparatur
1756 1286 82 62 in
1783 1286 123 62 enuncia

433 1334 135 56 tione.
527 1334 175 56 Similiter
662 1334 81 56 in
702 1334 135 56 nomine
796 1334 216 56 significante
972 1334 216 56 intentionem.
1147 1334 121 56 Verbi
1228 1334 148 56 gratia,
1335 1334 148 56 Species
1443 1334 81 56 in
1484 1334 175 56 quacumque
1619 1334 216 56 enunciatione
1780 1334 135 56 ponitur,

420 1371 168 57 supponit
546 1371 168 57 rationem
672 1371 224 57 vniuersalis:
855 1371 112 57 quae
925 1371 98 57 est
981 1371 182 57 respectus
1121 1371 140 57 quidam
1220 1371 70 57 &
1248 1371 168 57 intentio
1374 1371 112 57 quam
1444 1371 210 57 significat.
1612 1371 70 57 &
1640 1371 182 57 aliquando
1767 1371 140 57 supponit

440 1422 92 60 pro
493 1422 119 60 ipsa,
572 1422 79 60 vt
611 1422 92 60 cum
664 1422 158 60 dicitur,
783 1422 145 60 Species
889 1422 92 60 est
941 1422 158 60 intentio
1060 1422 158 60 rationis
1179 1422 66 60 &
1205 1422 185 60 vniuersale
1350 1422 158 60 quiddam:
1469 1422 172 60 aliquando
1601 1422 106 60 vero
1667 1422 158 60 supponit
1786 1422 92 60 pro
1826 1422 92 60 appel

431 1466 97 64 lato
491 1466 84 64 vel
540 1466 121 64 quasi,
624 1466 72 64 vt
660 1466 84 64 pro
708 1466 133 64 homine,
805 1466 84 64 aut
853 1466 121 64 asino,
938 1466 84 64 aut
986 1466 169 64 huiusmodi,
1119 1466 72 64 vt
1155 1466 84 64 cum
1203 1466 145 64 dicitur,
1312 1466 133 64 Species
1408 1466 84 64 est
1457 1466 97 64 quae
1517 1466 181 64 praedicatur
1662 1466 72 64 de
1698 1466 145 64 pluribus
1794 1466 121 64 differem

426 1511 130 53 tibus
512 1511 159 53 numero.
628 1511 101 53 vbi
686 1511 188 53 definitur
830 1511 159 53 species
946 1511 101 53 non
1004 1511 87 53 vt
1047 1511 101 53 est
1105 1511 174 53 intentio
1235 1511 202 53 abstracta,
1394 1511 72 53 &
1423 1511 87 53 vt
1467 1511 174 53 supponit
1597 1511 101 53 pro
1655 1511 101 53 suo
1713 1511 231 53 significato:

424 1552 96 57 sic
479 1552 110 57 enim
548 1552 96 57 non
603 1552 206 57 praedicatur
768 1552 82 57 de
809 1552 234 57 differentibus
1001 1552 151 57 numero:
1111 1552 96 57 non
1166 1552 110 57 enim
1235 1552 110 57 vere
1304 1552 165 57 dicitur,
1427 1552 137 57 Petrus
1523 1552 96 57 est
1578 1552 165 57 species,
1702 1552 137 57 Paulus
1798 1552 96 57 est
1839 1552 69 57 spe

421 1597 133 56 cies:
510 1597 103 56 sed
569 1597 192 56 definitur
717 1597 89 56 vt
761 1597 103 56 est
820 1597 89 56 in
865 1597 89 56 re
909 1597 133 56 cuius
998 1597 118 56 est,
1072 1597 74 56 &
1101 1597 89 56 vt
1145 1597 177 56 supponit
1278 1597 103 56 pro
1338 1597 118 56 ipsa
1411 1597 103 56 sub
1471 1597 251 56 indifferentia
1678 1597 148 56 quadam
1781 1597 89 56 ad
1825 1597 118 56 quam

426 1639 122 61 libet
508 1639 163 61 illorum,
630 1639 177 61 cuiusmodi
766 1639 122 61 sunt,
848 1639 122 61 homo,
929 1639 150 61 asinus,
1038 1639 68 61 &
1065 1639 190 61 huiusmodi,
1215 1639 109 61 quae
1283 1639 217 61 praedicantur
1459 1639 82 61 de
1500 1639 122 61 solis
1582 1639 190 61 indiuiduis
1731 1639 122 61 suis.
1813 1639 82 61 Et
1840 1639 68 61 mul

421 1696 102 45 tum
479 1696 145 45 refert
580 1696 131 45 loqui
667 1696 87 45 de
711 1696 116 45 eius
783 1696 218 45 significato
957 1696 87 45 vt
1001 1696 232 45 consideratur
1189 1696 174 45 secundum
1320 1696 102 45 se,
1378 1696 73 45 &
1407 1696 87 45 vt
1450 1696 174 45 supponit
1581 1696 102 45 pro
1639 1696 116 45 ipso
1711 1696 232 45 significato:

425 1737 73 67 &
455 1737 87 67 vt
498 1737 174 67 supponit
629 1737 102 67 pro
687 1737 189 67 subtracto
832 1737 116 67 siue
905 1737 203 67 appellato,
1065 1737 102 67 aut
1123 1737 131 67 quasi
1210 1737 203 67 appellato:
1370 1737 87 67 si
1414 1737 102 67 non
1472 1737 145 67 possit
1574 1737 116 67 dici
1646 1737 160 67 proprie
1763 1737 116 67 eius
1835 1737 102 67 ape

421 1787 169 54 pellatum.
551 1787 78 54 Si
590 1787 104 54 enim
655 1787 208 54 consideratur
824 1787 156 54 secundum
941 1787 91 54 se,
993 1787 65 54 &
1019 1787 78 54 vt
1058 1787 156 54 supponit
1175 1787 91 54 pro
1226 1787 91 54 suo
1278 1787 208 54 significato:
1447 1787 104 54 tunc
1512 1787 182 54 significat
1655 1787 195 54 intentionem
1811 1787 130 54 ratio-

425 1831 94 45 nis
478 1831 148 45 tantum,
586 1831 67 45 a
612 1831 94 45 qua
666 1831 121 45 nomen
746 1831 188 45 imponitum.
894 1831 80 45 Si
934 1831 107 45 vero
1001 1831 215 45 consideratur
1176 1831 161 45 secundum
1296 1831 107 45 quod
1363 1831 161 45 supponit
1484 1831 94 45 pro
1538 1831 80 45 re
1578 1831 121 45 circa
1659 1831 107 45 quam
1726 1831 121 45 notat
1793 1831 107 45 inten-

426 1870 158 64 tionem:
540 1870 72 64 &
569 1870 187 64 quaeratur
713 1870 86 64 de
756 1870 100 64 suo
813 1870 215 64 significato
985 1870 129 64 large
1072 1870 172 64 loquendo
1201 1870 86 64 de
1244 1870 215 64 significato
1416 1870 86 64 vt
1459 1870 100 64 sic
1516 1870 187 64 supponit:
1660 1870 100 64 sic
1717 1870 100 64 res
1775 1870 115 64 illa
1832 1870 72 64 ca-

439 1914 99 70 dit
496 1914 85 70 in
538 1914 99 70 suo
595 1914 227 70 significato,
779 1914 128 70 large
864 1914 170 70 loquendo
992 1914 85 70 de
1035 1914 227 70 significato.
1247 1914 213 70 Descendendo
1418 1914 142 70 igitur
1517 1914 85 70 ad
1559 1914 199 70 propositum
1715 1914 156 70 dicimus
1829 1914 113 70 quod

436 1961 101 65 hoc
493 1961 130 65 nomen
580 1961 158 65 persona
695 1961 101 65 est
752 1961 101 65 per
810 1961 86 65 se
853 1961 72 65 a
882 1961 130 65 prima
968 1961 216 65 impositione
1141 1961 130 65 nomen
1227 1961 230 65 intentionis:
1415 1961 72 65 &
1443 1961 202 65 significat
1602 1961 130 65 solum
1688 1961 173 65 rationem
1803 1961 101 65 super

429 2012 152 59 positi
535 2012 304 59 incommunicabilis
794 2012 76 59 a
824 2012 137 59 prima
915 2012 228 59 impositione
1098 2012 76 59 a
1128 2012 106 59 qua
1189 2012 137 59 nomen
1280 2012 198 59 impositum
1432 2012 106 59 est
1493 2012 198 59 solummodo
1645 2012 137 59 circa
1721 2012 182 59 intellectu

430 2055 114 54 alem
501 2055 171 54 naturam,
629 2055 99 54 non
686 2055 85 54 vt
728 2055 114 54 quam
799 2055 213 54 significat:
970 2055 99 54 sed
1027 2055 114 54 quae
1098 2055 99 54 est
1155 2055 85 54 de
1197 2055 199 54 intellectu
1354 2055 128 54 eius:
1439 2055 213 54 quemadmodum
1610 2055 199 54 quodammodo
1752 2055 156 54 subiectum

422 2095 98 65 est
478 2095 84 65 de
520 2095 210 65 intellectu,
688 2095 168 65 propriae
814 2095 196 65 passionis.
968 2095 182 65 Aliquando
1108 2095 126 65 tamen
1192 2095 140 65 potest
1290 2095 182 65 supponere
1430 2095 126 65 illud
1514 2095 224 65 significatum
1696 2095 126 65 suum:
1780 2095 112 65 quod
1836 2095 70 65 est

430 2138 164 58 intentio
553 2138 164 58 rationis
677 2138 96 58 pro
731 2138 109 58 ipso
800 2138 219 58 significato,
978 2138 82 58 vt
1019 2138 96 58 cum
1073 2138 164 58 dicitur,
1197 2138 151 58 Persona
1306 2138 96 58 est
1361 2138 192 58 suppositum
1511 2138 109 58 siue
1580 2138 192 58 hypostasis
1730 2138 164 58 quaedam:
1840 2138 68 58 ali

421 2183 150 72 quando
526 2183 120 72 vero
601 2183 105 72 pro
661 2183 120 72 eius
737 2183 195 72 appellato
887 2183 105 72 vel
947 2183 150 72 quasi,
1052 2183 90 72 vt
1097 2183 105 72 pro
1157 2183 105 72 suo
1218 2183 135 72 quasi
1308 2183 180 72 subiecto
1443 2183 135 72 circa
1533 2183 120 72 quod
1608 2183 180 72 connotat
1744 2183 195 72 huiusmodi

428 2230 220 69 intentionem:
607 2230 83 69 vt
648 2230 96 69 cum
704 2230 151 69 dicitur
814 2230 151 69 persona
924 2230 151 69 generat
1034 2230 96 69 aut
1089 2230 193 69 generatur:
1240 2230 138 69 spirat
1337 2230 96 69 aut
1392 2230 179 69 spiratur:
1529 2230 124 69 Pater
1612 2230 96 69 est
1667 2230 151 69 persona
1777 2230 96 69 aut
1818 2230 83 69 per-

431 2272 108 71 sona
498 2272 95 71 est
552 2272 135 71 pater.
647 2272 81 71 Et
687 2272 122 71 licet
768 2272 81 71 vt
809 2272 162 71 secundum
930 2272 81 71 se
971 2272 230 71 consideratur,
1160 2272 81 71 vt
1200 2272 162 71 supponit
1322 2272 95 71 pro
1376 2272 95 71 suo
1430 2272 149 71 proprio
1538 2272 203 71 significato
1700 2272 95 71 non
1740 2272 162 71 significat

428 2327 104 58 nisi
493 2327 195 58 intentionem
649 2327 169 58 rationis:
780 2327 117 58 tamen
858 2327 78 58 vt
897 2327 156 58 supponit
1014 2327 91 58 pro
1066 2327 78 58 re
1105 2327 117 58 circa
1184 2327 104 58 quam
1249 2327 117 58 notat
1327 2327 117 58 illam
1405 2327 208 58 intentionem,
1574 2327 78 58 si
1613 2327 156 58 secundum
1731 2327 104 58 hanc
1783 2327 117 58 conside

436 2365 164 68 rationem
559 2365 178 68 quaeratur
696 2365 82 68 de
737 2365 109 68 eius
805 2365 219 68 significato,
983 2365 109 68 tunc
1051 2365 82 68 in
1092 2365 96 68 suo
1147 2365 205 68 significato
1311 2365 164 68 includit
1434 2365 96 68 rem
1489 2365 137 68 tantum
1585 2365 68 68 &
1612 2365 164 68 rationem
1721 2365 178 68 intentionis

433 2410 82 58 Et
474 2410 96 58 hoc
529 2410 109 58 modo
597 2410 178 58 loquuntur
734 2410 137 58 sancti
830 2410 68 58 &
857 2410 164 58 doctores
980 2410 82 58 de
1021 2410 137 58 nomine
1117 2410 164 58 personae
1239 2410 96 58 cum
1294 2410 164 58 quaerunt
1417 2410 109 58 eius
1485 2410 232 58 significatum.
1677 2410 96 58 Sed
1731 2410 96 58 sic
1786 2410 123 58 loqui
1854 2410 55 58 de

432 2455 214 63 significato
603 2455 100 63 est
660 2455 143 63 multum
760 2455 185 63 extendere
902 2455 285 63 significationem:
1144 2455 71 63 &
1173 2455 100 63 non
1230 2455 100 63 sic
1287 2455 171 63 loquitur
1415 2455 171 63 Boethius
1543 2455 86 63 de
1586 2455 214 63 significato
1757 2455 185 63 personae.

429 2498 122 67 Vnde
505 2498 76 67 &
536 2498 92 67 in
581 2498 229 67 definitione
764 2498 183 67 personae
902 2498 92 67 id
947 2498 122 67 quod
1024 2498 183 67 pertinet
1161 2498 92 67 ad
1207 2498 183 67 rationem
1344 2498 229 67 intentionis
1527 2498 168 67 ponitur
1649 2498 122 67 loco
1725 2498 183 67 generis:
1847 2498 61 67 vt

429 2543 212 71 substantia
595 2543 212 71 indiuidua:
762 2543 76 71 &
792 2543 91 71 id
837 2543 121 71 quid
913 2543 182 71 pertinet
1049 2543 91 71 ad
1095 2543 182 71 rationem
1231 2543 121 71 rei,
1307 2543 121 71 loco
1382 2543 257 71 differentiae:
1594 2543 91 71 vt
1640 2543 212 71 rationalis
1791 2543 121 71 essen-

423 2596 136 57 tiae:
513 2596 226 57 quemadmodum
695 2596 91 57 in
740 2596 226 57 definitione
921 2596 181 57 propriae
1057 2596 196 57 passionis
1208 2596 91 57 id
1253 2596 121 57 quod
1328 2596 106 57 est
1389 2596 121 57 suae
1464 2596 166 57 naturae
1585 2596 166 57 ponitur
1706 2596 121 57 loco
1766 2596 136 57 generis

426 2636 70 60 &
454 2636 112 60 quod
524 2636 168 60 pertinet
650 2636 84 60 ad
692 2636 196 60 subiectum,
846 2636 112 60 loco
916 2636 224 60 differentiae
1098 2636 168 60 secundum
1223 2636 126 60 artem
1307 2636 210 60 philosophi.
1475 2636 98 60 Oia
1531 2636 140 60 igitur
1629 2636 182 60 argumenta
1755 2636 140 60 supindu-

435 2684 103 69 cta
494 2684 205 69 concludunt
655 2684 176 69 secundum
787 2684 176 69 diuersas
919 2684 278 69 significationes
1153 2684 132 69 huius
1241 2684 176 69 nominis:
1373 2684 73 69 &
1402 2684 176 69 secundum
1534 2684 176 69 diuersos
1666 2684 132 69 alios
1754 2684 132 69 modos
1827 2684 73 69 non

418 2735 241 73 concludunt:
611 2735 112 73 sed
675 2735 177 73 oportet
804 2735 112 73 eis
868 2735 225 73 respondere
1045 2735 177 73 propter
1173 2735 193 73 diuersas
1318 2735 273 73 difficultates
1543 2735 129 73 quas
1607 2735 193 73 implicant.
