2017 3277
437 280 174 65 dicendum
567 280 116 65 quod
639 280 101 65 hoc
697 280 116 65 quod
770 280 87 65 in
813 280 101 65 deo
871 280 203 65 significat
1031 280 101 65 rem
1089 280 203 65 respectus:
1248 280 101 65 non
1306 280 130 65 autem
1393 280 87 65 in
1436 280 188 65 creatura:
1581 280 174 65 pertinet
1712 280 87 65 ad
1741 280 43 65 e

440 338 105 59 rem
500 338 135 59 modum
590 338 165 59 sumendi
711 338 180 59 personam
846 338 90 59 in
891 338 105 59 deo
951 338 120 59 quam
1026 338 90 59 in
1071 338 210 59 creaturis:
1237 338 75 59 &
1267 338 105 59 ita
1327 338 105 59 quo
1387 338 90 59 ad
1432 338 105 59 hoc
1492 338 105 59 non
1552 338 210 59 significat
1718 338 90 59 in
1748 338 75 59 deo

444 384 84 59 in
486 384 197 59 creaturis,
641 384 126 59 etiam
725 384 84 59 in
767 384 225 59 significando
949 384 211 59 substantiam
1118 384 112 59 quae
1188 384 98 59 est
1244 384 211 59 hypostasis:
1413 384 112 59 quia
1483 384 84 59 in
1525 384 183 59 creaturis
1665 384 98 59 est
1722 384 154 59 persona
1820 384 70 59 abs

444 432 125 46 luta:
527 432 83 46 in
569 432 97 46 deo
624 432 208 46 respectiua,
791 432 83 46 vt
833 432 139 46 dictum
930 432 97 46 est
985 432 139 46 supra.
1082 432 111 46 Vnde
1152 432 97 46 non
1207 432 153 46 impedit
1318 432 97 46 hoc
1374 432 180 46 personam,
1512 432 222 46 propriissime
1693 432 139 46 accipi
1790 432 83 46 in
1818 432 55 46 di

450 477 69 57 ⁋
478 477 166 57 Quartum:
602 477 111 57 quod
672 477 97 57 non
727 477 194 57 significat
879 477 125 57 solam
962 477 208 57 relationem:
1129 477 208 57 concedendum
1295 477 111 57 est.
1364 477 69 57 ⁋
1392 477 83 57 Ad
1433 477 166 57 quintum:
1558 477 111 57 quod
1627 477 152 57 persona
1738 477 97 57 est
1779 477 125 57 indiui-

450 526 112 55 duum
520 526 195 55 rationale:
673 526 70 55 &
701 526 195 55 indiuiduum
855 526 98 55 est
911 526 181 55 intentio:
1050 526 112 55 ergo
1120 526 98 55 &c.
1176 526 168 55 Dicendum
1302 526 112 55 quod
1371 526 126 55 eadem
1455 526 154 55 ratione
1567 526 140 55 posset
1665 526 181 55 concludi:
1804 526 98 55 sed
1846 526 56 55 ra

454 568 144 47 tionale
559 568 92 47 est
611 568 197 47 substantia:
768 568 105 47 ergo
834 568 144 47 persona
939 568 183 47 significat
1083 568 210 47 substantiam.
1253 568 79 47 Et
1292 568 92 47 est
1345 568 157 47 dicendum
1463 568 105 47 quod
1528 568 144 47 praeter
1633 568 131 47 dictos
1712 568 66 47 dui

456 616 253 60 ignificationis
666 616 182 60 personae:
807 616 126 60 adhuc
891 616 140 60 tertia
989 616 112 60 eius
1059 616 224 60 significatio
1242 616 140 60 potest
1340 616 182 60 assignari
1480 616 84 60 ex
1522 616 112 60 isto
1592 616 126 60 dicto
1677 616 168 60 Boethii,
1803 616 84 60 in
1831 616 42 60 d

453 668 107 49 quod
520 668 147 49 triplex
627 668 94 49 est
680 668 214 49 significatio
854 668 174 49 personae:
988 668 107 49 quia
1055 668 147 49 proprie
1162 668 161 49 loquendo
1283 668 80 49 de
1323 668 201 49 significato
1483 668 107 49 eius
1550 668 120 49 prout
1617 668 201 49 significatio:

450 707 163 59 pellatur
572 707 122 59 illud
654 707 81 59 ad
694 707 108 59 quod
762 707 257 59 repraesentandum
979 707 95 59 per
1033 707 81 59 se
1073 707 95 59 est
1128 707 176 59 imposita:
1263 707 122 59 sicut
1344 707 95 59 est
1399 707 122 59 nomen
1480 707 217 59 intentionis:
1656 707 95 59 non
1696 707 163 59 significat

440 751 214 54 intentionem,
614 751 107 54 quae
681 751 94 54 est
734 751 161 54 rationis
855 751 174 54 conceptus
989 751 121 54 circa
1069 751 94 54 rem
1123 751 255 54 intellectualem:
1337 751 134 54 qualem
1431 751 188 54 communiter
1578 751 121 54 circa
1659 751 188 54 quancumque
1793 751 80 54 crea

441 803 98 56 ram
497 803 196 56 significat
651 803 98 56 hoc
707 803 126 56 nomen
791 803 210 56 indiuiduum:
959 803 70 56 &
987 803 126 56 habet
1071 803 84 56 in
1114 803 154 56 diuinis
1226 803 210 56 substantiam
1394 803 112 56 quae
1464 803 98 56 est
1520 803 98 56 hic
1576 803 154 56 aliquis
1674 803 42 56 e

440 844 194 53 intellectu,
596 844 78 53 vt
634 844 130 53 dictum
725 844 104 53 est.
790 844 65 53 &
816 844 91 53 sic
868 844 91 53 est
919 844 117 53 nomen
997 844 194 53 intentionis
1153 844 143 53 tantum.
1256 844 117 53 Large
1334 844 117 53 autem
1412 844 155 53 loquendo
1528 844 78 53 de
1567 844 194 53 significato
1723 844 104 53 eius
1787 844 155 53 secundum

451 888 106 64 quod
517 888 146 64 dicitur
623 888 199 64 significare
782 888 106 64 suum
848 888 199 64 appellatum:
1008 888 66 64 &
1034 888 80 64 id
1074 888 106 64 quod
1140 888 212 64 significatur
1312 888 93 64 per
1365 888 133 64 ipsum:
1458 888 199 64 quemadmodum
1617 888 133 64 sancti
1710 888 66 64 &
1737 888 159 64 magistri
1843 888 66 64 con

436 936 151 52 muniter
546 936 137 52 solent
642 936 124 52 loqui
725 936 82 52 de
766 936 206 52 significato
931 936 124 52 eius:
1014 936 96 52 sic
1069 936 192 52 significat
1220 936 206 52 substantiam
1385 936 96 52 cum
1440 936 179 52 relatione
1577 936 165 52 secundum
1701 936 124 52 modum
1783 936 110 52 quem
1838 936 69 52 po-

434 986 96 59 nit
489 986 178 59 Ricardus:
626 986 96 59 sed
680 986 123 59 quasi
762 986 178 59 immediate
899 986 191 59 significat
1049 986 123 59 illum
1131 986 109 59 quid
1199 986 96 59 est
1254 986 96 59 hic
1309 986 164 59 aliquis:
1432 986 96 59 sed
1486 986 246 59 indeterminate:
1691 986 82 59 de
1732 986 123 59 cuius
1801 986 109 59 signi-

433 1029 182 59 ficatione
573 1029 98 59 est
629 1029 197 59 substantia
784 1029 70 59 &
812 1029 154 59 relatio
924 1029 295 59 incommunicabilis:
1177 1029 154 59 propter
1289 1029 112 59 quod
1359 1029 126 59 etiam
1444 1029 112 59 sunt
1514 1029 84 59 de
1556 1029 253 59 significatione
1767 1029 182 59 personae.

447 1075 66 55 &
473 1075 92 55 sic
526 1075 92 55 est
579 1075 119 55 nomen
658 1075 92 55 rei
710 1075 145 55 tantum:
816 1075 66 55 &
842 1075 92 55 est
895 1075 158 55 intentio
1013 1075 79 55 de
1053 1075 184 55 intellectu
1198 1075 105 55 eius
1263 1075 119 55 circa
1342 1075 171 55 huiusmodi
1474 1075 92 55 rem
1527 1075 132 55 veluti
1619 1075 145 55 propria
1724 1075 92 55 ei.
1764 1075 158 55 Largissime

449 1123 125 56 autem
532 1123 166 56 loquendo
657 1123 83 56 de
699 1123 208 56 significato
865 1123 180 56 personae,
1003 1123 152 56 dicitur
1114 1123 208 56 significare
1281 1123 166 56 vtrumque
1405 1123 152 56 simuli:
1516 1123 69 56 &
1544 1123 97 56 hoc
1599 1123 83 56 in
1641 1123 139 56 recto:
1738 1123 208 56 quemadmodum

448 1168 82 55 si
489 1168 122 55 album
571 1168 190 55 significet
720 1168 163 55 accidens
842 1168 68 55 &
870 1168 190 55 subiectum.
1019 1168 68 55 &
1046 1168 95 55 sic
1101 1168 122 55 simul
1182 1168 95 55 est
1237 1168 122 55 nomen
1318 1168 95 55 rei
1372 1168 68 55 &
1400 1168 217 55 intentionis.
1576 1168 82 55 Et
1617 1168 95 55 sic
1671 1168 163 55 loquitur
1780 1168 136 55 Boethius

454 1213 132 60 quando
546 1213 132 60 dicit,
639 1213 106 60 quod
705 1213 146 60 persona
811 1213 93 60 est
864 1213 172 60 rationale
996 1213 198 60 indiuiduum.
1155 1213 66 60 ⁋
1181 1213 79 60 Ad
1221 1213 146 60 sextum:
1327 1213 79 60 si
1366 1213 146 60 persona
1472 1213 212 60 significaret
1644 1213 212 60 intentionem:
1816 1213 93 60 non
1856 1213 66 60 rem

456 1259 82 62 ut
497 1259 218 62 substantiam:
675 1259 109 62 tunc
743 1259 164 62 trinitas
865 1259 191 62 personarum
1015 1259 95 62 non
1070 1259 123 62 esset
1152 1259 109 62 nisi
1220 1259 218 62 intentionum:
1397 1259 164 62 Dicendum
1520 1259 109 62 quod
1588 1259 123 62 verum
1670 1259 95 62 est
1724 1259 82 62 si
1765 1259 123 62 nullo
1847 1259 109 62 modo

447 1307 121 60 aliud
527 1307 229 60 significaret,
716 1307 108 60 quod
783 1307 94 60 non
837 1307 94 60 est
891 1307 108 60 ita,
958 1307 81 60 vt
998 1307 121 60 patet
1079 1307 81 60 ex
1119 1307 283 60 praedeterminatis.
1362 1307 108 60 Vnde
1429 1307 162 60 trinitas
1550 1307 94 60 est
1604 1307 121 60 trium
1685 1307 162 60 secundum
1792 1307 135 60 personas

444 1352 81 47 in
484 1352 188 47 personarum
631 1352 255 47 proprietatibus,
846 1352 134 47 vnitas
940 1352 81 47 in
980 1352 174 47 essentia,
1115 1352 81 47 vt
1155 1352 121 47 infra
1235 1352 188 47 videbitur.
1383 1352 81 47 Et
1423 1352 94 47 tam
1477 1352 174 47 essentiae
1611 1352 134 47 vnitas
1705 1352 107 47 quan
1772 1352 121 47 trium
1839 1352 81 47 per-

449 1399 150 57 sonarum
558 1399 218 57 proprietates
736 1399 136 57 nomine
831 1399 164 57 personae
954 1399 232 57 significantur
1144 1399 123 57 etiam
1226 1399 95 57 cum
1281 1399 150 57 ratione
1390 1399 218 57 intentionis,
1567 1399 82 57 vt
1608 1399 136 57 dictum
1703 1399 109 57 est.
1771 1399 68 57 ⁋
1798 1399 95 57 Per
1839 1399 82 57 idem

454 1448 140 55 patet
548 1448 203 55 responsio
704 1448 94 55 ad
751 1448 203 55 septimum.
907 1448 156 55 Vltima
1016 1448 109 55 duo
1079 1448 218 55 concedenda
1250 1448 125 55 sunt
1328 1448 187 55 secundum
1469 1448 109 55 iam
1516 1448 218 55 determinata.

716 1487 117 67 Irca
789 1487 146 67 Sextum
891 1487 189 67 arguitur:
1037 1487 117 67 quod
1110 1487 87 67 in
1154 1487 102 67 deo
1212 1487 102 67 sit
1270 1487 146 67 ponere
1372 1487 117 67 vnum
1445 1487 204 67 suppositum
1605 1487 189 67 absolutum
1751 1487 160 67 conmune
1853 1487 73 67 tri

718 1536 99 63 bus
774 1536 225 63 respectiuis,
957 1536 127 63 Primo
1042 1536 113 63 sic.
1112 1536 155 63 persona
1225 1536 84 63 in
1267 1536 99 63 sui
1323 1536 253 63 significatione
1535 1536 169 63 includit
1661 1536 197 63 suppositum
1816 1536 99 63 cum
1859 1536 70 63 pro

728 1585 155 46 prietate
844 1585 155 46 relatiua
960 1585 206 46 distinctiua.
1127 1585 155 46 secundum
1243 1585 116 46 conem
1321 1585 64 46 &
1346 1585 193 46 magistralem
1501 1585 206 46 definitionem
1668 1585 167 46 personae:
1797 1585 103 46 quae
1862 1585 90 46 di-

730 1625 89 65 cit
781 1625 101 65 quod
844 1625 139 65 persona
946 1625 89 65 est
997 1625 177 65 hypostasis
1136 1625 190 65 proprietate
1288 1625 177 65 distincta.
1428 1625 177 65 Hypostasis
1567 1625 114 65 autem
1643 1625 152 65 rationem
1757 1625 165 65 suppositi
1871 1625 51 65 in

731 1676 141 52 portat.
833 1676 77 52 in
872 1676 89 52 deo
923 1676 102 52 ergo
987 1676 89 52 est
1038 1676 128 52 ponere
1127 1676 153 52 rationem
1243 1676 166 52 suppositi
1370 1676 141 52 praeter
1473 1676 166 52 relatiuam
1600 1676 217 52 proprietatem.
1779 1676 89 52 Sed
1831 1676 77 52 in
1856 1676 64 52 deo

730 1721 115 61 peter
807 1721 166 61 relatiuam
934 1721 204 61 proprietatem
1100 1721 204 61 distiguentem
1266 1721 115 61 nihil
1342 1721 89 61 est
1393 1721 102 61 nisi
1457 1721 102 61 quod
1521 1721 89 61 est
1572 1721 102 61 cone
1636 1721 64 61 &
1661 1721 179 61 absolutum.
1801 1721 102 61 ergo
1852 1721 64 61 &c.

716 1768 58 45 ⁋
740 1768 127 45 Secundo
832 1768 93 45 sic.
890 1768 162 45 Augustinus
1017 1768 116 45 dicit.
1098 1768 93 45 vii.
1156 1768 69 45 de
1191 1768 162 45 trinitate.
1318 1768 81 45 Dis
1364 1768 139 45 essentia
1468 1768 93 45 quae
1526 1768 139 45 relatiue
1630 1768 139 45 dicitur:
1734 1768 81 45 est
1780 1768 81 45 est
1815 1768 104 45 aliquid

457 1817 145 60 excepto
563 1817 172 60 relatiuo.
695 1817 79 60 Et
734 1817 172 60 sequitur.
867 1817 185 60 Quapropter
1012 1817 79 60 si
1052 1817 119 60 pater
1131 1817 93 60 non
1184 1817 93 60 est
1237 1817 145 60 aliquid
1342 1817 79 60 ad
1382 1817 159 60 seipsum,
1501 1817 93 60 non
1554 1817 93 60 est
1607 1817 132 60 omnino
1699 1817 106 60 quid
1765 1817 159 60 relatiue
1871 1817 53 60 di

449 1862 127 57 catur
534 1862 85 57 ad
576 1862 142 57 aliud.
675 1862 113 57 ldem
746 1862 127 57 autem
831 1862 142 57 potest
930 1862 113 57 dici
1001 1862 85 57 de
1044 1862 127 57 filio
1129 1862 71 57 &
1157 1862 156 57 spiritu
1270 1862 156 57 sancto.
1384 1862 113 57 Sunt
1455 1862 113 57 ergo
1525 1862 156 57 aliquid
1639 1862 85 57 ad
1681 1862 170 57 seipsum,
1795 1862 127 57 excepto

455 1903 110 65 illo
524 1903 96 65 quo
579 1903 165 65 relatiue
703 1903 165 65 dicuntur
826 1903 124 65 inter
909 1903 96 65 se.
964 1903 96 65 Hoc
1019 1903 124 65 autem
1101 1903 151 65 excepto
1211 1903 96 65 non
1266 1903 96 65 est
1321 1903 110 65 nisi
1390 1903 110 65 vnum
1459 1903 151 65 conmune
1569 1903 151 65 tribus,
1679 1903 110 65 quia
1747 1903 165 65 secundum
1857 1903 69 65 Boe

446 1951 125 48 thium
530 1951 111 48 sola
599 1951 153 48 relatio
711 1951 209 48 multiplicat
878 1951 209 48 trinitatem.
1045 1951 153 48 aliquod
1157 1951 125 48 autem
1240 1951 84 48 ad
1282 1951 84 48 se
1324 1951 167 48 existens
1449 1951 98 48 non
1505 1951 98 48 est
1561 1951 111 48 nisi
1630 1951 209 48 suppositum.
1798 1951 111 48 ergo
1853 1951 70 48 &c.

462 1998 72 48 ⁋
490 1998 143 48 Tertio
591 1998 115 48 sic.
662 1998 129 48 pater
748 1998 100 48 est
806 1998 172 48 aliquis:
934 1998 72 48 &
963 1998 100 48 est
1020 1998 143 48 pater.
1121 1998 100 48 sed
1178 1998 100 48 non
1235 1998 129 48 eodem
1321 1998 100 48 est
1379 1998 158 48 aliquis
1493 1998 72 48 &
1522 1998 143 48 pater,
1622 1998 115 48 quia
1694 1998 215 48 paternitate
1851 1998 72 48 est

445 2044 145 59 pater:
546 2044 101 59 non
604 2044 130 59 autem
691 2044 217 59 paternitate
865 2044 101 59 est
923 2044 174 59 aliquis:
1053 2044 87 59 eo
1096 2044 116 59 quod
1169 2044 116 59 tunc
1241 2044 145 59 filius
1343 2044 101 59 non
1401 2044 130 59 esset
1487 2044 174 59 aliquis:
1618 2044 116 59 quia
1690 2044 101 59 non
1748 2044 130 59 habet
1835 2044 87 59 in
1864 2044 58 59 se

460 2089 226 49 paternitatem,
646 2089 93 49 nec
699 2089 106 49 esse
766 2089 146 49 aliquis
872 2089 160 49 includit
992 2089 106 49 esse
1058 2089 146 49 patrem:
1165 2089 106 49 quia
1231 2089 106 49 tunc
1298 2089 173 49 similiter
1431 2089 80 49 vt
1471 2089 133 49 prius,
1564 2089 120 49 etiam
1644 2089 133 49 filius
1737 2089 93 49 non
1790 2089 120 49 esset
1856 2089 67 49 ali

456 2135 125 50 quis.
540 2135 98 50 est
595 2135 111 50 ergo
665 2135 125 50 pater
749 2135 167 50 aliquis:
874 2135 153 50 excepto
986 2135 84 50 eo
1027 2135 98 50 quo
1083 2135 98 50 est
1139 2135 139 50 pater,
1236 2135 98 50 quo
1292 2135 167 50 convenit
1417 2135 98 50 cum
1473 2135 139 50 filio.
1571 2135 98 50 sed
1626 2135 111 50 esse
1696 2135 153 50 aliquem
1808 2135 98 50 est
1849 2135 84 50 esse

447 2179 195 64 suppositum.
603 2179 104 64 Quod
668 2179 117 64 autem
746 2179 91 64 est
798 2179 117 64 patri
876 2179 104 64 cone
941 2179 91 64 cum
993 2179 130 64 filio,
1084 2179 91 64 non
1136 2179 91 64 est
1188 2179 104 64 nisi
1252 2179 104 64 vnum
1317 2179 182 64 absolutum:
1460 2179 104 64 quia
1525 2179 156 64 secundum
1642 2179 156 64 Boethium
1759 2179 65 64 &
1772 2179 156 64 Augustinum

462 2229 129 47 pater
548 2229 72 47 &
576 2229 144 47 filius
677 2229 86 47 in
720 2229 158 47 omnibus
835 2229 115 47 sunt
907 2229 115 47 vnum
978 2229 158 47 praeter
1093 2229 115 47 quod
1165 2229 86 47 ad
1208 2229 158 47 aliquid
1323 2229 187 47 dicuntur.
1467 2229 115 47 ergo
1538 2229 100 47 &c.
1596 2229 72 47 ⁋
1625 2229 144 47 Quarto
1725 2229 115 47 sic.
1797 2229 129 47 dicit
1869 2229 57 47 Au

462 2272 184 59 gustinus.
603 2272 113 59 vii.
674 2272 85 59 de
716 2272 198 59 trinitate.
871 2272 99 59 Dis
928 2272 99 59 res
984 2272 85 59 ad
1027 2272 155 59 seipsam
1139 2272 198 59 subsistit,
1295 2272 141 59 quanto
1394 2272 127 59 magis
1478 2272 127 59 deus:
1563 2272 85 59 ad
1605 2272 85 59 se
1648 2272 127 59 autem
1732 2272 99 59 non
1775 2272 155 59 subsistit

453 2326 123 57 nisi
529 2326 230 57 suppositum.
713 2326 123 57 ergo
790 2326 92 57 in
836 2326 107 57 deo
897 2326 107 57 est
958 2326 214 57 suppositum
1127 2326 214 57 absolutum.
1295 2326 199 57 absolutum
1448 2326 107 57 non
1509 2326 107 57 est
1571 2326 123 57 nisi
1647 2326 153 57 vnicum
1755 2326 92 57 in
1800 2326 123 57 deo,
1862 2326 61 57 vt

454 2367 151 60 prius.
559 2367 120 60 ergo
635 2367 105 60 &c.
695 2367 75 60 ⁋
725 2367 151 60 Quinto
830 2367 120 60 sic.
905 2367 181 60 essentia
1041 2367 151 60 diuina
1146 2367 90 60 vt
1191 2367 105 60 est
1252 2367 196 60 essentia,
1402 2367 135 60 habet
1493 2367 181 60 rationem
1628 2367 196 60 personae:
1778 2367 120 60 quia
1839 2367 90 60 ipsa

450 2415 105 55 est
510 2415 90 55 in
555 2415 90 55 se
600 2415 179 55 indiuisa
734 2415 164 55 propter
854 2415 120 55 suam
928 2415 269 55 simplicitatem,
1153 2415 75 55 &
1183 2415 75 55 a
1212 2415 179 55 qualibet
1347 2415 120 55 alia
1422 2415 149 55 diuisa
1526 2415 75 55 &
1556 2415 209 55 distincta:
1721 2415 90 55 vt
1766 2415 75 55 a
1781 2415 149 55 qualibet

446 2457 174 51 essentia
576 2457 159 51 creata.
692 2457 116 51 quod
764 2457 130 51 autem
851 2457 116 51 tale
924 2457 116 51 est,
996 2457 130 51 habet
1083 2457 174 51 rationem
1213 2457 174 51 personae
1344 2457 87 51 in
1387 2457 145 51 natura
1488 2457 261 51 intellectuali,
1706 2457 87 51 vt
1749 2457 130 51 patet
1836 2457 87 51 in
1865 2457 58 51 ho

457 2509 176 44 minibus
585 2509 80 44 &
617 2509 191 44 angelis.
760 2509 128 44 ipsa
840 2509 144 44 autem
936 2509 191 44 essentia
1079 2509 160 44 diuina
1191 2509 96 44 vt
1239 2509 112 44 est
1303 2509 207 44 essentia,
1462 2509 112 44 est
1526 2509 128 44 quid
1606 2509 223 44 absolutum.
1781 2509 128 44 ergo
1845 2509 80 44 &c.

457 2546 72 51 ⁋
485 2546 129 51 Sexto
571 2546 115 51 sic.
643 2546 215 51 intelligere
815 2546 86 51 in
858 2546 100 51 deo
915 2546 115 51 quia
986 2546 100 51 est
1044 2546 86 51 de
1087 2546 243 51 essentialibus
1287 2546 72 51 &
1316 2546 200 51 absolutis.
1473 2546 172 51 secundum
1602 2546 157 51 nostram
1717 2546 172 51 rationem
1845 2546 100 51 in-

444 2591 188 67 telligendi
591 2591 174 67 praecedit
725 2591 107 67 omne
793 2591 174 67 relatiuum
927 2591 134 67 reale:
1021 2591 67 67 &
1048 2591 94 67 ita
1101 2591 121 67 omnem
1182 2591 161 67 personam
1303 2591 188 67 relatiuam:
1450 2591 67 67 &
1477 2591 121 67 tamen
1558 2591 215 67 praesupponit
1732 2591 148 67 aliquam
1826 2591 94 67 perso

452 2643 91 50 nam
504 2643 235 50 intelligentem:
700 2643 104 50 quae
765 2643 91 50 non
817 2643 131 50 potest
909 2643 104 50 esse
974 2643 104 50 nisi
1039 2643 157 50 absoluta
1157 2643 157 50 communis
1274 2643 131 50 tribus
1366 2643 157 50 personis
1483 2643 183 50 relatiuis:
1627 2643 104 50 quia
1692 2643 78 50 si
1731 2643 117 50 esset
1796 2643 131 50 relatiua

450 2688 179 50 similiter
588 2688 248 50 praesupponeret
795 2688 110 50 suam
864 2688 234 50 correlatiuam:
1057 2688 110 50 quia
1126 2688 165 50 relatiua
1250 2688 165 50 secundum
1374 2688 207 50 philosophum
1539 2688 110 50 sunt
1608 2688 124 50 simul
1691 2688 152 50 natura.
1801 2688 110 50 ergo
1856 2688 69 50 &c.

446 2732 74 54 ⁋
476 2732 163 54 Septimo
594 2732 118 54 sic.
668 2732 133 54 actus
757 2732 163 54 dicendi
875 2732 237 54 praesupponit
1068 2732 178 54 dicentem
1201 2732 192 54 personam:
1349 2732 118 54 quae
1423 2732 89 54 si
1467 2732 133 54 esset
1556 2732 192 54 relatiua,
1704 2732 133 54 simul
1778 2732 133 54 praesup

439 2781 156 75 poneret
552 2781 114 75 suum
623 2781 241 75 correlatiuum,
822 2781 170 75 scilicet
950 2781 170 75 personam
1078 2781 156 75 dictam:
1191 2781 71 75 &
1220 2781 99 75 ita
1277 2781 128 75 esset
1362 2781 170 75 antequam
1490 2781 199 75 diceretur.
1646 2781 199 75 consequens
1802 2781 99 75 est
1845 2781 85 75 fal
