2017 3181
128 279 109 61 sum.
197 279 109 61 ergo
265 279 95 61 &c.
319 279 68 61 ⁋
346 279 82 61 In
387 279 177 61 oppositum
524 279 109 61 est:
592 279 150 61 quoniam
701 279 95 61 cum
755 279 123 61 illud
837 279 191 61 suppositum
987 279 95 61 non
1042 279 95 61 est
1096 279 109 61 nisi
1164 279 150 61 naturae
1273 279 259 61 intellectualis:
1492 279 123 61 ipsum

123 329 126 48 esset
207 329 168 48 persona.
333 329 112 48 ergo
403 329 84 48 in
445 329 98 48 deo
501 329 126 48 esset
585 329 196 48 personarum
738 329 224 48 quaternitas:
920 329 112 48 quod
990 329 140 48 contra
1088 329 126 48 fidem
1158 329 84 48 est.

124 375 92 64 ⁋
161 375 278 64 Quaestionem
383 375 167 64 istam
493 375 296 64 disputauimus
734 375 111 64 in
790 375 185 64 nostro
919 375 185 64 quinto
1049 375 241 64 Quolibet:
1234 375 111 64 ex
1289 375 130 64 quo
1363 375 185 64 aliqua
1474 375 111 64 bre-

120 423 138 65 uiter
212 423 246 65 recolligendo
412 423 108 65 cum
473 423 138 65 supra
566 423 262 65 determinatis:
781 423 169 65 dicamus
904 423 123 65 quod
981 423 108 65 cum
1043 423 185 65 secundum
1181 423 108 65 iam
1243 423 231 65 determinata
1427 423 154 65 supra,
1519 423 62 65 in

124 470 100 47 deo
181 470 100 47 non
238 470 100 47 sit
295 470 129 47 ratio
381 470 229 47 vniuersalis:
568 470 129 47 quare
653 470 100 47 nec
711 470 129 47 ratio
797 470 172 47 absoluti
925 470 186 47 suppositi
1069 470 215 47 vniuersalis
1240 470 100 47 aut
1298 470 186 47 communis.
1441 470 172 47 secundum

125 513 127 57 quem
205 513 143 57 modum
300 513 175 57 diximus
428 513 112 57 iam
492 513 143 57 supra
587 513 223 57 suppositum
762 513 127 57 esse
842 513 96 57 in
890 513 271 57 vniuersalibus
1113 513 80 57 &
1145 513 271 57 singularibus:
1368 513 143 57 licet
1448 513 143 57 supposi

128 561 101 53 tum
185 561 101 53 non
243 561 130 53 habet
330 561 116 53 esse
402 561 159 53 proprie
517 561 116 53 nisi
590 561 87 53 in
633 561 245 53 singularibus,
835 561 87 53 vt
878 561 231 53 determinatum
1066 561 101 53 est
1124 561 87 53 in
1167 561 188 53 praedicto
1312 561 188 53 Quolibet.
1456 561 87 53 Si
1499 561 116 53 ergo

116 603 89 53 in
161 603 89 53 eo
205 603 104 53 sit
265 603 134 53 ratio
354 603 193 53 suppositi
503 603 193 53 absoluti:
651 603 134 53 illud
741 603 119 53 erit
815 603 193 53 singulare
964 603 74 53 &
993 603 164 53 vnicum:
1112 603 119 53 quia
1187 603 134 53 nihil
1276 603 193 53 absolutum
1424 603 89 53 in
1469 603 104 53 deo
1514 603 74 53 plu

130 648 193 54 rificatur,
282 648 83 54 vt
324 648 138 54 dictum
420 648 97 54 est
476 648 193 54 opponendo.
628 648 138 54 Vnicum
724 648 124 54 autem
807 648 180 54 absolutum
946 648 83 54 in
987 648 97 54 deo
1042 648 97 54 non
1098 648 97 54 est
1153 648 111 54 nisi
1222 648 124 54 forma
1305 648 180 54 deitatis.
1429 648 166 54 Suppositum

134 692 103 51 ergo
199 692 167 51 absolutum
327 692 77 51 in
366 692 90 51 deo
417 692 90 51 non
469 692 129 51 potest
559 692 103 51 poni
623 692 103 51 nisi
688 692 77 51 in
726 692 116 51 forma
804 692 167 51 deitatis,
932 692 232 51 circunscriptis
1126 692 90 51 per
1177 692 193 51 intellectum
1332 692 167 51 relatiuis
1447 692 142 51 proprieta

129 735 127 50 tibus.
218 735 76 50 Et
257 735 115 50 nihil
333 735 140 50 quaerit
435 735 102 50 ista
498 735 165 50 quaestio,
626 735 102 50 nisi
689 735 76 50 an
727 735 229 50 circunscriptis
918 735 127 50 dictis
1008 735 229 50 proprietatibus
1198 735 216 50 constitutiuis
1377 735 115 50 trium
1440 735 153 50 personarum

125 784 156 57 maneat
235 784 94 57 in
281 784 109 57 deo
344 784 171 57 aliquod
468 784 218 57 suppositum
640 784 125 57 vnum
718 784 203 57 absolutum
874 784 171 57 commune
998 784 140 57 illis
1092 784 171 57 tribus.
1216 784 78 57 ⁋
1248 784 109 57 Est
1310 784 140 57 autem
1404 784 156 57 opinio
1497 784 78 57 ali

130 827 140 49 quorum
228 827 140 49 notata
326 827 140 49 super.
425 827 126 49 xxvi.
509 827 239 49 distinctionem
705 827 126 49 primi
789 827 239 49 Sententiarum:
986 827 112 49 quod
1056 827 84 49 si
1098 827 168 49 tollatur
1224 827 196 49 pluralitas
1379 827 154 49 nominum
1491 827 112 49 quae

121 874 109 52 sunt
189 874 136 52 pater,
284 874 68 52 &
311 874 136 52 flius,
406 874 68 52 &
434 874 163 52 spiritus
556 874 149 52 sctuns,
664 874 109 52 quae
732 874 190 52 imponuntur
881 874 68 52 a
908 874 176 52 relatiuis
1044 874 244 52 proprietatibus
1248 874 68 52 &
1275 874 231 52 distinctiuis,
1465 874 95 52 hoc
1519 874 95 52 no-

123 917 109 56 men
186 917 125 56 deus
264 917 218 56 significat
435 917 187 56 personam
576 917 172 56 quandam
701 917 218 56 distinctam
872 917 281 56 proprietatibus
1106 917 265 56 essentialibus
1325 917 94 56 ab
1372 917 172 56 omnibus
1481 917 109 56 aliis

124 964 168 49 naturis,
250 964 224 49 creaturarum.
432 964 168 49 scilicet
558 964 210 49 quemadmodum
726 964 140 49 ludaei
824 964 140 49 quidam
923 964 70 49 &
951 964 168 49 gentiles
1077 964 210 49 intelligunt
1245 964 112 49 vnum
1315 964 112 49 deum
1385 964 182 49 eminentem
1511 964 70 49 pro

124 1010 208 50 prietatibus
291 1010 125 50 eorum
374 1010 111 50 quae
443 1010 125 50 sunt.
527 1010 111 50 Quod
596 1010 97 50 non
651 1010 139 50 potest
749 1010 139 50 stare:
846 1010 153 50 quoniam
957 1010 97 50 (vt
1012 1010 222 50 determinatum
1193 1010 97 50 est
1248 1010 83 50 in
1290 1010 180 50 praedicto
1428 1010 180 50 Quolibet)

117 1053 135 51 nihil
207 1053 135 51 habet
296 1053 179 51 rationem
431 1053 194 51 suppositi
580 1053 120 51 nisi
655 1053 149 51 habeat
760 1053 179 51 rationem
894 1053 135 51 entis
984 1053 239 51 determinati.
1178 1053 135 51 Eorma
1268 1053 120 51 enim
1343 1053 105 51 non
1403 1053 105 51 est
1447 1053 135 51 supposi

127 1097 102 46 tum
186 1097 88 46 vt
230 1097 146 46 nomine
332 1097 146 46 formae
434 1097 248 46 significatur:
639 1097 102 46 sed
697 1097 146 46 habens
800 1097 146 46 formam
902 1097 219 46 tanenmmodo.
1077 1097 146 46 Habere
1180 1097 132 46 autem
1267 1097 146 46 formam
1370 1097 132 46 nulli
1443 1097 146 46 convenit

119 1139 124 63 nisi
196 1139 108 63 per
258 1139 248 63 determinatum
459 1139 139 63 modum
552 1139 170 63 habendi
676 1139 124 63 eam.
753 1139 155 63 Aliter
862 1139 124 63 enim
939 1139 139 63 forma
1032 1139 139 63 esset
1125 1139 139 63 forma
1218 1139 155 63 tantum
1326 1139 93 63 vt
1372 1139 201 63 humanitas
1512 1139 77 63 vel

114 1183 198 52 asinitas:
266 1183 107 52 non
327 1183 137 52 autem
418 1183 152 52 habita
525 1183 91 52 ab
571 1183 152 52 aliquo
677 1183 137 52 sicut
769 1183 76 52 a
799 1183 213 52 supposito:
967 1183 152 52 veluti
1073 1183 91 52 ab
1119 1183 152 52 homine
1225 1183 107 52 vel
1286 1183 152 52 asino.
1378 1183 213 52 Determinatio

125 1232 121 50 autem
205 1232 94 50 non
259 1232 134 50 potest
352 1232 107 50 esse
419 1232 107 50 nisi
486 1232 80 50 in
526 1232 147 50 habente
633 1232 147 50 formam,
741 1232 107 50 nisi
807 1232 94 50 per
861 1232 147 50 aliquid
968 1232 161 50 fundatum
1089 1232 80 50 in
1129 1232 107 50 ipsa
1196 1232 121 50 forma
1276 1232 94 50 vel
1330 1232 174 50 essentia,
1464 1232 107 50 quod
1517 1232 67 50 ra-

117 1275 144 53 tionis
217 1275 172 53 alterius
346 1275 100 53 est
404 1275 115 53 quam
476 1275 100 53 sit
533 1275 115 53 ipsa
605 1275 144 53 forma,
705 1275 115 53 quia
777 1275 144 53 seipsa
878 1275 86 53 ex
921 1275 158 53 ratione
1035 1275 100 53 qua
1093 1275 129 53 forma
1179 1275 115 53 est,
1251 1275 144 53 nullam
1351 1275 129 53 habet
1423 1275 158 53 determina

127 1322 158 49 tionem.
242 1322 115 49 Illa
313 1322 129 49 autem
399 1322 129 49 ratio
486 1322 101 49 non
543 1322 144 49 potest
644 1322 115 49 esse
715 1322 115 49 pure
787 1322 187 49 negatiua:
931 1322 115 49 quia
1003 1322 115 49 illa
1074 1322 129 49 nihil
1161 1322 215 49 determinat.
1333 1322 101 49 Est
1390 1322 115 49 ergo
1448 1322 129 49 positi-

116 1364 82 56 ua
157 1364 165 56 absoluta
281 1364 96 56 vel
336 1364 206 56 respectiua.
501 1364 96 56 Non
556 1364 179 56 absoluta:
693 1364 110 56 quia
762 1364 82 56 cu
803 1364 110 56 illa
872 1364 96 56 non
927 1364 137 56 potest
1023 1364 110 56 esse
1092 1364 96 56 res
1146 1364 110 56 alia
1215 1364 137 56 addita
1311 1364 110 56 ipsi
1380 1364 179 56 essentiae
1504 1364 82 56 for-

124 1410 115 50 mae,
196 1410 158 50 oportet
311 1410 115 50 quod
382 1410 173 50 fundetur
512 1410 86 50 in
555 1410 115 50 ipsa
627 1410 173 50 essentia
756 1410 158 50 formae:
871 1410 72 50 &
900 1410 101 50 sic
957 1410 129 50 ipsam
1044 1410 187 50 essentiam
1187 1410 144 50 formae
1288 1410 86 50 in
1331 1410 86 50 se
1374 1410 244 50 determinaret:

128 1455 116 53 quid
200 1455 130 53 solum
287 1455 101 53 fit
344 1455 87 53 in
388 1455 188 53 creaturis
532 1455 72 53 &
561 1455 87 53 in
605 1455 145 53 formis
706 1455 174 53 creatis:
836 1455 101 53 non
894 1455 130 53 autem
981 1455 87 53 in
1024 1455 130 53 forma
1111 1455 188 53 increata:
1255 1455 116 53 quia
1328 1455 202 53 illimitata
1487 1455 72 53 &
1501 1455 87 53 inde

118 1504 229 54 terminabilis
304 1504 114 54 est,
375 1504 86 54 vt
418 1504 157 54 habitum
533 1504 100 54 est
590 1504 143 54 supra.
690 1504 114 54 Alio
761 1504 129 54 autem
847 1504 114 54 modo
919 1504 100 54 non
976 1504 143 54 potest
1076 1504 186 54 constitui
1219 1504 129 54 ratio
1305 1504 186 54 suppositi
1434 1504 157 54 absoluti.

126 1544 84 58 Si
168 1544 113 58 ergo
239 1544 84 58 in
281 1544 99 58 deo
337 1544 99 58 sit
393 1544 211 58 suppositum,
562 1544 155 58 oportet
675 1544 113 58 quod
745 1544 225 58 constituatur
928 1544 99 58 per
985 1544 169 58 rationem
1111 1544 211 58 respectiuam
1280 1544 84 58 in
1323 1544 113 58 ipsa
1393 1544 169 58 essentia
1506 1544 84 58 fun-

121 1588 142 49 datam,
220 1588 114 49 quae
291 1588 100 49 non
348 1588 114 49 agit
420 1588 270 49 determinationem
647 1588 156 49 aliquam
761 1588 100 49 rei
818 1588 171 49 secundum
946 1588 85 49 se
989 1588 242 49 consideratae:
1188 1588 156 49 propter
1301 1588 114 49 quod
1373 1588 100 49 non
1415 1588 171 49 determinat

124 1634 186 50 essentiam:
270 1634 93 50 sed
323 1634 120 50 solum
403 1634 93 50 rei
456 1634 186 50 comparatae
603 1634 80 50 ad
643 1634 146 50 alterum
749 1634 160 50 secundum
869 1634 173 50 relatiuam
1002 1634 226 50 oppositionem:
1188 1634 106 50 quae
1254 1634 93 50 est
1308 1634 133 50 ipsius
1401 1634 146 50 relati,
1507 1634 106 50 quod

121 1681 98 50 est
177 1681 125 50 ipsum
260 1681 209 50 constitutum
428 1681 125 50 quasi
511 1681 84 50 ex
553 1681 167 50 essentia
679 1681 70 50 &
707 1681 195 50 relatione,
860 1681 70 50 &
888 1681 125 50 ipsum
972 1681 223 50 determinatum
1153 1681 125 50 atque
1236 1681 209 50 distinctum,
1404 1681 84 50 vt
1446 1681 125 50 infra
1515 1681 70 50 di-

123 1726 148 45 cetur.
227 1726 162 45 Ablatis
345 1726 118 45 ergo
418 1726 103 45 per
477 1726 221 45 intellectum
654 1726 266 45 proprietatibus
876 1726 74 45 &
905 1726 192 45 nominibus
1053 1726 148 45 earum,
1156 1726 133 45 nullo
1245 1726 118 45 modo
1318 1726 133 45 manet
1407 1726 89 45 in
1451 1726 103 45 deo
1510 1726 103 45 ra-

131 1768 93 57 tio
184 1768 186 57 suppositi:
330 1768 93 57 nec
383 1768 172 57 possibile
515 1768 93 57 est
569 1768 106 57 poni
635 1768 80 57 in
675 1768 93 57 deo
728 1768 119 57 aliam
807 1768 159 57 rationem
927 1768 172 57 suppositi
1059 1768 106 57 quam
1126 1768 146 57 relati.
1232 1768 106 57 Vnde
1298 1768 199 57 philosophis
1457 1768 93 57 qui
1497 1768 93 57 verum

131 1814 161 51 habebant
251 1814 201 51 intellectum
412 1814 174 51 deitatis,
546 1814 107 51 etsi
613 1814 94 51 non
666 1814 187 51 trinitatis
813 1814 187 51 personarum
961 1814 187 51 relatarum,
1108 1814 161 51 praecise
1229 1814 228 51 intelligebant
1416 1814 94 51 eam
1470 1814 80 51 vt
1496 1814 94 51 quan-

130 1857 96 51 dam
185 1857 248 51 singularitatem
392 1857 179 51 absolutam
530 1857 248 51 indeterminatam
736 1857 69 51 &
764 1857 220 51 illimitatam:
943 1857 96 51 ita
998 1857 110 51 quod
1067 1857 138 51 falsus
1163 1857 69 51 &
1191 1857 179 51 fictitius
1328 1857 151 51 fuisset
1439 1857 124 51 eorum
1521 1857 96 51 in-

125 1901 208 46 tellectus,
288 1901 74 46 &
318 1901 104 46 non
377 1901 193 46 essentiam
525 1901 178 46 deitatis
659 1901 267 46 intellexissent
881 1901 104 46 sed
941 1901 193 46 figmenti,
1089 1901 119 46 quod
1163 1901 119 46 sibi
1237 1901 89 46 in
1282 1901 237 46 imaginatione
1460 1901 133 46 constru

121 1946 145 51 xissent
226 1946 79 51 si
266 1946 92 51 sub
318 1946 145 51 ratione
424 1946 171 51 suppositi
556 1946 158 51 absoluti
674 1946 92 51 eam
727 1946 250 51 intellexissent:
938 1946 198 51 quemadmodum
1096 1946 92 51 est
1148 1946 119 51 falso
1227 1946 92 51 eam
1280 1946 250 51 intellexissent,
1491 1946 79 51 si
1517 1946 66 51 eam

127 1991 260 53 intellexissent
343 1991 101 53 non
401 1991 231 53 intelligendo
589 1991 101 53 eam
647 1991 101 53 sub
705 1991 260 53 proprietatibus
921 1991 188 53 relatiuis
1066 1991 72 53 &
1095 1991 87 53 in
1138 1991 188 53 supposito
1283 1991 173 53 relatiuo
1398 1991 188 53 subsistenti

127 2036 190 49 existere:
273 2036 117 49 immo
346 2036 102 49 (vt
405 2036 146 49 verius
507 2036 146 49 dicam)
609 2036 234 49 intelligendo
799 2036 102 49 eam
858 2036 175 49 existere
989 2036 146 49 absque
1091 2036 190 49 relatiuis
1237 2036 278 49 proprietatibus:
1471 2036 102 49 nec
1530 2036 88 49 in

116 2079 191 49 supposito
263 2079 191 49 relatiuo.
410 2079 117 49 Vnde
483 2079 132 49 dicit
571 2079 117 49 Hil.
645 2079 117 49 iii.
718 2079 88 49 de
762 2079 205 49 trinitate.
924 2079 117 49 cap.
997 2079 117 49 vii.
1070 2079 161 49 Numquod
1188 2079 132 49 nomen
1276 2079 103 49 dei
1334 2079 235 49 ignorabatur:
1511 2079 73 49 Hoc

123 2126 152 46 Moyses
229 2126 91 46 de
275 2126 121 46 rubo
351 2126 182 46 audiuit:
487 2126 106 46 hoc
548 2126 167 46 Genesis
669 2126 91 46 in
715 2126 167 46 exordio
836 2126 152 46 creati
942 2126 137 46 orbis
1034 2126 213 46 nunciauit:
1201 2126 106 46 hoc
1261 2126 106 46 lex
1322 2126 197 46 exposuit:
1459 2126 121 46 prophe

120 2171 104 47 tae
180 2171 252 47 praetulerunt:
387 2171 163 47 homines
506 2171 89 47 in
551 2171 134 47 huius
640 2171 134 47 mundi
729 2171 178 47 operibus
863 2171 208 47 senserunt:
1026 2171 148 47 gentes
1130 2171 134 47 etiam
1219 2171 193 47 mentiendo
1367 2171 193 47 veneratae
1501 2171 89 47 sunt

124 2214 99 54 Non
180 2214 113 54 ergo
251 2214 211 54 ignorabatur
420 2214 99 54 dei
476 2214 141 54 nomen:
574 2214 99 54 sed
631 2214 127 54 plane
715 2214 113 54 deus
786 2214 225 54 ignorabatur:
969 2214 99 54 nam
1025 2214 113 54 deum
1095 2214 113 54 nemo
1166 2214 155 54 noscit,
1278 2214 113 54 nisi
1349 2214 211 54 confiteatur
1518 2214 70 54 &
1532 2214 56 54 pa

126 2257 116 65 trem
198 2257 188 65 vnigeniti
342 2257 144 65 filii.
443 2257 87 65 Et
487 2257 101 65 li.
544 2257 87 65 v.
588 2257 116 65 cap.
660 2257 130 65 xvii.
746 2257 130 65 Prius
833 2257 217 65 confitendus
1006 2257 101 65 est
1064 2257 130 65 pater
1151 2257 72 65 &
1180 2257 159 65 filius:
1295 2257 87 65 vt
1339 2257 116 65 vnus
1411 2257 116 65 deus
1468 2257 116 65 possit

123 2304 203 49 intelligi.
283 2304 116 49 Vnum
356 2304 131 49 verum
443 2304 116 49 deum
515 2304 102 49 non
573 2304 218 49 apprehendet
747 2304 218 49 euangelicae
921 2304 73 49 &
950 2304 218 49 apostolicae
1124 2304 261 49 praedicationis
1342 2304 145 49 ignara
1429 2304 160 49 impietas.

124 2348 125 61 Sicut
208 2348 111 61 enim
277 2348 153 61 naturae
388 2348 181 61 essentiae
527 2348 181 61 creaturae
666 2348 111 61 est,
736 2348 83 61 vt
778 2348 97 61 non
833 2348 153 61 existat
944 2348 111 61 nisi
1014 2348 83 61 in
1056 2348 181 61 supposito
1195 2348 167 61 absoluto
1320 2348 70 61 &
1348 2348 209 61 determinato
1514 2348 97 61 per

113 2392 159 54 naturae
228 2392 289 54 participationem:
473 2392 101 54 sic
531 2392 159 54 naturae
646 2392 173 54 deitatis
776 2392 101 54 est
834 2392 87 54 vt
877 2392 101 54 non
935 2392 159 54 existat
1050 2392 115 54 nisi
1122 2392 87 54 in
1166 2392 188 54 supposito
1310 2392 188 54 relatione
1440 2392 144 54 determi-

112 2438 146 57 nato.
209 2438 130 57 Vnde
290 2438 146 57 abbas
388 2438 179 57 loachim
518 2438 130 57 quia
599 2438 114 57 non
664 2438 162 57 potuit
778 2438 244 57 intelligere
973 2438 130 57 vnam
1054 2438 195 57 deitatis
1200 2438 179 57 naturam
1330 2438 114 57 non
1379 2438 195 57 cointelli-

120 2488 134 50 gendo
210 2488 239 50 proprietates
404 2488 224 50 personales,
583 2488 120 50 nisi
658 2488 239 50 intelligendo
852 2488 105 50 eam
912 2488 105 50 sub
972 2488 164 50 ratione
1091 2488 209 50 suppositi,
1255 2488 75 50 &
1285 2488 194 50 personae,
1435 2488 90 50 vt
1479 2488 90 50 in
1509 2488 75 50 di-

124 2529 131 48 uinis
212 2529 175 48 saluaret
343 2529 204 48 personarum
503 2529 218 48 trinitatem,
678 2529 73 48 &
707 2529 160 48 negaret
824 2529 262 48 quaternitatem:
1042 2529 160 48 quamuis
1159 2529 218 48 concesserit
1333 2529 117 48 quod
1406 2529 131 48 pater
1494 2529 73 48 &
1508 2529 73 48 fi-

124 2573 116 52 lius
197 2573 73 52 &
226 2573 174 52 spiritus
357 2573 160 52 sanctus
473 2573 116 52 sint
545 2573 102 52 vna
603 2573 189 52 essentia,
748 2573 102 52 vna
806 2573 218 52 substantia,
980 2573 102 52 vna
1038 2573 160 52 natura:
1154 2573 174 52 vnitatem
1285 2573 131 52 tamen
1372 2573 189 52 huiusmodi
1502 2573 73 52 non

123 2616 124 45 veram
206 2616 69 45 &
234 2616 166 45 propriam
358 2616 124 45 quasi
441 2616 110 45 vnum
510 2616 152 45 aliquod
620 2616 83 45 re
661 2616 179 45 singulare
799 2616 97 45 sit
855 2616 83 45 in
896 2616 124 45 patre
979 2616 69 45 &
1006 2616 124 45 filio
1089 2616 69 45 &
1117 2616 152 45 spiritu
1227 2616 152 45 sancto:
1337 2616 97 45 sed
1393 2616 124 45 quasi
1462 2616 110 45 conie-

132 2657 137 67 ctiuam
228 2657 68 67 &
255 2657 274 67 similitudinariam
488 2657 109 67 esse
556 2657 178 67 confessus
693 2657 109 67 est:
761 2657 205 67 quemadmodum
926 2657 123 67 multi
1008 2657 150 67 homines
1117 2657 164 67 dicuntur
1240 2657 109 67 vnus
1308 2657 164 67 populus,
1432 2657 68 67 &
1459 2657 123 67 multi
1527 2657 55 67 si

121 2715 138 62 deles
213 2715 107 62 vna
274 2715 199 62 ecclesia.
427 2715 92 62 Et
473 2715 168 62 cecidit
595 2715 92 62 in
641 2715 184 62 haeresim
779 2715 184 62 Arrianam
917 2715 184 62 personas
1055 2715 214 62 separando.
1223 2715 123 62 Vnde
1300 2715 77 62 &
1331 2715 214 62 appellauit
1484 2715 107 62 Magi
