2017 3228
115 285 131 74 lestis
207 285 170 74 perfectus
338 285 105 74 est.
403 285 66 74 â‹
429 285 79 74 Ad
469 285 170 74 secundum,
600 285 105 74 quod
665 285 105 74 deus
731 285 105 74 quia
796 285 92 74 est
849 285 118 74 purum
927 285 118 74 esse,
1006 285 66 74 &
1032 285 144 74 recipit
1137 285 118 74 supra
1216 285 79 74 se
1255 285 157 74 rationes
1373 285 118 74 omnis
1439 285 170 74 perfectioni

108 356 125 49 debet
191 356 111 49 esse
261 356 125 49 summe
344 356 222 49 imperfectum:
525 356 167 49 Dicendum
650 356 111 49 quod
719 356 97 49 tam
775 356 83 49 in
816 356 167 49 creatore
941 356 111 49 quam
1011 356 83 49 in
1052 356 167 49 creatura
1177 356 111 49 esse
1247 356 139 49 potest
1344 356 208 49 considerari
1497 356 111 49 respe-

114 400 92 59 ctu
166 400 170 59 essentiae
297 400 105 59 rei:
363 400 92 59 vel
416 400 157 59 respectu
534 400 210 59 attributorum
704 400 184 59 essentiae:
848 400 66 59 &
875 400 144 59 vtroque
979 400 105 59 modo
1045 400 105 59 esse
1111 400 210 59 propriissime
1281 400 92 59 deo
1334 400 157 59 convenit
1452 400 118 59 inter
1517 400 92 59 omnia

121 445 83 51 ei
163 445 179 51 attributa
300 445 69 51 &
328 445 83 51 de
369 445 83 51 eo
411 445 207 51 praedicata.
576 445 138 51 Maxime
672 445 110 51 enim
741 445 165 51 exprimit
865 445 165 51 rationem
989 445 124 51 actus
1072 445 83 51 ex
1113 445 96 51 suo
1168 445 152 51 nomine:
1278 445 124 51 omnia
1361 445 124 51 autem
1444 445 110 51 alia
1513 445 83 51 vt
1540 445 69 51 es-

124 487 148 51 sentia,
231 487 121 51 vita,
312 487 189 51 sapientia,
461 487 67 51 &
488 487 148 51 caetera
596 487 189 51 huiusmodi,
744 487 121 51 magis
825 487 175 51 exprimunt
960 487 148 51 diuinum
1068 487 108 51 esse
1136 487 81 51 in
1176 487 148 51 ratione
1284 487 162 51 habitus.
1406 487 108 51 Vnde
1473 487 94 51 cum
1514 487 94 51 esse,

115 534 166 53 essentia,
243 534 115 53 vita,
319 534 179 53 sapientia,
460 534 64 53 &
485 534 166 53 huiusmodi
613 534 140 53 idipsum
715 534 77 53 re
753 534 77 53 in
791 534 89 53 deo
842 534 153 53 nominant
957 534 89 53 sub
1008 534 179 53 differenti
1149 534 140 53 ratione
1251 534 102 53 esse
1315 534 115 53 primo
1391 534 77 53 ei
1429 534 204 53 attribuendo,

121 579 76 60 vt
159 579 140 60 dicatur
261 579 153 60 essentia
376 579 76 60 ab
414 579 114 60 esse:
490 579 89 60 non
541 579 114 60 autem
617 579 102 60 esse
681 579 76 60 ab
719 579 165 60 essentia:
846 579 114 60 cuius
922 579 114 60 ratio
999 579 114 60 primo
1075 579 153 60 convenit
1189 579 89 60 deo
1240 579 102 60 post
1304 579 153 60 rationem
1418 579 114 60 esse:
1495 579 64 60 &
1507 579 102 60 dehico

125 628 156 49 vlterius
242 628 156 49 rationes
359 628 143 49 aliorum
463 628 91 49 per
516 628 143 49 ordinem
620 628 156 49 secundum
737 628 156 49 rationem
854 628 143 49 nostram
958 628 221 49 intelligendi,
1140 628 78 49 vt
1179 628 117 49 infra
1258 628 182 49 videbitur:
1401 628 91 49 non
1453 628 78 49 vt
1479 628 130 49 determi-

113 671 134 49 nantia
206 671 67 49 &
233 671 214 49 contrahentia
407 671 107 49 esse
473 671 107 49 dei:
540 671 94 49 sic
594 671 107 49 enim
660 671 107 49 esse
727 671 120 49 esset
807 671 120 49 ratio
888 671 120 49 summe
968 671 187 49 imperfecta
1115 671 80 49 in
1155 671 107 49 deo:
1222 671 67 49 &
1248 671 107 49 deus
1315 671 120 49 summe
1395 671 214 49 imperfectus,
1556 671 53 49 in

119 718 146 58 quantum
225 718 93 58 non
278 718 93 58 est
331 718 106 58 nisi
398 718 120 58 esse:
478 718 93 58 sed
531 718 80 58 vt
571 718 199 58 explicantia
730 718 160 58 propriis
850 718 186 58 rationibus
996 718 106 58 quae
1063 718 106 58 esse
1129 718 160 58 continet
1249 718 80 58 in
1289 718 80 58 se
1329 718 80 58 in
1369 718 106 58 actu
1435 718 160 58 perfecto
1542 718 66 58 sub

110 761 146 51 ratione
216 761 146 51 essendi
322 761 159 51 communi.
441 761 146 51 Nominat
548 761 106 51 enim
614 761 159 51 essentia
733 761 146 51 diuinam
839 761 146 51 naturam
946 761 172 51 inquantum
1078 761 106 51 esse
1145 761 93 51 est
1198 761 80 51 ei
1238 761 119 51 actus
1317 761 93 51 qui
1370 761 93 51 est
1423 761 106 51 esse
1476 761 133 51 absolute

126 807 111 49 Vita
195 807 111 49 vero
265 807 152 49 nominat
376 807 139 49 eandem
473 807 180 49 inquantum
611 807 111 49 esse
680 807 97 49 est
736 807 125 49 actus
819 807 111 49 eius
888 807 111 49 quid
958 807 97 49 est
1013 807 152 49 viuere.
1124 807 180 49 Sapientia
1263 807 180 49 inquantum
1401 807 111 49 esse
1470 807 97 49 est
1512 807 97 49 actus

112 851 110 58 eius
181 851 96 58 qui
236 851 96 58 est
291 851 151 58 sapere:
400 851 69 58 &
428 851 96 58 sic
483 851 82 58 de
524 851 137 58 aliis.
620 851 82 58 Et
661 851 96 58 sic
716 851 124 58 omnis
798 851 124 58 actus
881 851 82 58 in
922 851 96 58 deo
977 851 96 58 sub
1032 851 110 58 esse
1100 851 110 58 actu
1169 851 206 58 includitur:
1334 851 69 58 &
1361 851 96 58 est
1416 851 82 58 id
1457 851 110 58 quod
1512 851 96 58 compa

114 893 133 57 ratur
203 893 89 57 ad
247 893 133 57 omnia
336 893 148 57 diuina
440 893 192 57 attributa
588 893 89 57 vt
632 893 133 57 actus
721 893 133 57 eorum
810 893 74 57 &
839 893 148 57 forma:
943 893 74 57 &
973 893 104 57 sic
1032 893 207 57 comparatur
1195 893 89 57 ad
1239 893 118 57 alia
1313 893 104 57 non
1372 893 89 57 vt
1417 893 192 57 recipiens
1550 893 59 57 ad

109 944 170 57 recepta,
236 944 71 57 &
265 944 184 57 materiale
406 944 85 57 ad
449 944 170 57 formale,
576 944 127 57 sicut
661 944 170 57 procedit
788 944 142 57 ratio:
887 944 99 57 sed
944 944 127 57 magis
1029 944 85 57 vt
1071 944 156 57 formale
1184 944 170 57 receptum
1312 944 85 57 ad
1354 944 226 57 recipientia:
1524 944 85 57 quae

115 999 203 41 actualitatem
280 999 102 41 suam
344 999 76 41 in
382 999 76 41 eo
420 999 63 41 &
445 999 76 41 ab
484 999 76 41 eo
522 999 127 41 habent
611 999 76 41 ex
649 999 190 41 receptione:
801 999 63 41 &
826 999 76 41 id
865 999 102 41 quid
928 999 114 41 sunt:
1004 999 76 41 vt
1042 999 114 41 omnia
1118 999 102 41 quae
1182 999 216 41 significantur
1360 999 76 41 in
1398 999 89 41 deo
1449 999 76 41 vt
1474 999 127 41 habitus:

108 1032 107 53 sicut
180 1032 155 53 essentia,
299 1032 107 53 vita,
370 1032 167 53 sapientia,
501 1032 60 53 &
525 1032 167 53 huiusmodi.
656 1032 143 53 secundum
763 1032 143 53 rationem
870 1032 190 53 intelligendi
1025 1032 202 53 intelligantur
1191 1032 167 53 denominari
1322 1032 71 53 ab
1358 1032 95 53 esse
1418 1032 107 53 puro:
1489 1032 143 53 essentia
1584 1032 48 53 in

113 1080 121 59 quantum
201 1080 88 59 esse
256 1080 187 59 simpliciter:r
410 1080 88 59 vita
465 1080 143 59 inquantum
575 1080 88 59 esse
630 1080 77 59 est
674 1080 121 59 viuere:
762 1080 143 59 sapientia
871 1080 143 59 inquantum
981 1080 88 59 esse
1036 1080 77 59 est
1080 1080 121 59 sapere:
1168 1080 55 59 &
1190 1080 77 59 sic
1234 1080 66 59 de
1267 1080 110 59 aliis,
1344 1080 99 59 quasi
1410 1080 99 59 omnia
1465 1080 143 59 procederent

109 1123 77 49 in
148 1123 90 49 deo
199 1123 77 49 ab
237 1123 115 49 esse:
314 1123 115 49 sicut
391 1123 77 49 si
429 1123 90 49 lux
480 1123 179 49 procederet
621 1123 64 49 a
647 1123 141 49 lucere:
749 1123 64 49 &
774 1123 90 49 hoc
826 1123 102 49 quia
890 1123 217 49 propriissimum
1069 1123 90 49 est
1120 1123 90 49 deo
1171 1123 192 49 actualitas.
1325 1123 166 49 Econverso
1452 1123 115 49 autem
1516 1123 90 49 conti

102 1168 89 52 git
153 1168 76 52 in
191 1168 166 52 creaturis
319 1168 102 52 quod
383 1168 115 52 actus
459 1168 204 52 intelligendi
625 1168 153 52 procedit
739 1168 76 52 ab
777 1168 127 52 habitu
867 1168 76 52 vt
905 1168 76 52 ab
943 1168 153 52 essentia
1058 1168 102 52 esse
1121 1168 64 52 &
1147 1168 64 52 a
1172 1168 166 52 sapientia
1300 1168 140 52 sapere:
1402 1168 115 52 sicut
1478 1168 64 52 a
1504 1168 102 52 luce
1555 1168 76 52 luce

110 1218 85 54 re:
158 1218 61 54 &
183 1218 85 54 hoc
231 1218 97 54 quia
292 1218 158 54 creaturae
414 1218 85 54 non
462 1218 85 54 est
511 1218 73 54 ex
547 1218 73 54 se
584 1218 97 54 esse
645 1218 73 54 in
681 1218 109 54 actu:
754 1218 61 54 &
778 1218 97 54 ideo
839 1218 146 54 secundum
949 1218 146 54 rationem
1058 1218 134 54 nostram
1155 1218 194 54 intelligendi
1313 1218 109 54 primo
1386 1218 109 54 habet
1459 1218 61 54 a
1483 1218 85 54 deo
1532 1218 97 54 quod

116 1257 84 60 sit
164 1257 155 60 essentia:
283 1257 60 60 &
307 1257 96 60 esse
367 1257 96 60 quia
427 1257 84 60 est
474 1257 155 60 essentia:
594 1257 107 60 sicut
665 1257 119 60 sapere
749 1257 96 60 quia
809 1257 107 60 habet
880 1257 179 60 sapientiam.
1024 1257 72 60 Et
1060 1257 131 60 propter
1155 1257 84 60 hoc
1203 1257 72 60 in
1239 1257 155 60 creaturis
1358 1257 107 60 ratio
1430 1257 96 60 esse
1490 1257 96 60 quod
1537 1257 60 60 pro

109 1305 124 45 cedit
192 1305 83 45 ab
233 1305 165 45 essentia
357 1305 110 45 sua,
426 1305 96 45 non
481 1305 165 45 includit
605 1305 83 45 in
647 1305 207 45 seirationem
812 1305 193 45 cuiuslibet
964 1305 165 45 alterius
1088 1305 138 45 actus:
1184 1305 124 45 sicut
1267 1305 124 45 neque
1350 1305 165 45 essentia
1460 1305 138 45 cuiusli-

113 1349 90 49 bet
165 1349 155 49 alterius
281 1349 142 49 habitus
384 1349 168 49 includit.
514 1349 103 49 Immo
578 1349 116 49 sicut
656 1349 155 49 essentia
772 1349 142 49 differt
875 1349 78 49 re
914 1349 78 49 in
953 1349 155 49 creatura
1069 1349 65 49 a
1095 1349 181 49 sapientia:
1237 1349 90 49 sic
1289 1349 103 49 esse
1354 1349 168 49 procedens
1483 1349 78 49 ab
1509 1349 90 49 essen

110 1392 81 52 tia
157 1392 127 52 differt
249 1392 69 52 ab
284 1392 92 52 esse
341 1392 92 52 quod
399 1392 138 52 procedit
503 1392 58 52 a
526 1392 162 52 sapientia,
653 1392 69 52 vt
687 1392 92 52 ipsa
745 1392 69 52 in
780 1392 69 52 se
814 1392 81 52 est
861 1392 127 52 quaedam
953 1392 150 52 essentia:
1068 1392 58 52 &
1091 1392 104 52 multo
1161 1392 127 52 fortius
1253 1392 69 52 ab
1287 1392 92 52 eius
1345 1392 92 52 actu
1403 1392 127 52 secundo
1495 1392 92 52 quid
1541 1392 58 52 est

109 1439 119 60 sape.
188 1439 79 60 Et
228 1439 119 60 sicut
307 1439 172 60 sapientia
439 1439 79 60 se
479 1439 119 60 habet
558 1439 93 60 per
611 1439 185 60 additionem
757 1439 79 60 ad
796 1439 185 60 essentiam:
942 1439 93 60 sic
995 1439 106 60 esse
1061 1439 119 60 huius
1140 1439 79 60 ad
1180 1439 119 60 illud
1259 1439 119 60 esse.
1339 1439 79 60 Et
1378 1439 93 60 hoc
1431 1439 106 60 esse
1484 1439 119 60 substam

97 1484 132 60 tiale
185 1484 88 60 in
229 1484 190 60 creaturis
375 1484 205 60 comparatur
536 1484 88 60 ad
580 1484 132 60 solam
668 1484 190 60 essentiam
814 1484 88 60 vt
858 1484 161 60 formale
975 1484 73 60 &
1004 1484 161 60 actuale
1122 1484 176 60 receptum
1253 1484 88 60 in
1297 1484 102 60 ea,
1356 1484 102 60 non
1414 1484 176 60 causando
1531 1484 88 60 eam:

115 1528 93 55 sed
168 1528 120 55 magis
248 1528 160 55 causatum
368 1528 80 55 ab
408 1528 93 55 ea:
461 1528 187 55 econtrario
608 1528 107 55 eius
674 1528 107 55 quod
741 1528 133 55 dictum
834 1528 93 55 est
887 1528 80 55 de
927 1528 160 55 essentia
1047 1528 67 55 &
1074 1528 107 55 esse
1141 1528 80 55 in
1181 1528 107 55 deo:
1247 1528 80 55 ad
1287 1528 107 55 alia
1354 1528 120 55 autem
1434 1528 173 55 attributa
1554 1528 53 55 ac

113 1574 177 52 cidentalia
252 1574 177 52 essentiae,
391 1574 76 52 vt
429 1574 189 52 incompletum
580 1574 164 52 recipiens
706 1574 76 52 ea
744 1574 63 52 &
769 1574 202 52 determinatum
933 1574 88 52 per
984 1574 101 52 esse
1047 1574 126 52 eorum.
1135 1574 164 52 Inquantum
1261 1574 101 52 enim
1324 1574 164 52 quodlibet
1451 1574 139 52 illorum
1539 1574 63 52 est

109 1621 127 49 natura
198 1621 140 49 quaedam
300 1621 64 49 &
326 1621 153 49 essentia
441 1621 76 49 in
479 1621 89 49 se,
530 1621 115 49 actus
606 1621 178 49 cuiuslibet
746 1621 140 49 illorum
848 1621 89 49 est
899 1621 102 49 esse
963 1621 153 49 quoddam:
1078 1621 89 49 sed
1129 1621 191 49 accidentale
1281 1621 166 49 essentiae
1409 1621 204 49 substantiali
1562 1621 38 49 &

107 1665 99 52 eius
169 1665 111 52 esse,
243 1665 99 52 quod
305 1665 124 52 quidem
391 1665 99 52 esse
453 1665 186 52 accidentale
602 1665 74 52 vt
639 1665 111 52 actus
713 1665 62 52 &
738 1665 111 52 forma
812 1665 87 52 est
862 1665 149 52 respectu
973 1665 161 52 essentiae
1097 1665 136 52 illorum
1196 1665 211 52 attributorum.
1370 1665 74 52 Vt
1407 1665 87 52 sic
1444 1665 161 52 generaliter

112 1711 119 50 verum
191 1711 92 50 sit
244 1711 145 50 sumendo
349 1711 106 50 esse
415 1711 79 50 vt
455 1711 106 50 cone
521 1711 158 50 analogum
639 1711 79 50 ad
679 1711 106 50 esse
745 1711 211 50 substantiale
916 1711 66 50 &
943 1711 211 50 accidentale,
1114 1711 106 50 quod
1180 1711 106 50 esse
1246 1711 92 50 est
1299 1711 132 50 omnium
1378 1711 211 50 perfectissimum

111 1757 63 55 &
137 1757 75 55 ad
174 1757 113 55 omnia
249 1757 100 55 alia
312 1757 176 55 comparatur
450 1757 75 55 vt
488 1757 125 55 actus:
576 1757 100 55 quia
638 1757 113 55 nihil
713 1757 113 55 habet
789 1757 201 55 actualitatem
952 1757 100 55 nisi
1015 1757 88 55 per
1065 1757 100 55 esse
1127 1757 151 55 aliquod:
1240 1757 75 55 vt
1278 1757 100 55 esse
1341 1757 138 55 commune
1441 1757 151 55 analogum
1541 1757 63 55 sit

107 1801 182 52 actualitas
250 1801 130 52 omnium
342 1801 117 52 rerum
420 1801 65 52 &
446 1801 143 52 ipsarum
550 1801 156 52 formarum
667 1801 117 52 etiam
746 1801 91 52 tam
798 1801 235 52 substantialium
993 1801 104 52 quam
1059 1801 196 52 accntalium:
1215 1801 104 52 quia
1280 1801 182 52 comparatur
1424 1801 78 52 ad
1463 1801 117 52 illas
1541 1801 91 52 non

113 1845 84 57 vt
155 1845 182 57 recipiens
295 1845 84 57 ad
337 1845 182 57 receptum:
478 1845 98 57 sed
534 1845 126 57 magis
618 1845 196 57 econuerso.
772 1845 84 57 Et
814 1845 84 57 in
856 1845 140 57 neutro
955 1845 154 57 istorum
1067 1845 112 57 esse
1137 1845 210 57 includuntur
1305 1845 126 57 actus
1390 1845 154 57 secundi
1488 1845 112 57 attri-

113 1892 142 62 butorum
217 1892 78 62 vt
255 1892 129 62 sapere
346 1892 65 62 &
372 1892 181 62 huiusmodi:
514 1892 104 62 immo
579 1892 104 62 isti
644 1892 116 62 actus
721 1892 78 62 re
760 1892 168 62 differunt
889 1892 78 62 ab
928 1892 129 62 illis:
1019 1892 65 62 &
1045 1892 104 62 sunt
1109 1892 155 62 formales
1226 1892 155 62 respectu
1342 1892 155 62 illorum.
1459 1892 104 62 Quia
1510 1892 91 62 tamen

96 1936 127 47 ipsum
181 1936 113 47 sape
252 1936 99 47 est
308 1936 156 47 quoddam
421 1936 113 47 esse
492 1936 71 47 &
520 1936 156 47 quiddam
634 1936 156 47 viuere:
747 1936 156 47 sumendo
860 1936 127 47 adhuc
945 1936 226 47 communissime
1129 1936 127 47 esse:
1214 1936 85 47 vt
1256 1936 99 47 cum
1313 1936 113 47 esse
1384 1936 184 47 essentiae
1511 1936 85 47 sub-

94 1983 144 58 stantiae
202 1983 60 58 &
226 1983 132 58 accntis
322 1983 192 58 comprehendat
479 1983 96 58 quod
539 1983 84 58 est
587 1983 108 58 agere
659 1983 72 58 in
695 1983 96 58 actu
755 1983 144 58 secundo:
863 1983 108 58 verum
935 1983 84 58 est
983 1983 180 58 generaliter
1127 1983 96 58 quod
1187 1983 96 58 esse
1248 1983 108 58 super
1320 1983 108 58 omnia
1392 1983 132 58 formale
1488 1983 96 58 est:
1536 1983 60 58 ali

94 2025 85 52 ter
143 2025 110 52 tamen
216 2025 73 52 in
252 2025 85 52 deo
301 2025 97 52 quam
362 2025 73 52 in
398 2025 158 52 creatura,
520 2025 73 52 vt
557 2025 122 52 dictum
642 2025 97 52 est.
703 2025 97 52 quia
764 2025 85 52 ibi
813 2025 97 52 vnum
874 2025 61 52 &
898 2025 97 52 idem
959 2025 97 52 esse
1020 2025 158 52 essentiae
1142 2025 85 52 est
1191 2025 158 52 continens
1313 2025 110 52 omnia
1386 2025 97 52 esse
1447 2025 97 52 fine
1495 2025 110 52 determi

103 2072 165 47 nationis
227 2072 207 47 receptione:
393 2072 69 47 a
420 2072 96 47 quo
475 2072 124 47 quasi
558 2072 110 47 sunt
627 2072 110 47 esse
696 2072 110 47 ipsa
765 2072 69 47 &
792 2072 179 47 attributa
930 2072 83 47 vt
972 2072 138 47 dictum
1068 2072 110 47 est.
1137 2072 96 47 hic
1192 2072 110 47 vero
1261 2072 110 47 sunt
1330 2072 152 47 diuersa
1440 2072 124 47 esse:
1523 2072 96 47 quo

90 2119 98 53 rum
146 2119 112 53 alia
216 2119 210 53 determinant
384 2119 112 53 alia
454 2119 70 53 &
481 2119 182 53 procedunt
621 2119 84 53 ab
663 2119 126 53 ipsis
747 2119 182 53 essentiis
887 2119 84 53 vt
929 2119 140 53 dictum
1027 2119 112 53 est.
1097 2119 70 53 â‹
1125 2119 84 53 Ad
1167 2119 154 53 tertium
1278 2119 112 53 quod
1348 2119 126 53 multa
1432 2119 112 53 sunt
1488 2119 98 53 extra

100 2164 117 62 deum:
178 2164 104 62 ergo
243 2164 91 62 non
295 2164 91 62 est
347 2164 182 62 perfectus:
490 2164 156 62 Dicendum
607 2164 104 62 quod
672 2164 117 62 extra
750 2164 143 62 aliquid
854 2164 91 62 est
907 2164 117 62 aliud
985 2164 195 62 dupliciter.
1141 2164 91 62 Vno
1193 2164 104 62 modo
1258 2164 91 62 ita
1310 2164 104 62 quod
1375 2164 117 62 nullo
1453 2164 104 62 modo
1518 2164 117 62 habet

92 2204 106 60 illud
163 2204 106 60 aliud
234 2204 94 60 esse
292 2204 71 60 in
328 2204 141 60 essentia
434 2204 106 60 eius.
504 2204 94 60 Quid
563 2204 82 60 sic
610 2204 106 60 habet
681 2204 106 60 aliud
752 2204 106 60 extra
822 2204 82 60 se:
870 2204 165 60 necessario
999 2204 106 60 habet
1070 2204 94 60 esse
1129 2204 188 60 imperfectum,
1282 2204 71 60 vt
1317 2204 118 60 dictum
1400 2204 82 60 est
1447 2204 118 60 supra:
1517 2204 71 60 quia

104 2253 86 49 non
153 2253 110 49 habet
226 2253 74 49 in
263 2253 74 49 se
300 2253 196 49 perfectionem
459 2253 123 49 illius
545 2253 159 49 alterius:
668 2253 61 49 &
692 2253 86 49 ita
741 2253 172 49 aggregatum
876 2253 86 49 cum
925 2253 98 49 ipso
986 2253 110 49 totum
1060 2253 86 49 est
1109 2253 172 49 perfectius
1244 2253 147 49 quoddam.
1354 2253 98 49 Alio
1415 2253 110 49 autem
1489 2253 98 49 modo
1538 2253 49 49 ha

96 2299 87 52 bet
145 2299 137 52 aliquid
245 2299 99 52 esse
307 2299 112 52 extra
381 2299 124 52 aliud:
468 2299 87 52 ita
518 2299 99 52 quod
580 2299 124 52 verius
667 2299 112 52 habet
742 2299 99 52 esse
804 2299 75 52 in
841 2299 99 52 illo
903 2299 62 52 &
928 2299 149 52 essentia
1040 2299 99 52 eius
1102 2299 99 52 quam
1164 2299 75 52 in
1202 2299 137 52 seipso.
1301 2299 112 52 Quiod
1376 2299 87 52 sic
1425 2299 112 52 habet
1500 2299 112 52 aliud

92 2342 114 49 extra
168 2342 88 49 se:
219 2342 177 49 necessario
357 2342 88 49 est
408 2342 227 49 perfectissimum
597 2342 76 49 in
635 2342 88 49 se:
685 2342 101 49 quia
749 2342 114 49 habet
824 2342 76 49 in
862 2342 76 49 se
900 2342 126 49 omnium
988 2342 215 49 perfectiones:
1165 2342 63 49 &
1190 2342 76 49 de
1228 2342 88 49 sua
1279 2342 189 49 perfectione
1430 2342 88 49 est
1480 2342 101 49 quod
1531 2342 63 49 ta-

103 2387 75 54 le
141 2387 113 54 aliud
216 2387 151 54 producit
329 2387 113 54 extra
405 2387 88 54 se:
455 2387 88 54 nec
505 2387 88 54 est
555 2387 176 54 perfectius
694 2387 88 54 hoc
744 2387 88 54 cum
794 2387 100 54 illo
857 2387 100 54 quod
920 2387 88 54 est
970 2387 113 54 extra
1045 2387 75 54 se
1083 2387 113 54 quasi
1158 2387 201 54 congregatum,
1321 2387 100 54 quam
1384 2387 113 54 ipsum
1459 2387 113 54 solum
1522 2387 63 54 per

97 2434 93 53 se:
150 2434 106 53 quia
216 2434 160 53 quicquid
336 2434 213 53 perfectionis
509 2434 120 53 habet
589 2434 120 53 illud
669 2434 200 53 extrisecum,
829 2434 93 53 hoc
882 2434 93 53 per
935 2434 80 53 se
975 2434 120 53 habet
1055 2434 80 53 in
1095 2434 93 53 se:
1148 2434 120 53 licet
1228 2434 106 53 sint
1294 2434 120 53 plura
1374 2434 173 53 perfecta:
1494 2434 93 53 secun

97 2481 110 50 dum
160 2481 125 50 quod
238 2481 172 50 amplius
364 2481 141 50 habet
458 2481 204 50 declarari
614 2481 188 50 loquendo
755 2481 94 50 de
802 2481 110 50 deo
865 2481 94 50 in
912 2481 251 50 comparatione
1116 2481 94 50 ad
1147 2481 188 50 creaturas.

384 2518 93 52 lrca
443 2518 140 52 secundum
547 2518 140 52 arguitur
652 2518 93 52 quod
710 2518 93 52 deus
768 2518 81 52 non
815 2518 81 52 sit
861 2518 151 52 perfectus
977 2518 174 52 perfectione
1117 2518 163 52 cuiuslibet
1245 2518 163 52 creaturae.
1373 2518 105 52 Primo
1442 2518 93 52 sic,
1489 2518 93 52 perfe-

403 2571 146 45 ctiones
509 2571 199 45 creaturarum
668 2571 172 45 limitatae
800 2571 106 45 sunt
866 2571 79 45 in
906 2571 119 45 certo
986 2571 119 45 gradu
1065 2571 159 45 essendi,
1184 2571 66 45 &
1211 2571 93 45 ita
1264 2571 146 45 finito.
1370 2571 119 45 nihil
1449 2571 119 45 autem
1529 2571 93 45 fi-
1568 2571 40 45 &

401 2612 125 60 nitum
484 2612 69 60 &
512 2612 180 60 limitatum
651 2612 125 60 habet
734 2612 111 60 esse
803 2612 83 60 in
845 2612 111 60 deo.
914 2612 111 60 ergo
984 2612 97 60 &c.
1039 2612 69 60 â‹
1067 2612 153 60 Secundo
1178 2612 111 60 sic.
1247 2612 97 60 non
1303 2612 111 60 sunt
1372 2612 222 60 perfectiones
1553 2612 83 60 di

416 2660 111 58 ersae
490 2660 86 58 per
539 2660 160 58 essentiam
662 2660 98 58 nisi
723 2660 148 58 secundum
834 2660 197 58 diuersitatem
994 2660 135 58 graduum
1092 2660 74 58 in
1129 2660 148 58 essendo.
1240 2660 86 58 vbi
1289 2660 98 58 enim
1351 2660 98 58 idem
1412 2660 123 58 gradus
1498 2660 123 58 essen-
1572 2660 37 58 a

402 2705 76 58 di
440 2705 88 58 per
491 2705 152 58 aequalem
605 2705 177 58 distantiam
744 2705 76 58 se
782 2705 126 58 habens
870 2705 76 58 ad
908 2705 101 58 esse
971 2705 114 58 idem,
1047 2705 88 58 ibi
1097 2705 114 58 eadem
1173 2705 88 58 est
1224 2705 177 58 perfectio.
1363 2705 101 58 Vnde
1426 2705 126 58 dicunt
1502 2705 101 58 quidam

397 2751 103 73 quod
461 2751 103 73 quia
526 2751 141 73 diuersa
629 2751 90 73 per
680 2751 167 73 essentiam
809 2751 90 73 non
860 2751 141 73 possunt
963 2751 103 73 esse
1027 2751 141 73 eiusdem
1130 2751 219 73 perfectionis,
1310 2751 141 73 diuersa
1413 2751 90 73 per
1452 2751 141 73 essentiam
