2017 3182
427 295 248 62 principaliter
632 295 102 62 eis
690 295 117 62 quae
763 295 117 62 sunt
836 295 219 62 essentialia
1011 295 88 62 in
1055 295 102 62 deo
1114 295 73 62 &
1143 295 175 62 communia
1274 295 146 62 tribus
1376 295 190 62 personis:
1522 295 131 62 licet
1610 295 102 62 per
1654 295 248 62 appropriationem

418 346 161 58 singula
535 346 175 58 singulis
667 346 175 58 personis
799 346 219 58 adaptantur.
974 346 73 58 ⁋
1003 346 102 58 Sed
1062 346 175 58 rationes
1193 346 175 58 acceptae
1325 346 88 58 ab
1369 346 132 58 illis
1456 346 117 58 quae
1530 346 117 58 sunt
1603 346 88 58 in
1646 346 117 58 deo,
1720 346 73 58 &
1734 346 161 58 pertinent

426 389 95 55 ad
474 389 127 55 eius
553 389 269 55 perfectionem,
775 389 95 55 ad
822 389 127 55 idem
901 389 269 55 demonstrandum
1123 389 111 55 hic
1186 389 222 55 inducendae
1361 389 143 55 sunt.
1456 389 158 55 Quarum
1566 389 143 55 prima
1661 389 174 55 sumitur
1788 389 95 55 ex
1820 389 79 55 bo-

416 438 149 55 nitate,
525 438 135 55 amore,
619 438 189 55 charitate,
768 438 176 55 existente
903 438 81 55 in
944 438 108 55 deo.
1011 438 108 55 quam
1079 438 122 55 ponit
1160 438 135 55 Ricar.
1254 438 108 55 iii.
1322 438 81 55 de
1362 438 203 55 triniitate.
1525 438 149 55 sparsim
1633 438 81 55 in
1673 438 162 55 diuersis
1781 438 122 55 capitu-

421 477 112 51 lis,
491 477 84 51 in
533 477 98 51 ca.
590 477 98 51 xi.
646 477 183 51 inquiens.
786 477 84 51 In
828 477 126 51 mutuo
913 477 126 51 amore
997 477 126 51 nihil
1081 477 211 51 praeclarius
1250 477 112 51 quam
1320 477 84 51 vt
1362 477 84 51 ab
1404 477 84 51 eo
1446 477 112 51 quem
1517 477 126 51 summe
1601 477 169 51 diligis,
1727 477 70 51 &
1756 477 70 51 a
1784 477 98 51 quo
1826 477 70 51 sum

419 526 86 59 me
462 526 201 59 diligeris,
620 526 129 59 alium
706 526 129 59 aeque
792 526 144 59 diligi
892 526 144 59 velis.
993 526 129 59 Demus
1079 526 115 59 ergo
1151 526 129 59 summo
1237 526 115 59 quod
1309 526 201 59 praecipuum
1466 526 72 59 &
1495 526 158 59 optimum
1610 526 115 59 est.
1682 526 129 59 Vides
1768 526 115 59 ergo
1825 526 72 59 quo

425 569 119 51 modo
499 569 208 51 charitatis
663 569 223 51 consummatio
841 569 208 51 personarum
1005 569 208 51 trinitatem
1168 569 193 51 requirit.
1317 569 89 51 Vt
1361 569 119 51 enim
1436 569 134 51 dicit
1525 569 119 51 cap.
1599 569 134 51 xiii.
1688 569 178 51 Charitas
1822 569 89 51 vt
1852 569 59 51 es

417 614 84 53 se
459 614 112 53 vera
529 614 154 53 possit,
641 614 224 53 pluralitatem
822 614 154 53 exigit:
934 614 84 53 vt
976 614 112 53 vero
1046 614 196 53 consummata
1200 614 112 53 sit,
1270 614 196 53 trinitatem
1424 614 196 53 personarum
1577 614 182 53 requirit.
1717 614 84 53 Et
1759 614 112 53 cap.
1815 614 84 53 xix.

445 660 128 58 uando
530 660 128 58 solus
616 660 128 58 solum
701 660 171 58 diligit,
830 660 171 58 dilectio
958 660 143 58 quidem
1058 660 114 58 est:
1129 660 214 58 condilectio
1300 660 100 58 non
1357 660 114 58 est.
1428 660 214 58 Condilectio
1599 660 114 58 vero
1671 660 157 58 dicitur
1785 660 100 58 vbi
1842 660 100 58 duo

425 704 110 49 rum
488 704 189 49 affectus
630 704 157 49 tertii
740 704 157 49 amoris
850 704 189 49 incendio
991 704 220 49 conflatur.
1164 704 79 49 ⁋
1196 704 173 49 Secunda
1321 704 126 49 vero
1400 704 141 49 ratio
1494 704 173 49 sumitur
1620 704 94 49 ab
1667 704 141 49 eodem
1762 704 94 49 ex
1793 704 110 49 parte

422 750 206 48 felicitatis
587 750 69 48 &
614 750 233 48 iucunditatis,
806 750 110 48 quam
875 750 123 48 ponit
957 750 82 48 in
999 750 110 48 cap.
1067 750 123 48 xvii.
1149 750 96 48 sic
1204 750 151 48 dicens.
1314 750 178 48 Completio
1451 750 123 48 verae
1534 750 206 48 felicitatis
1698 750 69 48 &
1726 750 137 48 summae
1808 750 96 48 nullo

420 798 151 55 videtur
530 798 124 55 posse
613 798 193 55 subsistere
764 798 110 55 sine
833 798 206 55 geminatione
998 798 179 55 personae.
1136 798 83 55 Et
1177 798 110 55 cap.
1246 798 138 55 xviii.
1342 798 83 55 Et
1383 798 124 55 certe
1466 798 83 55 si
1507 798 83 55 in
1548 798 110 55 illa
1617 798 193 55 personarum
1755 798 151 55 pluralita

426 840 85 49 te
468 840 141 49 tertia
567 840 155 49 persona
680 840 169 49 deesset,
806 840 85 49 in
849 840 113 49 sola
919 840 211 49 geminatione
1088 840 169 49 personae
1215 840 99 49 non
1272 840 141 49 esset.
1370 840 85 49 Et
1413 840 113 49 cap.
1483 840 99 49 xx.
1539 840 99 49 Nam
1596 840 183 49 plenitudo
1737 840 141 49 summae
1821 840 99 49 feli-

424 885 164 57 citatis
543 885 179 57 requirit
677 885 238 57 plenitudinem
870 885 149 57 summae
975 885 253 57 iucunditatis:
1183 885 193 57 plenitudo
1332 885 149 57 summae
1436 885 238 57 iucunditatis
1629 885 179 57 requirit
1748 885 149 57 plenitu-

431 930 135 50 dinem
521 930 151 50 summae
627 930 226 50 charitatis:
807 930 196 50 plenitudo
958 930 151 50 summae
1063 930 211 50 charitatis
1229 930 151 50 exigit
1334 930 241 50 plenitudinem
1530 930 226 50 trinitatis.
1710 930 75 50 ⁋
1740 930 135 50 Ratio
1816 930 90 50 vero

437 971 93 60 qua
490 971 146 60 probari
596 971 120 60 debet
676 971 106 60 quod
742 971 80 60 in
782 971 146 60 diuinis
889 971 93 60 non
942 971 106 60 sint
1008 971 133 60 plures
1101 971 106 60 quam
1168 971 106 60 tres
1234 971 173 60 personae,
1367 971 146 60 accepta
1473 971 93 60 est
1527 971 66 60 a
1553 971 133 60 natura
1646 971 106 60 rei,
1713 971 133 60 talis.
1806 971 80 60 In
1832 971 80 60 diui

431 1025 93 53 nis
484 1025 93 53 non
537 1025 93 53 est
591 1025 187 53 personarum
738 1025 200 53 pluralitas,
898 1025 107 53 nisi
965 1025 147 53 propter
1071 1025 200 53 emanationem
1232 1025 187 53 personalem
1378 1025 67 53 &
1405 1025 174 53 relatiuas
1539 1025 227 53 proprietates,
1725 1025 133 53 quibus
1806 1025 93 53 ordi-

422 1064 104 56 nem
481 1064 133 56 habet
570 1064 89 56 ad
615 1064 133 56 actus
703 1064 222 56 emanationum
881 1064 237 56 personalium:
1073 1064 89 56 vt
1118 1064 148 56 dictum
1221 1064 104 56 est
1281 1064 148 56 supra.
1384 1064 118 56 Nunc
1458 1064 133 56 autem
1547 1064 89 56 in
1591 1064 163 56 diuinis
1710 1064 104 56 non
1769 1064 148 56 potest
1858 1064 59 56 es

419 1111 85 51 se
461 1111 114 51 nisi
533 1111 142 51 tantum
632 1111 128 51 vnica
718 1111 157 51 persona
832 1111 114 51 quae
903 1111 100 51 non
960 1111 100 51 est
1017 1111 85 51 ab
1059 1111 128 51 alia,
1145 1111 71 51 &
1173 1111 71 51 a
1202 1111 100 51 qua
1259 1111 142 51 aliae,
1358 1111 100 51 nec
1415 1111 157 51 possunt
1529 1111 114 51 esse
1600 1111 85 51 in
1643 1111 157 51 diuinis
1757 1111 142 51 plures
1842 1111 57 51 ra

426 1156 155 48 tiones,
539 1156 99 48 vel
595 1156 113 48 modi
666 1156 212 48 emanationum
835 1156 113 48 quam
906 1156 113 48 duo,
976 1156 99 48 ita
1033 1156 113 48 quod
1103 1156 184 48 quamlibet
1245 1156 155 48 illarum
1358 1156 155 48 necesse
1471 1156 99 48 est
1527 1156 113 48 esse
1598 1156 198 48 singularem
1753 1156 71 48 &
1767 1156 127 48 vnicam:

424 1201 98 52 per
480 1201 113 52 quas
551 1201 98 52 non
607 1201 155 52 possunt
719 1201 183 52 procedere
860 1201 113 52 nisi
930 1201 113 52 duae
1001 1201 169 52 personae
1127 1201 197 52 singulares
1282 1201 70 52 &
1310 1201 155 52 vnicae,
1423 1201 169 52 secundum
1549 1201 113 52 quod
1620 1201 84 52 in
1662 1201 211 52 sequentibus
1817 1201 98 52 omnia

417 1250 109 51 ista
485 1250 136 51 habent
581 1250 191 51 declarari.
730 1250 95 51 Vna
785 1250 123 51 autem
867 1250 191 51 singularis
1016 1250 150 51 persona
1125 1250 109 51 quae
1193 1250 95 51 non
1248 1250 95 51 est
1302 1250 82 51 ab
1343 1250 123 51 alia,
1425 1250 68 51 &
1452 1250 68 51 a
1479 1250 95 51 qua
1534 1250 109 51 sunt
1602 1250 136 51 aliae,
1697 1250 68 51 &
1724 1250 109 51 duae
1779 1250 123 51 singula

426 1293 93 66 res
479 1293 106 66 quae
545 1293 106 66 sunt
612 1293 80 66 ab
652 1293 120 66 alia,
731 1293 93 66 non
784 1293 106 66 sunt
851 1293 159 66 personae
971 1293 106 66 nisi
1037 1293 120 66 tres:
1117 1293 80 66 in
1157 1293 146 66 diuinis
1263 1293 106 66 ergo
1329 1293 93 66 non
1382 1293 146 66 possunt
1489 1293 133 66 plures
1582 1293 106 66 esse
1648 1293 159 66 personae
1768 1293 106 66 quam
1821 1293 93 66 tres.

429 1359 83 76 ⁋
463 1359 99 76 Ad
512 1359 165 76 primum
628 1359 99 76 in
677 1359 231 76 oppositum,
859 1359 132 76 quod
942 1359 182 76 propter
1074 1359 264 76 perfectionem
1288 1359 132 76 suam
1371 1359 182 76 persona
1503 1359 132 76 quae
1586 1359 116 76 non
1652 1359 116 76 est
1718 1359 99 76 ab
1767 1359 132 76 alia
1833 1359 83 76 est

438 1422 133 58 nica,
527 1422 118 58 ergo
601 1422 163 58 propter
719 1422 177 58 aequalem
852 1422 236 58 perfectionem
1044 1422 118 58 illa
1118 1422 163 58 persona
1236 1422 118 58 quae
1310 1422 103 58 non
1369 1422 103 58 est
1428 1422 89 58 ab
1473 1422 118 58 alia
1547 1422 133 58 debet
1635 1422 118 58 esse
1709 1422 148 58 vnica,
1798 1422 118 58 Dicen-

426 1473 97 49 dum
482 1473 111 49 quod
551 1473 97 49 non
607 1473 97 49 est
663 1473 111 49 ita,
732 1473 153 49 quoniam
844 1473 97 49 sic
899 1473 97 49 est
955 1473 84 49 in
997 1473 153 49 omnibus
1108 1473 111 49 quae
1178 1473 223 49 pluralitatem
1359 1473 139 49 habent
1456 1473 84 49 in
1498 1473 167 49 vniuersa
1624 1473 125 49 rerum
1707 1473 153 49 natura,
1818 1473 111 49 quod

425 1519 164 49 ordinem
545 1519 164 49 aliquem
664 1519 149 49 habent
769 1519 194 49 adinuicem
918 1519 179 49 secundum
1052 1519 179 49 rationem
1187 1519 194 49 principii
1336 1519 75 49 &
1366 1519 239 49 principiati:
1560 1519 90 49 vt
1605 1519 105 49 sit
1665 1519 149 49 omnium
1770 1519 164 49 illorum

419 1560 213 55 principium
586 1560 137 55 vnum,
677 1560 76 55 a
708 1560 106 55 quo
769 1560 152 55 habent
875 1560 152 55 educi,
981 1560 76 55 &
1012 1560 91 55 in
1057 1560 122 55 quod
1133 1560 152 55 habent
1240 1560 167 55 reduci,
1362 1560 182 55 secundum
1498 1560 122 55 quod
1574 1560 91 55 in
1620 1560 137 55 prima
1711 1560 167 55 quaest.
1833 1560 106 55 no-

417 1604 123 61 stri
493 1604 138 61 sexti
585 1604 199 61 Quodlibet
738 1604 215 61 exposuimus
907 1604 215 61 diffusius,
1076 1604 184 61 ordiendo
1213 1604 245 61 Hierarchicum
1413 1604 169 61 ordinem
1535 1604 199 61 vniuersi.
1688 1604 92 61 Et
1734 1604 107 61 sic
1780 1604 123 61 primum

424 1653 205 53 principium
586 1653 88 53 in
630 1653 147 53 ordine
732 1653 191 53 quocumque
879 1653 176 53 requirit
1011 1653 191 53 vnitatem,
1157 1653 103 53 non
1216 1653 103 53 sic
1275 1653 132 53 autem
1363 1653 191 53 procedens
1509 1653 73 53 a
1539 1653 205 53 principio.
1700 1653 161 53 Propter
1817 1653 117 53 quod

417 1702 112 50 licet
491 1702 75 50 in
529 1702 125 50 ordine
616 1702 162 50 diuinarum
741 1702 175 50 personarum
878 1702 87 50 sit
928 1702 137 50 necesse
1027 1702 100 50 fore
1090 1702 125 50 vnicam
1177 1702 150 50 personam
1289 1702 100 50 quae
1351 1702 87 50 non
1401 1702 87 50 est
1451 1702 75 50 ab
1489 1702 112 50 alia,
1563 1702 87 50 non
1613 1702 112 50 tamen
1688 1702 137 50 necesse
1788 1702 87 50 est
1825 1702 75 50 fore

429 1738 122 62 vnicam
514 1738 110 62 illam
587 1738 98 62 quae
649 1738 85 62 est
697 1738 73 62 ab
734 1738 110 62 alia.
807 1738 98 62 immo
868 1738 98 62 bene
929 1738 122 62 potest
1015 1738 98 62 esse
1076 1738 98 62 quod
1137 1738 98 62 sint
1198 1738 134 62 plures,
1296 1738 61 62 &
1320 1738 85 62 hoc
1369 1738 134 62 propter
1467 1738 183 62 emanationum
1613 1738 208 62 pluralitatem:
1784 1738 73 62 vt
1808 1738 98 62 dictum

427 1787 106 48 est:
493 1787 66 48 &
519 1787 119 48 infra
599 1787 225 48 declarabitur.
784 1787 93 48 Nec
837 1787 159 48 sequitur
956 1787 185 48 conclusum,
1101 1787 79 48 eo
1141 1787 106 48 quod
1207 1787 93 48 non
1260 1787 119 48 tenet
1339 1787 119 48 forma
1419 1787 185 48 argumenti:
1564 1787 145 48 quoniam
1670 1787 79 48 in
1710 1787 145 48 diuinis
1815 1787 93 48 est
1855 1787 53 48 ac

427 1834 139 53 cipere
524 1834 166 53 duplicem
649 1834 166 53 rationem
774 1834 236 53 perfectionis,
968 1834 125 53 licet
1051 1834 111 53 ipsa
1121 1834 180 53 perfectio
1259 1834 97 53 non
1315 1834 97 53 sit
1370 1834 111 53 nisi
1439 1834 139 53 vnica,
1537 1834 111 53 quia
1606 1834 83 53 de
1648 1834 236 53 essentialibus
1828 1834 83 53 est.

435 1877 111 56 Vnam
505 1877 111 56 quae
574 1877 97 56 est
630 1877 97 56 dei
686 1877 181 56 inquantum
825 1877 111 56 deus
895 1877 111 56 est:
964 1877 125 56 aliam
1048 1877 111 56 quae
1117 1877 97 56 est
1173 1877 195 56 singularis
1326 1877 181 56 personae,
1465 1877 181 56 inquantum
1605 1877 125 56 talis
1688 1877 153 56 persona
1800 1877 111 56 est:
1855 1877 56 56 vt

414 1922 155 59 patris,
527 1922 183 59 inquantum
668 1922 127 59 pater
752 1922 113 59 est:
823 1922 71 59 &
851 1922 141 59 filii,
950 1922 183 59 inquantum
1091 1922 141 59 filius
1190 1922 113 59 est:
1260 1922 71 59 &
1288 1922 169 59 spiritus
1415 1922 141 59 sancti
1514 1922 183 59 inquantum
1655 1922 169 59 spiritus
1768 1922 127 59 sanctus

427 1966 115 49 est.
498 1966 129 49 Ratio
584 1966 129 49 autem
670 1966 229 49 perfectionis
857 1966 100 49 dei
914 1966 186 49 inquantum
1057 1966 115 49 deus
1129 1966 115 49 est,
1201 1966 86 49 in
1244 1966 258 49 essentialibus,
1459 1966 72 49 &
1487 1966 186 49 absolutis
1631 1966 201 49 consistit.
1788 1966 86 49 in
1831 1966 100 49 qua

424 2014 155 56 vniuoce
537 2014 169 56 aequales
664 2014 113 56 sunt
734 2014 127 56 pater
819 2014 71 56 &
847 2014 141 56 filius
946 2014 71 56 &
974 2014 169 56 spiritus
1101 2014 169 56 sanctus,
1228 2014 71 56 &
1257 2014 127 56 aeque
1341 2014 184 56 perfecti,
1483 2014 99 56 non
1539 2014 127 56 tamen
1624 2014 113 56 tres
1694 2014 184 56 perfecti,
1835 2014 99 56 sed

425 2058 116 53 vnus
498 2058 203 53 perfectus.
658 2058 87 53 Et
702 2058 160 53 propter
818 2058 131 53 istam
905 2058 232 53 perfectionem
1094 2058 160 53 persona
1210 2058 102 53 non
1268 2058 131 53 habet
1355 2058 116 53 esse
1428 2058 174 53 persona,
1559 2058 102 53 nec
1617 2058 145 53 vnica,
1719 2058 102 53 nec
1762 2058 131 53 plures,

424 2103 103 53 sed
483 2103 118 53 deus
557 2103 162 53 tantum:
674 2103 88 53 de
719 2103 103 53 qua
777 2103 132 53 supra
866 2103 191 53 tractatum
1013 2103 118 53 est.
1087 2103 132 53 Ratio
1175 2103 118 53 vero
1248 2103 235 53 perfectionis
1440 2103 177 53 personae
1572 2103 221 53 singularis,
1734 2103 162 53 inquantum

424 2148 200 53 singularis
581 2148 172 53 persona,
710 2148 186 53 consistit
853 2148 86 53 in
896 2148 186 53 relatiuis
1039 2148 72 53 &
1068 2148 243 53 personalibus,
1268 2148 86 53 in
1311 2148 100 53 qua
1368 2148 100 53 nec
1426 2148 215 53 vniuocantur
1597 2148 100 53 nec
1655 2148 200 53 conveniunt
1798 2148 100 53 diuer

421 2196 88 53 sae
472 2196 151 53 personae
585 2196 151 53 diuinae:
699 2196 151 53 scilicet
813 2196 101 53 illa
876 2196 63 53 a
901 2196 88 53 qua
952 2196 88 53 est
1002 2196 114 53 alia,
1078 2196 63 53 &
1103 2196 101 53 quae
1166 2196 88 53 est
1217 2196 76 53 ab
1255 2196 114 53 alia:
1330 2196 101 53 quia
1393 2196 177 53 personalis
1532 2196 177 53 proprietas
1671 2196 114 53 vnius
1747 2196 88 53 non
1797 2196 88 53 est
1835 2196 76 53 con-

419 2246 132 49 munis
508 2246 162 49 alteri.
625 2246 132 49 Ratio
713 2246 118 49 enim
787 2246 235 49 perfectionis
978 2246 147 49 patris
1081 2246 118 49 siue
1155 2246 132 49 ratio
1243 2246 177 49 secundum
1375 2246 118 49 quam
1449 2246 191 49 perfectio
1596 2246 103 49 est
1655 2246 88 49 in
1699 2246 132 49 patre
1773 2246 132 49 inquan-

421 2284 102 53 tum
479 2284 145 53 pater,
580 2284 102 53 est
638 2284 160 53 propria
754 2284 145 53 patri:
856 2284 73 53 &
885 2284 102 53 non
943 2284 174 53 conuenit
1073 2284 131 53 filio
1160 2284 102 53 nec
1218 2284 174 53 spiritui
1349 2284 160 53 sancto.
1465 2284 189 53 Consistit
1610 2284 116 53 enim
1682 2284 87 53 in
1726 2284 102 53 sua
1769 2284 145 53 innasci-

423 2328 197 48 bilitate,
574 2328 91 48 in
620 2328 106 48 qua
680 2328 136 48 habet
771 2328 257 48 foecunditatem
983 2328 91 48 vt
1028 2328 91 48 ab
1074 2328 121 48 ipso
1149 2328 182 48 procedat
1286 2328 136 48 omnis
1376 2328 151 48 alius,
1482 2328 76 48 &
1513 2328 121 48 omne
1588 2328 151 48 aliud:
1694 2328 91 48 vt
1740 2328 136 48 infra
1815 2328 91 48 pate

425 2374 120 47 bit.
500 2374 135 47 Ratio
590 2374 120 47 vero
665 2374 240 47 perfectionis
861 2374 135 47 filii
951 2374 195 47 consistit
1101 2374 90 47 in
1146 2374 105 47 sua
1207 2374 225 47 natiuitate,
1387 2374 90 47 in
1432 2374 105 47 qua
1492 2374 135 47 habet
1582 2374 256 47 foecunditatem
1778 2374 120 47 commu-

429 2417 111 48 nem
492 2417 111 48 cum
556 2417 158 48 patre:
666 2417 95 48 vt
714 2417 95 48 ab
761 2417 126 48 ipso
840 2417 190 48 procedat
982 2417 126 48 vnus
1061 2417 158 48 alius:
1172 2417 79 48 &
1203 2417 126 48 omne
1282 2417 158 48 aliud.
1393 2417 142 48 Ratio
1488 2417 126 48 vero
1566 2417 253 48 perfectionis
1756 2417 158 48 spiritus

431 2464 155 57 sancti
539 2464 201 57 consistit
693 2464 93 57 in
740 2464 108 57 sua
801 2464 232 57 processione
987 2464 185 57 passiua,
1126 2464 93 57 in
1172 2464 108 57 qua
1234 2464 139 57 habet
1327 2464 263 57 foecunditatem
1543 2464 185 57 communem
1682 2464 108 57 cum
1744 2464 139 57 patre
1837 2464 77 57 &
1852 2464 62 57 si

425 2508 117 51 lio:
499 2508 88 51 vt
543 2508 88 51 ab
587 2508 117 51 ipso
660 2508 176 51 procedat
792 2508 117 51 omne
866 2508 147 51 aliud.
968 2508 88 51 Et
1013 2508 103 51 sic
1071 2508 132 51 ratio
1159 2508 235 51 perfectionis
1350 2508 147 51 patris
1453 2508 88 51 vt
1497 2508 147 51 pater,
1600 2508 103 51 non
1658 2508 176 51 conuenit
1791 2508 147 51 filio:

432 2555 96 51 nec
487 2555 165 51 spiritui
611 2555 151 51 sancto:
721 2555 96 51 nec
776 2555 192 51 econuerso.
927 2555 124 51 Sicut
1010 2555 96 51 nec
1065 2555 124 51 filio
1147 2555 165 51 conuenit
1271 2555 110 51 quod
1339 2555 96 51 sit
1394 2555 124 51 pater
1477 2555 96 51 nec
1532 2555 165 51 spiritus
1656 2555 165 51 sanctus,
1779 2555 96 51 nec
1821 2555 82 51 econ

423 2598 140 53 uerso.
521 2598 154 53 Propter
633 2598 112 53 quod
703 2598 126 53 omnis
787 2598 126 53 actio
870 2598 196 53 personalis
1024 2598 112 53 quae
1094 2598 168 53 conuenit
1220 2598 140 53 patri,
1318 2598 168 53 convenit
1444 2598 140 53 filio,
1541 2598 98 53 aut
1597 2598 168 53 spiritui
1723 2598 154 53 sancto.
1835 2598 98 53 Sed

426 2642 85 55 in
468 2642 141 55 aliqua
567 2642 156 55 ratione
680 2642 226 55 perfectionis
864 2642 170 55 conuenit
992 2642 99 55 cum
1048 2642 127 55 patre
1133 2642 156 55 filius,
1246 2642 99 55 non
1303 2642 127 55 autem
1388 2642 170 55 spiritus
1515 2642 170 55 sanctus,
1642 2642 113 55 quae
1713 2642 170 55 scilicet
1826 2642 85 55 con-

432 2688 140 53 sistit
530 2688 84 53 in
572 2688 126 53 eorum
656 2688 294 53 processibilitate,
908 2688 84 53 in
950 2688 98 53 qua
1006 2688 140 53 habent
1104 2688 168 53 communem
1229 2688 238 53 foecunditatem
1425 2688 84 53 vt
1467 2688 84 53 ab
1509 2688 126 53 ipsis
1593 2688 168 53 procedat
1719 2688 168 53 spiritus
1831 2688 70 53 san

421 2731 116 66 ctus.
499 2731 142 66 Propter
602 2731 104 66 quod
667 2731 116 66 dicit
745 2731 129 66 Ricar.
835 2731 104 66 iii.
900 2731 78 66 de
939 2731 194 66 triniitate.
1094 2731 104 66 cap,
1159 2731 91 66 xv.
1210 2731 104 66 Sane
1275 2731 78 66 in
1314 2731 142 66 diuinis
1417 2731 116 66 illis
1495 2731 155 66 personis
1611 2731 168 66 perfectio
1741 2731 116 66 vnius
1805 2731 104 66 exigit
