2017 3275
450 278 97 74 ris
506 278 153 74 aliquid
617 278 97 74 est
673 278 83 74 in
714 278 125 74 alio:
798 278 209 74 quemadmodum
965 278 153 74 locatum
1076 278 97 74 est
1132 278 83 74 in
1174 278 125 74 loco.
1257 278 97 74 sed
1313 278 97 74 sic
1368 278 125 74 nihil
1452 278 139 74 potest
1549 278 111 74 esse
1619 278 83 74 in
1661 278 153 74 seipso,
1772 278 83 74 vt
1800 278 111 74 probat

443 348 243 60 Philosophous.
643 348 128 60 iiii.
728 348 214 60 physicorum.
899 348 100 60 Sed
957 348 71 60 &
985 348 100 60 nec
1042 348 114 60 isto
1114 348 114 60 modo
1185 348 86 60 in
1228 348 157 60 diuinis
1342 348 186 60 contingit
1485 348 157 60 aliquid
1599 348 100 60 vel
1656 348 157 60 aliquem
1770 348 114 60 esse
1841 348 86 60 in
1870 348 57 60 se

456 390 113 55 ipso
527 390 128 55 sicut
612 390 128 55 neque
697 390 85 55 in
740 390 199 55 creaturis.
896 390 85 55 Et
938 390 156 55 propter
1052 390 142 55 easdem
1151 390 170 55 rationes
1279 390 128 55 neque
1364 390 128 55 etiam
1449 390 184 55 possibile
1591 390 99 55 est
1647 390 113 55 isto
1718 390 113 55 modo
1789 390 85 55 in
1818 390 99 55 diui-

442 438 103 48 nis
501 438 176 48 personam
633 438 118 48 vnam
707 438 118 48 esse
780 438 88 48 in
824 438 132 48 alia:
912 438 132 48 licet
1001 438 103 48 sit
1059 438 191 48 possibile
1206 438 88 48 in
1250 438 206 48 creaturis.
1412 438 118 48 Quia
1485 438 103 48 cum
1544 438 162 48 aliquid
1662 438 132 48 totum
1750 438 103 48 est
1808 438 88 48 in
1838 438 88 48 alio

450 490 125 55 primo
534 490 70 55 &
561 490 97 55 per
617 490 97 55 se,
673 490 70 55 &
701 490 167 55 quicquid
826 490 97 55 est
881 490 111 55 eius
951 490 181 55 similiter
1090 490 125 55 aeque
1174 490 125 55 primo
1257 490 70 55 &
1285 490 97 55 per
1341 490 83 55 se
1382 490 97 55 est
1438 490 83 55 in
1480 490 125 55 illo:
1563 490 83 55 vt
1605 490 83 55 si
1647 490 83 55 in
1688 490 111 55 loco
1758 490 139 55 centri
1842 490 83 55 pri-

457 536 82 51 mo
498 536 68 51 &
526 536 95 51 per
580 536 82 51 se
621 536 95 51 est
676 536 109 51 tota
744 536 136 51 terra,
839 536 68 51 &
867 536 177 51 quaelibet
1003 536 109 51 pars
1071 536 109 51 eius
1139 536 123 51 aeque
1221 536 123 51 primo
1303 536 68 51 &
1330 536 95 51 per
1385 536 82 51 se
1426 536 95 51 est
1480 536 82 51 in
1521 536 150 51 centro:
1631 536 123 51 licet
1712 536 95 51 non
1753 536 164 51 separatim.

477 575 89 54 uare
532 575 67 54 si
566 575 122 54 persona
654 575 100 54 filii
721 575 89 54 tota
776 575 100 54 esset
843 575 78 54 per
887 575 67 54 se
921 575 55 54 &
943 575 100 54 primo
1009 575 67 54 in
1043 575 100 54 prie,
1109 575 55 54 &
1131 575 155 54 proprietas
1253 575 100 54 filii
1320 575 122 54 simiter
1409 575 67 54 vt
1442 575 144 54 filiatio,
1553 575 100 54 primo
1619 575 55 54 &
1642 575 78 54 per
1686 575 67 54 se
1719 575 100 54 esset
1786 575 67 54 in
1819 575 111 54 perse,
1886 575 33 54 &

464 625 99 53 eque
526 625 112 53 primo
600 625 112 53 sicut
675 625 62 53 &
700 625 124 53 deitas
787 625 124 53 filii:
874 625 112 53 quare
948 625 62 53 &
973 625 186 53 denominaret
1122 625 124 53 patrem
1209 625 112 53 sicut
1283 625 62 53 &
1308 625 137 53 deitas:
1408 625 62 53 &
1433 625 112 53 esset
1507 625 99 53 pter
1569 625 174 53 filiatione
1706 625 124 53 filius
1793 625 112 53 sicut
1855 625 62 53 dei

463 674 107 52 tate
530 674 121 52 deus.
610 674 174 52 Praeterea
744 674 80 52 si
784 674 147 52 aliquid
891 674 94 52 est
945 674 80 52 in
985 674 107 52 alio
1052 674 94 52 per
1105 674 80 52 se
1145 674 67 52 &
1172 674 134 52 primo,
1266 674 201 52 impossibile
1427 674 94 52 est
1480 674 107 52 vice
1547 674 121 52 versa
1627 674 107 52 quod
1694 674 121 52 illud
1775 674 80 52 in
1815 674 94 52 quo
1855 674 67 52 est

457 709 146 52 aliquod
563 709 120 52 aliud
643 709 93 52 sit
696 709 93 52 per
749 709 80 52 se
789 709 66 52 &
816 709 120 52 primo
895 709 80 52 in
935 709 80 52 eo
975 709 106 52 quod
1042 709 93 52 est
1095 709 80 52 in
1135 709 120 52 ipso:
1214 709 106 52 quia
1281 709 106 52 idem
1347 709 120 52 esset
1427 709 173 52 continens
1560 709 66 52 &
1587 709 173 52 contentum
1720 709 93 52 per
1773 709 80 52 se
1813 709 66 52 &
1826 709 93 52 primo

443 760 187 47 respectu
584 760 187 47 eiusdem:
724 760 78 47 &
755 760 140 47 esset
849 760 125 47 idem
927 760 187 47 respectu
1067 760 140 47 vnius
1161 760 140 47 totum
1254 760 187 47 exterius
1395 760 78 47 &
1426 760 140 47 totum
1520 760 203 47 interius.
1675 760 125 47 quod
1753 760 109 47 est
1800 760 125 47 impos-

455 802 138 48 sibile
552 802 69 48 &
579 802 83 48 in
621 802 220 48 corporalibus
800 802 234 48 corporaliter,
992 802 69 48 &
1020 802 83 48 in
1061 802 234 48 spiritualibus
1254 802 248 48 spiritualiter.
1461 802 83 48 Et
1502 802 96 48 ita
1557 802 83 48 si
1598 802 96 48 vna
1654 802 152 48 persona
1764 802 124 48 esset
1833 802 96 48 secun

458 846 86 57 dum
507 846 110 57 totum
580 846 86 57 per
629 846 74 57 se
666 846 61 57 &
691 846 110 57 primo
764 846 74 57 in
801 846 110 57 alia,
875 846 74 57 vt
911 846 123 57 filius
997 846 74 57 in
1034 846 123 57 patre,
1120 846 86 57 non
1169 846 123 57 posset
1255 846 159 57 econverso
1377 846 98 57 pitr
1439 846 86 57 per
1488 846 74 57 se
1525 846 61 57 &
1549 846 110 57 primo
1623 846 98 57 esse
1684 846 74 57 in
1721 846 110 57 filio
1794 846 147 57 secundum

448 893 115 53 totum
525 893 102 53 vllo
588 893 102 53 modo
652 893 89 53 vel
703 893 127 53 saltem
792 893 115 53 eodem
868 893 115 53 modo,
945 893 102 53 quod
1008 893 89 53 non
1059 893 89 53 est
1110 893 153 53 tenendum
1225 893 76 53 in
1263 893 153 53 diuinis:
1378 893 102 53 quia
1441 893 115 53 mutuo
1518 893 64 53 &
1543 893 191 53 vniformiter
1696 893 153 53 singulae
1798 893 127 53 personae

466 939 121 61 diuinis
554 939 132 61 ponendae
653 939 88 61 sunt
707 939 88 61 esse
762 939 66 61 in
795 939 143 61 singulis.
905 939 88 61 Quia
960 939 88 61 vero
1015 939 121 61 secundo
1102 939 88 61 modo
1157 939 121 61 aliquid
1245 939 77 61 sit
1289 939 66 61 in
1322 939 88 61 alio
1376 939 132 61 scilicet
1475 939 77 61 per
1519 939 66 61 se
1552 939 77 61 sed
1596 939 77 61 non
1640 939 110 61 primo,
1717 939 88 61 quia
1771 939 77 61 per
1815 939 121 61 aliquid

447 983 86 58 sui
496 983 98 58 quod
557 983 110 58 primo
630 983 61 58 &
655 983 86 58 per
704 983 73 58 se
740 983 110 58 habet
814 983 98 58 esse
875 983 73 58 in
912 983 110 58 illo,
985 983 86 58 hoc
1034 983 122 58 potest
1120 983 98 58 esse
1181 983 184 58 dupliciter:
1328 983 86 58 aut
1377 983 98 58 quod
1438 983 110 58 illud
1511 983 135 58 aliquid
1609 983 86 58 sit
1658 983 110 58 vnius
1731 983 61 58 &
1756 983 86 58 non
1805 983 86 58 sit
1841 983 86 58 alte-

447 1032 126 46 rius:
531 1032 98 46 aut
587 1032 112 46 quod
657 1032 98 46 sit
713 1032 140 46 vnius,
811 1032 98 46 ita
866 1032 112 46 quod
936 1032 98 46 sit
992 1032 126 46 etiam
1076 1032 182 46 alterius.
1216 1032 126 46 Primo
1300 1032 112 46 modo
1370 1032 84 46 in
1412 1032 182 46 creaturis
1552 1032 126 46 habet
1635 1032 154 46 aliquid
1747 1032 112 46 esse
1817 1032 84 46 in
1845 1032 84 46 alio

448 1075 139 55 secundum
552 1075 92 55 quod
610 1075 92 55 auis
668 1075 127 55 dicitur
760 1075 92 55 esse
818 1075 69 55 in
852 1075 127 55 laquao,
945 1075 92 55 quia
1003 1075 81 55 pes
1049 1075 92 55 eius
1106 1075 81 55 est
1153 1075 69 55 in
1187 1075 127 55 laquao.
1280 1075 81 55 sed
1326 1075 92 55 isto
1383 1075 92 55 modo
1441 1075 69 55 in
1476 1075 127 55 diuinis
1568 1075 81 55 non
1614 1075 150 55 contingit
1730 1075 92 55 vnam
1787 1075 139 55 personam
1880 1075 46 55 es

451 1120 79 61 se
490 1120 79 61 in
530 1120 119 61 alia,
610 1120 106 61 quia
676 1120 79 61 in
716 1120 146 61 diuinis
822 1120 159 61 personis
941 1120 119 61 nihil
1020 1120 93 61 est
1073 1120 119 61 vnius
1153 1120 106 61 quod
1219 1120 93 61 non
1272 1120 93 61 sit
1325 1120 172 61 alterius,
1457 1120 93 61 per
1510 1120 106 61 quid
1577 1120 159 61 scilicet
1696 1120 146 61 persona
1802 1120 93 61 vna
1855 1120 93 61 ha-

456 1166 95 53 bet
511 1166 109 53 esse
579 1166 82 53 in
620 1166 123 53 alia,
701 1166 109 53 quia
770 1166 82 53 in
810 1166 150 53 diuinis
919 1166 163 53 personis
1042 1166 123 53 illud
1124 1166 109 53 quod
1192 1166 95 53 est
1246 1166 123 53 vnius
1328 1166 68 53 &
1355 1166 95 53 non
1410 1166 177 53 alterius,
1546 1166 95 53 non
1600 1166 95 53 est
1655 1166 109 53 nisi
1723 1166 191 53 personalis
1859 1166 68 53 pro

457 1213 165 53 prietas:
581 1213 69 53 &
608 1213 192 53 proprietas
759 1213 124 53 vnius
842 1213 165 53 personae
965 1213 96 53 non
1020 1213 96 53 est
1075 1213 137 53 primo,
1171 1213 69 53 &
1199 1213 96 53 per
1253 1213 82 53 se
1295 1213 82 53 in
1336 1213 124 53 alio,
1418 1213 82 53 vt
1459 1213 96 53 per
1514 1213 124 53 illam
1597 1213 151 53 persona
1706 1213 137 53 possit
1802 1213 110 53 esse
1871 1213 82 53 in

460 1260 143 51 persona
564 1260 104 51 illa
629 1260 91 51 per
682 1260 91 51 se,
734 1260 104 51 etsi
799 1260 91 51 non
851 1260 130 51 primo.
942 1260 91 51 non
994 1260 104 51 enim
1060 1260 156 51 filiatio
1177 1260 91 51 est
1229 1260 117 51 primo
1307 1260 65 51 &
1333 1260 91 51 per
1386 1260 78 51 se
1425 1260 78 51 in
1464 1260 130 51 patre,
1555 1260 78 51 vt
1594 1260 91 51 per
1646 1260 117 51 illam
1724 1260 117 51 totus
1803 1260 130 51 filius
1881 1260 39 51 &

454 1305 174 50 diuinitas
587 1305 134 50 ipsius
681 1305 107 50 sint
748 1305 80 50 in
788 1305 120 50 patre
868 1305 94 50 per
921 1305 94 50 se,
975 1305 120 50 licet
1055 1305 94 50 non
1109 1305 134 50 primo.
1202 1305 107 50 Quia
1269 1305 94 50 cum
1322 1305 187 50 filiatione
1470 1305 214 50 distinguitur
1643 1305 134 50 filius
1737 1305 67 50 a
1764 1305 134 50 patre,
1844 1305 80 50 ipsa

443 1349 167 62 filiatio
568 1349 125 62 primo
652 1349 69 62 &
679 1349 97 62 per
735 1349 83 62 se
777 1349 153 62 quantum
888 1349 97 62 est
943 1349 83 62 ex
985 1349 125 62 parte
1068 1349 97 62 sui
1124 1349 139 62 potius
1221 1349 97 62 est
1277 1349 125 62 extra
1360 1349 153 62 patrem,
1471 1349 111 62 quam
1541 1349 83 62 in
1583 1349 139 62 patre:
1680 1349 69 62 &
1708 1349 97 62 per
1763 1349 97 62 eam
1805 1349 111 62 filius

442 1394 124 64 extra
525 1394 138 64 patrem
622 1394 111 64 quam
691 1394 83 64 in
733 1394 138 64 patre:
829 1394 124 64 licet
912 1394 124 64 intra
995 1394 69 64 &
1023 1394 124 64 extra
1106 1394 97 64 non
1161 1394 207 64 recipiantur
1327 1394 152 64 proprie
1438 1394 83 64 in
1479 1394 166 64 diuinis.
1604 1394 83 64 Si
1645 1394 111 64 vero
1715 1394 97 64 sit
1770 1394 152 64 aliquid
1881 1394 69 64 i

446 1441 105 62 alio
512 1441 92 62 per
564 1441 144 62 aliquid
669 1441 92 62 sui
722 1441 105 62 quid
787 1441 92 62 sit
840 1441 118 62 vnius
918 1441 118 62 eorum
997 1441 92 62 ita
1050 1441 105 62 quod
1115 1441 118 62 simul
1194 1441 92 62 sit
1247 1441 118 62 etiam
1325 1441 171 62 alterius,
1457 1441 105 62 isto
1522 1441 105 62 modo
1588 1441 144 62 essendi
1693 1441 92 62 in,
1745 1441 118 62 nihil
1824 1441 79 62 in
1850 1441 79 62 crea

455 1489 133 56 turis
544 1489 133 56 habet
633 1489 119 56 esse
707 1489 89 56 in
752 1489 133 56 alio:
841 1489 119 56 quia
915 1489 148 56 duobus
1019 1489 252 56 differentibus
1226 1489 89 56 in
1271 1489 208 56 creaturis,
1434 1489 133 56 nihil
1523 1489 89 56 in
1567 1489 89 56 re
1612 1489 104 56 est
1671 1489 163 56 commune
1775 1489 148 56 singula-

446 1530 87 57 re
490 1530 175 57 vtrisque
621 1530 102 57 per
679 1530 117 57 quod
752 1530 102 57 vna
811 1530 175 57 creatura
942 1530 146 57 possit
1044 1530 117 57 esse
1116 1530 87 57 in
1160 1530 146 57 altera
1262 1530 117 57 vllo
1335 1530 131 57 modo.
1422 1530 87 57 Et
1466 1530 102 57 hoc
1524 1530 117 57 modo
1597 1530 160 57 proprie
1714 1530 87 57 in
1757 1530 160 57 diuinis
1859 1530 73 57 vna

460 1576 138 54 persona
561 1576 113 54 habet
637 1576 101 54 esse
700 1576 76 54 in
737 1576 101 54 alia
800 1576 63 54 &
825 1576 101 54 tota
888 1576 76 54 in
926 1576 113 54 tota:
1002 1576 88 54 sed
1052 1576 88 54 non
1102 1576 88 54 per
1153 1576 76 54 se
1190 1576 63 54 &
1216 1576 113 54 primo
1291 1576 101 54 tota
1354 1576 76 54 in
1392 1576 113 54 tota:
1467 1576 101 54 immo
1530 1576 88 54 per
1581 1576 138 54 aliquid
1681 1576 88 54 sui
1732 1576 101 54 quod
1795 1576 113 54 habet
1857 1576 76 54 cone

445 1631 89 56 cum
496 1631 101 56 illa
559 1631 76 56 in
597 1631 89 56 qua
648 1631 101 56 est,
712 1631 101 56 quod
775 1631 89 56 est
826 1631 76 56 in
864 1631 101 56 illa
927 1631 89 56 per
978 1631 76 56 se
1016 1631 63 56 &
1041 1631 127 56 primo:
1130 1631 63 56 &
1155 1631 89 56 per
1206 1631 114 56 illud
1282 1631 101 56 ipsa
1346 1631 114 56 habet
1422 1631 101 56 esse
1485 1631 101 56 tota
1549 1631 76 56 in
1587 1631 101 56 illa
1650 1631 89 56 per
1701 1631 89 56 se,
1751 1631 114 56 licet
1828 1631 89 56 non
1866 1631 63 56 pri

444 1680 91 53 mo
489 1680 76 53 &
520 1680 106 53 hoc
580 1680 167 53 ratione
702 1680 152 53 illius
808 1680 121 53 quod
883 1680 136 53 habet
974 1680 167 53 commune
1096 1680 106 53 cum
1156 1680 136 53 illa.
1247 1680 121 53 Dico
1323 1680 152 53 igitur
1429 1680 227 53 concludendo
1611 1680 227 53 propositum:
1793 1680 121 53 quod
1853 1680 61 53 in

442 1720 172 50 diuinis
568 1720 172 50 persona
693 1720 110 50 vna
755 1720 141 50 habet
849 1720 125 50 esse
927 1720 94 50 in
974 1720 125 50 alia
1053 1720 188 50 secundum
1194 1720 235 50 substantiam
1381 1720 78 50 &
1413 1720 188 50 secundum
1553 1720 219 50 relationem
1726 1720 156 50 simul.
1819 1720 110 50 Secun

448 1761 104 51 dum
507 1761 237 51 substantiam,
700 1761 89 51 vt
744 1761 177 51 secundum
877 1761 133 51 illud
966 1761 177 51 secundum
1099 1761 118 51 quod
1173 1761 251 51 principaliter
1380 1761 163 51 persona
1498 1761 104 51 vna
1557 1761 133 51 habet
1646 1761 118 51 esse
1720 1761 89 51 in
1764 1761 133 51 alia:
1838 1761 89 51 quia

453 1814 109 46 ipsa
521 1814 191 46 substantia
671 1814 109 46 eius
739 1814 95 46 est
794 1814 82 46 in
835 1814 109 46 illa
903 1814 123 46 primo
984 1814 68 46 &
1012 1814 95 46 per
1066 1814 95 46 se,
1121 1814 68 46 &
1148 1814 95 46 per
1202 1814 123 46 illam
1284 1814 109 46 ipsa
1352 1814 109 46 tota
1420 1814 163 46 persona:
1543 1814 109 46 quae
1611 1814 95 46 nec
1665 1814 163 46 secundum
1788 1814 82 46 se
1815 1814 109 46 totadi

436 1857 175 51 ceretur
563 1857 127 51 esse
643 1857 95 51 in
691 1857 127 51 illa
770 1857 191 51 secundum
913 1857 239 51 substantiam
1104 1857 207 51 communem:
1264 1857 111 51 sed
1327 1857 159 51 potius
1439 1857 207 51 diceretur
1598 1857 127 51 esse
1677 1857 127 51 vnum
1757 1857 80 51 &
1773 1857 143 51 idipsum

445 1900 104 50 cum
505 1900 134 50 illa,
594 1900 89 50 si
638 1900 104 50 non
698 1900 134 50 esset
787 1900 89 50 in
832 1900 104 50 ea.
891 1900 178 50 Secundum
1025 1900 193 50 relatiuam
1174 1900 238 50 proprietatem
1367 1900 104 50 qua
1426 1900 164 50 differt
1545 1900 89 50 ab
1590 1900 134 50 illa:
1679 1900 89 50 vt
1724 1900 178 50 secundum
1843 1900 74 50 il-

430 1938 113 55 lud
494 1938 194 55 secundum
640 1938 129 55 quod
721 1938 178 55 persona
850 1938 113 55 vna
914 1938 145 55 habet
1011 1938 129 55 esse
1092 1938 97 55 in
1141 1938 129 55 alia
1221 1938 113 55 non
1286 1938 145 55 tamen
1383 1938 162 55 primo:
1496 1938 129 55 quia
1577 1938 129 55 ipsa
1658 1938 226 55 proprietas
1819 1938 97 55 vni-

446 1993 88 64 us
490 1993 176 64 personae
622 1993 103 64 non
681 1993 103 64 est
739 1993 88 64 in
783 1993 117 64 alia
856 1993 161 64 persona
974 1993 117 64 nisi
1047 1993 117 64 quia
1120 1993 205 64 substantia
1281 1993 117 64 quae
1354 1993 103 64 est
1413 1993 117 64 eius
1486 1993 88 64 in
1530 1993 103 64 qua
1589 1993 176 64 fundatur
1721 1993 103 64 sua
1765 1993 146 64 proprie.

445 2036 119 68 tas,
519 2036 104 68 est
579 2036 89 68 in
623 2036 119 68 illa
697 2036 178 68 persona.
831 2036 208 68 Substantia
994 2036 119 68 enim
1068 2036 104 68 vna
1128 2036 148 68 numero
1232 2036 74 68 &
1261 2036 223 68 singularis,
1439 2036 104 68 non
1499 2036 148 68 potest
1602 2036 119 68 esse
1677 2036 89 68 in
1721 2036 148 68 aliquo
1825 2036 119 68 quin

443 2080 91 68 in
488 2080 121 68 illo
564 2080 136 68 simul
655 2080 106 68 sit
715 2080 182 68 quicquid
852 2080 182 68 fundatur
988 2080 91 68 in
1033 2080 121 68 illa
1109 2080 227 68 substantia.
1290 2080 76 68 &
1321 2080 106 68 non
1381 2080 136 68 solum
1472 2080 182 68 secundum
1608 2080 106 68 hoc
1669 2080 106 68 vna
1729 2080 166 68 persona
1835 2080 76 68 est

445 2124 81 66 in
486 2124 122 66 alia:
568 2124 95 66 sed
622 2124 163 66 singulae
744 2124 122 66 mutuo
826 2124 109 66 sunt
893 2124 81 66 in
934 2124 176 66 singulis.
1070 2124 109 66 Vnde
1138 2124 122 66 Hila.
1219 2124 109 66 ista
1287 2124 163 66 intimius
1409 2124 190 66 perquirens
1559 2124 109 66 quam
1626 2124 109 66 alii
1694 2124 149 66 sancti,
1803 2124 95 66 qui
1857 2124 95 66 non

436 2177 207 58 exprimunt
595 2177 191 58 personam
739 2177 127 58 esse
819 2177 96 58 in
866 2177 175 58 persona
994 2177 127 58 nisi
1073 2177 191 58 secundum
1217 2177 255 58 substantiam,
1424 2177 96 58 vt
1472 2177 143 58 patet
1567 2177 96 58 in
1615 2177 143 58 primo
1695 2177 223 58 Sententiarum

433 2220 247 54 distinctione.
637 2220 116 54 xix.
710 2220 116 54 cap.
782 2220 87 54 Et
826 2220 116 54 inde
899 2220 116 54 est.
971 2220 102 54 vbi
1029 2220 116 54 ista
1102 2220 160 54 materia
1218 2220 203 54 tractatur:
1378 2220 131 54 etiam
1465 2220 160 54 exponit
1582 2220 116 54 vnam
1654 2220 174 54 personam
1785 2220 116 54 esse
1858 2220 87 54 in

445 2264 113 67 alia
516 2264 170 67 secundum
643 2264 213 67 relationem,
814 2264 85 67 in
856 2264 142 67 libro.
955 2264 113 67 iii.
1026 2264 85 67 de
1069 2264 184 67 trinitate
1211 2264 113 67 cap.
1282 2264 142 67 primo,
1381 2264 99 67 sic
1438 2264 184 67 inquiens.
1580 2264 227 67 Cognoscendum
1764 2264 142 67 itaque
1849 2264 71 67 est

442 2313 134 62 atque
531 2313 253 62 intelligendum
739 2313 119 62 quid
814 2313 104 62 sit
873 2313 149 62 illud,
977 2313 104 62 ego
1037 2313 89 62 in
1081 2313 149 62 patre,
1186 2313 74 62 &
1215 2313 134 62 pater
1304 2313 89 62 in
1349 2313 104 62 me.
1409 2313 89 62 Si
1453 2313 134 62 tamen
1542 2313 253 62 comprehendere
1750 2313 104 62 ita
1810 2313 89 62 vt
1840 2313 74 62 est

447 2360 201 66 valebimus:
605 2360 86 66 vt
648 2360 115 66 quod
719 2360 144 66 natura
820 2360 129 66 rerum
906 2360 100 66 non
963 2360 115 66 pati
1035 2360 129 66 posse
1121 2360 230 66 existimatur,
1308 2360 86 66 id
1351 2360 158 66 diuinae
1466 2360 187 66 veritatis
1610 2360 129 66 ratio
1696 2360 230 66 consequatur.
1868 2360 43 66 &

443 2403 104 57 post
508 2403 117 57 pauca
586 2403 169 57 subiugit.
717 2403 104 57 Quod
782 2403 78 57 in
821 2403 117 57 patre
899 2403 104 57 est,
964 2403 91 57 hoc
1017 2403 78 57 in
1056 2403 117 57 filio
1134 2403 104 57 est:
1199 2403 104 57 quod
1264 2403 78 57 in
1303 2403 169 57 ingenito,
1434 2403 91 57 hoc
1486 2403 78 57 in
1525 2403 183 57 vnigenito,
1668 2403 117 57 alter
1747 2403 78 57 ab
1786 2403 143 57 altero,
1877 2403 39 57 &

448 2455 136 56 vterque
546 2455 99 56 vnum
608 2455 86 56 non
658 2455 86 56 duo
707 2455 111 56 vnus,
781 2455 86 56 sed
830 2455 111 56 alius
905 2455 74 56 in
942 2455 111 56 alio,
1016 2455 99 56 quia
1077 2455 86 56 non
1127 2455 111 56 aliud
1201 2455 74 56 in
1238 2455 148 56 vtroque.
1349 2455 99 56 Ecce
1411 2455 99 56 vnus
1472 2455 74 56 in
1510 2455 99 56 alio
1571 2455 86 56 est
1621 2455 148 56 secundum
1732 2455 198 56 substantiam.
1880 2455 37 56 &

442 2491 137 71 sequitur
544 2491 148 71 continue.
659 2491 80 71 Etr
704 2491 69 71 in
739 2491 114 71 filio:
819 2491 91 71 quia
876 2491 69 71 ex
910 2491 69 71 eo
944 2491 126 71 filius:
1036 2491 57 71 &
1058 2491 114 71 filius
1138 2491 69 71 in
1173 2491 114 71 patre:
1253 2491 91 71 quia
1310 2491 80 71 non
1355 2491 126 71 aliunde
1447 2491 126 71 filius:
1538 2491 160 71 vnigenitus
1664 2491 69 71 in
1698 2491 126 71 igenito
1789 2491 91 71 quia
1846 2491 69 71 ab
1869 2491 46 71 in

432 2539 145 53 genito
533 2539 217 53 vnigenitus.
707 2539 116 53 Ecce
779 2539 116 53 quia
851 2539 116 53 vnus
924 2539 87 53 in
967 2539 116 53 alio
1040 2539 101 53 est
1098 2539 174 53 secundum
1228 2539 217 53 relationem.
1402 2539 72 53 &
1431 2539 145 53 libro.
1532 2539 116 53 vii.
1604 2539 116 53 cap.
1677 2539 116 53 xix.
1749 2539 145 53 Insunt
1836 2539 87 53 sibi

430 2591 176 65 inuicem
558 2591 112 65 dum
622 2591 112 65 non
686 2591 112 65 est
751 2591 128 65 nisi
831 2591 96 65 ex
879 2591 144 65 patre
975 2591 224 65 natiuitas.
1151 2591 128 65 Ecce
1232 2591 112 65 in,
1296 2591 192 65 secundum
1440 2591 273 65 proprietatem.
1664 2591 112 65 Dum
1729 2591 96 65 in
1777 2591 128 65 deum
1841 2591 80 65 al-

433 2635 133 60 terum
522 2635 148 60 natura
625 2635 104 60 vel
685 2635 177 60 exterior
818 2635 104 60 vel
877 2635 207 60 dissimilis
1040 2635 104 60 non
1099 2635 207 60 subsistit.
1261 2635 118 60 Ecce
1335 2635 104 60 in,
1394 2635 177 60 secundum
1528 2635 237 60 substantiam.
1720 2635 89 60 Et
1749 2635 163 60 propterea

439 2676 91 70 quod
495 2676 80 70 vna
541 2676 125 70 persona
632 2676 80 70 est
677 2676 68 70 in
711 2676 114 70 altera
791 2676 80 70 non
836 2676 102 70 solum
905 2676 136 70 secundum
1007 2676 182 70 substantiam,
1155 2676 80 70 sed
1200 2676 80 70 est
1246 2676 136 70 secundum
1348 2676 193 70 proprietatem,
1507 2676 68 70 vt
1541 2676 80 70 sit
1587 2676 91 70 tota
1644 2676 68 70 in
1678 2676 102 70 tota:
1746 2676 136 70 contigit
1837 2676 68 70 quod

437 2726 128 80 etiam
522 2726 213 80 subsistendo
693 2726 99 80 vna
749 2726 99 80 est
806 2726 85 80 in
849 2726 156 80 altera,
963 2726 71 80 &
991 2726 185 80 subsistit
1133 2726 85 80 in
1176 2726 99 80 ea.
1233 2726 156 80 Propter
1346 2726 114 80 quod
1418 2726 128 80 dicit
1503 2726 85 80 in
1545 2726 114 80 fine
1617 2726 142 80 libri,
1716 2726 128 80 nihil
1787 2726 128 80 differ
