2017 3194
150 272 108 78 quae
218 272 122 78 habet
299 272 108 78 esse
367 272 81 78 ab
407 272 122 78 alia.
489 272 68 78 ⁋
516 272 135 78 Tertio
610 272 108 78 sic.
678 272 81 78 si
718 272 68 78 a
745 272 149 78 persona
854 272 108 78 quae
921 272 81 78 in
962 272 149 78 diuinis
1070 272 95 78 non
1124 272 95 78 est
1178 272 81 78 ab
1219 272 122 78 alia,
1300 272 135 78 emanet
1395 272 108 78 alia
1462 272 162 78 persona,
1570 272 68 78 cum

155 344 102 54 psa
214 344 102 54 sit
272 344 131 54 deus,
360 344 73 54 &
389 344 88 54 ab
433 344 117 54 ipsa
506 344 102 54 non
564 344 146 54 emanet
666 344 117 54 alia
739 344 117 54 nisi
812 344 102 54 per
870 344 233 54 productionem
1060 344 131 54 intra
1148 344 190 54 manentem,
1293 344 117 54 quia
1366 344 219 54 productione
1527 344 102 54 trans

144 384 134 59 eunte
234 384 134 59 extra
323 384 164 59 emanant
442 384 209 59 creaturae,
606 384 89 59 de
651 384 104 59 qua
711 384 104 59 non
770 384 104 59 est
830 384 104 59 hic
890 384 149 59 sermo:
994 384 119 59 illa
1068 384 119 59 ergo
1143 384 164 59 persona
1262 384 119 59 quae
1337 384 149 59 emanat
1441 384 89 59 ab
1486 384 119 59 alia
1560 384 104 59 aut

147 432 104 47 est
207 432 119 47 deus
281 432 104 47 aut
341 432 104 47 non
401 432 104 47 est
460 432 134 47 deus.
550 432 104 47 sed
609 432 164 47 neutrum
729 432 104 47 est
788 432 164 47 ponere,
907 432 119 47 ergo
982 432 104 47 &c.
1042 432 104 47 Non
1101 432 119 47 quod
1176 432 104 47 non
1235 432 104 47 sit
1295 432 134 47 deus:
1385 432 104 47 cum
1444 432 194 47 productio
1578 432 60 47 di

136 471 104 70 uina
201 471 117 70 nihil
279 471 156 70 producit
396 471 104 70 nisi
461 471 78 70 in
500 471 104 70 ipsa
565 471 130 70 diuina
656 471 195 70 substantia.
812 471 78 70 In
851 471 130 70 diuina
942 471 117 70 autem
1020 471 182 70 substantia
1163 471 117 70 nihil
1241 471 130 70 potest
1332 471 156 70 produci,
1449 471 104 70 nisi
1514 471 91 70 qui
1553 471 78 70 deus

140 522 121 56 est.
215 522 106 56 Non
276 522 121 56 quod
351 522 106 56 est
412 522 136 56 deus:
502 522 121 56 quia
578 522 121 56 tunc
653 522 121 56 deus
729 522 211 56 produceret
895 522 136 56 deum,
986 522 121 56 ergo
1061 522 106 56 aut
1122 522 91 56 se
1167 522 136 56 deum,
1257 522 106 56 aut
1318 522 136 56 alium
1408 522 76 56 a
1439 522 91 56 se
1484 522 136 56 deum.
1559 522 76 56 Non

139 568 81 44 se
179 568 121 44 deum,
260 568 108 44 quia
327 568 121 44 nulla
408 568 94 44 res
462 568 148 44 seipsam
570 568 175 44 producit.
704 568 148 44 dicente
812 568 175 44 Augustino
947 568 81 44 id
987 568 108 44 eist
1055 568 81 44 de
1095 568 162 44 Trinita.
1216 568 108 44 cap.
1284 568 81 44 i.
1324 568 121 44 Nulla
1405 568 94 44 res
1459 568 94 44 est
1513 568 108 44 quae
1567 568 67 44 se-

132 613 127 56 ipsam
216 613 141 56 gignit
315 613 85 56 vt
357 613 113 56 sit.
428 613 70 56 &
456 613 99 56 per
512 613 141 56 eandem
611 613 169 56 rationem
738 613 127 56 neque
823 613 113 56 alia
893 613 141 56 aliqua
992 613 155 56 actione
1104 613 169 56 producit
1231 613 85 56 vt
1274 613 113 56 sit.
1344 613 99 56 Non
1400 613 183 56 similiter
1527 613 99 56 alium

142 665 71 48 a
170 665 86 48 se
213 665 128 48 deum,
299 665 114 48 quia
370 665 100 48 sic
427 665 100 48 non
484 665 143 48 tantum
584 665 100 48 est
641 665 114 48 vnus
712 665 128 48 deus,
798 665 114 48 quod
869 665 143 48 falsum
969 665 100 48 est
1026 665 171 48 secundum
1154 665 128 48 supra
1240 665 228 48 determinata.
1425 665 71 48 ⁋
1454 665 114 48 ltem
1525 665 86 48 si
1553 665 86 48 deus

139 703 183 59 producit
276 703 137 59 deum,
368 703 107 59 aut
429 703 122 59 ergo
505 703 183 59 producit
642 703 122 59 deum
719 703 107 59 qui
780 703 107 59 est
841 703 122 59 deus
917 703 153 59 pater,
1024 703 107 59 aut
1085 703 107 59 qui
1146 703 107 59 non
1207 703 107 59 est
1268 703 122 59 deus
1344 703 153 59 pater.
1451 703 92 59 Si
1497 703 168 59 secundo

131 746 118 60 modo
205 746 118 60 ergo
278 746 118 60 ille
352 746 103 60 qui
411 746 191 60 productus
558 746 118 60 est,
631 746 118 60 deus
705 746 118 60 est,
778 746 103 60 qui
837 746 103 60 non
896 746 103 60 est
955 746 118 60 deus
1028 746 147 60 pater:
1131 746 103 60 non
1190 746 103 60 est
1249 746 118 60 ergo
1322 746 88 60 vt
1366 746 132 60 prius
1455 746 147 60 tantum
1543 746 88 60 vnus

131 791 132 61 deus.
219 791 88 61 Si
263 791 132 61 primo
351 791 132 61 modo:
439 791 117 61 ergo
512 791 176 61 producit
644 791 176 61 seipsum:
775 791 117 61 quod
849 791 102 61 est
907 791 234 61 impossibile.
1097 791 117 61 ergo
1171 791 102 61 &c.
1229 791 73 61 ⁋
1258 791 117 61 ltem
1332 791 88 61 si
1376 791 161 61 persona
1493 791 117 61 quae
1566 791 102 61 non

143 837 141 54 emanat
242 837 85 54 ab
284 837 127 54 alia,
369 837 170 54 producit
496 837 127 54 deum,
581 837 99 54 aut
638 837 113 54 ergo
708 837 113 54 quia
779 837 99 54 est
835 837 127 54 deus,
920 837 99 54 aut
977 837 113 54 quia
1047 837 99 54 est
1104 837 226 54 innascibilis
1288 837 71 54 &
1316 837 99 54 non
1373 837 85 54 ab
1415 837 113 54 alia
1472 837 155 54 producta.

132 883 96 50 Non
187 883 109 50 quia
255 883 123 50 deus:
337 883 109 50 quia
405 883 96 50 cum
460 883 109 50 deus
528 883 96 50 (vt
583 883 137 50 dictum
678 883 109 50 est)
747 883 96 50 non
801 883 164 50 producit
924 883 109 50 nisi
992 883 123 50 deum:
1074 883 123 50 eadem
1156 883 150 50 ratione
1265 883 109 50 ille
1334 883 177 50 productus
1470 883 109 50 deum
1538 883 123 50 produ

137 932 126 48 ceret:
226 932 63 48 &
251 932 101 48 ille
314 932 164 48 productus
441 932 177 48 similiter:
580 932 63 48 &
605 932 126 48 essent
693 932 152 48 personae
807 932 139 48 diuinae
908 932 177 48 infinitae.
1047 932 88 48 Non
1097 932 101 48 quia
1161 932 215 48 innascibilis,
1337 932 101 48 quia
1401 932 101 48 tunc
1451 932 177 48 innascibilem

139 975 201 62 produceret:
299 975 107 62 quia
366 975 174 62 productio
500 975 134 62 diuina
594 975 94 62 est
647 975 241 62 perfectissima:
848 975 120 62 cuius
928 975 94 62 non
982 975 94 62 est
1036 975 107 62 nisi
1103 975 107 62 sibi
1169 975 187 62 simillimum
1317 975 187 62 producere.
1464 975 67 62 ⁋
1491 975 107 62 ltem
1544 975 94 62 verum

135 1021 82 58 in
176 1021 150 58 diuinis
285 1021 95 58 est
340 1021 218 58 necessarium,
517 1021 109 58 quia
585 1021 82 58 in
625 1021 95 58 deo
680 1021 123 58 nihil
762 1021 95 58 est
816 1021 204 58 contingens.
979 1021 82 58 si
1020 1021 109 58 ergo
1088 1021 109 58 haec
1156 1021 95 58 est
1211 1021 123 58 vera,
1292 1021 109 58 deus
1360 1021 150 58 generat
1469 1021 123 58 deum,
1537 1021 82 58 ipsa

135 1069 97 55 est
190 1069 207 55 necessaria:
356 1069 111 55 quia
425 1069 166 55 negatiua
550 1069 111 55 sibi
619 1069 193 55 respondens
771 1069 97 55 est
826 1069 235 55 impossibilis,
1019 1069 111 55 deus
1088 1069 97 55 non
1144 1069 152 55 generat
1254 1069 124 55 deum.
1337 1069 97 55 hoc
1392 1069 124 55 autem
1475 1069 138 55 falsum
1558 1069 69 55 est

127 1113 115 56 quia
198 1113 129 56 sicut
284 1113 115 56 illa
356 1113 115 56 deus
427 1113 157 56 generat
542 1113 129 56 deum,
628 1113 100 56 est
685 1113 115 56 vera
757 1113 100 56 pro
814 1113 157 56 persona
928 1113 143 56 solius
1029 1113 157 56 patris,
1143 1113 72 56 &
1172 1113 129 56 ista,
1258 1113 115 56 deus
1329 1113 100 56 non
1387 1113 172 56 generat,
1515 1113 100 56 pro
1558 1113 72 56 per

134 1154 123 58 sona
211 1154 139 58 filii
303 1154 77 58 &
334 1154 185 58 spiritus
473 1154 170 58 sancti.
596 1154 77 58 ⁋
627 1154 123 58 ltem
704 1154 93 58 si
750 1154 123 58 deus
827 1154 216 58 produceret
997 1154 139 58 deum,
1089 1154 108 58 cum
1151 1154 200 58 producere
1305 1154 77 58 &
1336 1154 170 58 produci
1444 1154 185 58 relationes

137 1199 252 52 distinguentes
345 1199 89 52 in
389 1199 163 52 diuinis
508 1199 193 52 important
656 1199 133 52 circa
745 1199 178 52 terminos
879 1199 133 52 suos,
968 1199 119 52 deus
1042 1199 119 52 ergo
1116 1199 133 52 esset
1205 1199 208 52 distinctus
1368 1199 74 52 a
1398 1199 119 52 deo:
1472 1199 104 52 hoc
1516 1199 104 52 autem

132 1246 142 49 falsum
231 1246 114 49 est.
302 1246 114 49 ergo
374 1246 100 49 &c.
430 1246 71 49 ⁋
459 1246 114 49 ltem
530 1246 85 49 si
573 1246 114 49 deus
644 1246 199 49 produceret
800 1246 128 49 deum,
885 1246 100 49 aut
942 1246 114 49 ergo
1013 1246 185 49 voluntate
1156 1246 156 49 libera,
1269 1246 100 49 aut
1326 1246 156 49 natura,
1440 1246 100 49 aut
1483 1246 156 49 necessita

140 1292 106 56 te,
200 1292 121 56 quia
276 1292 151 56 plures
382 1292 106 56 non
442 1292 121 56 sunt
517 1292 121 56 modi
593 1292 166 56 agendi.
714 1292 106 56 Non
774 1292 151 56 natura
880 1292 106 56 aut
940 1292 242 56 necessitate,
1137 1292 121 56 quia
1212 1292 121 56 deus
1288 1292 106 56 cum
1348 1292 106 56 sit
1408 1292 136 56 agens
1484 1292 151 56 potentis

129 1338 155 47 simum,
238 1338 186 47 perfecte
378 1338 202 47 dominatur
533 1338 124 47 suae
610 1338 186 47 actioni:
750 1338 109 47 hoc
812 1338 140 47 autem
905 1338 140 47 solum
998 1338 186 47 conuenit
1138 1338 155 47 agenti
1246 1338 155 47 libere
1355 1338 78 47 &
1386 1338 217 47 voluntarie
1556 1338 109 47 non

145 1388 220 50 naturaliter
322 1388 103 50 aut
380 1388 220 50 necessario.
557 1388 191 50 Similiter
704 1388 103 50 non
762 1388 206 50 voluntate,
924 1388 118 50 quia
997 1388 132 50 actio
1085 1388 235 50 productionis
1276 1388 176 50 personae
1409 1388 88 50 in
1453 1388 162 50 diuinis
1556 1388 73 50 non

135 1430 137 57 potest
231 1430 96 57 non
286 1430 123 57 esse,
368 1430 110 57 quia
437 1430 82 57 in
478 1430 164 57 aeternis
601 1430 96 57 non
656 1430 178 57 differunt
793 1430 110 57 esse
862 1430 69 57 &
889 1430 137 57 posse.
985 1430 123 57 talis
1067 1430 123 57 actio
1149 1430 96 57 est
1204 1430 192 57 necessaria
1355 1430 206 57 necessitate
1506 1430 123 57 naturae

151 1474 136 55 quare
241 1474 106 55 non
302 1474 226 55 voluntaria,
483 1474 121 55 quia
558 1474 181 55 voluntas
694 1474 75 55 &
724 1474 151 55 natura
829 1474 121 55 sunt
905 1474 90 55 ex
950 1474 181 55 opposito
1085 1474 211 55 distincta,
1251 1474 90 55 vt
1296 1474 181 55 habetur.
1432 1474 121 55 vii.
1492 1474 136 55 Metaphy

146 1528 148 47 sicae.
250 1528 74 47 ⁋
279 1528 118 47 ltem
353 1528 89 47 si
397 1528 118 47 deus
471 1528 177 47 producat
604 1528 133 47 deum,
693 1528 103 47 aut
752 1528 118 47 ergo
826 1528 89 47 de
870 1528 148 47 nihilo
974 1528 103 47 aut
1033 1528 89 47 de
1077 1528 103 47 sua
1136 1528 207 47 substantia
1299 1528 103 47 aut
1358 1528 89 47 de
1403 1528 148 47 aliqua
1491 1528 148 47 substan-

144 1563 100 52 tia
201 1563 157 52 aliena,
315 1563 100 52 non
371 1563 85 52 de
414 1563 157 52 nihilo,
528 1563 114 52 quia
599 1563 114 52 tunc
670 1563 185 52 productio
813 1563 171 52 personae
941 1563 157 52 diuinae
1055 1563 157 52 creatio
1169 1563 142 52 esset,
1268 1563 71 52 &
1297 1563 128 52 esset
1382 1563 114 52 ipsa
1453 1563 157 52 persona
1553 1563 71 52 pro

146 1609 136 58 ducta
237 1609 181 58 creatura
373 1609 106 58 non
433 1609 136 58 deus,
524 1609 106 58 non
584 1609 91 58 de
630 1609 106 58 sua
690 1609 227 58 substantia,
871 1609 166 58 quoniam
992 1609 91 58 id
1038 1609 91 58 de
1083 1609 106 58 quo
1143 1609 166 58 aliquid
1264 1609 196 58 generatur
1415 1609 106 58 est
1476 1609 91 58 in
1506 1609 121 58 poten-

142 1654 102 50 tia
201 1654 87 50 ad
244 1654 146 50 illud:
346 1654 73 50 &
376 1654 102 50 per
434 1654 131 50 agens
521 1654 146 50 exiret
623 1654 87 50 in
667 1654 146 50 actum.
769 1654 204 50 substantia
929 1654 146 50 diuina
1031 1654 117 50 quae
1104 1654 102 50 est
1163 1654 204 50 substantia
1323 1654 160 50 patris,
1440 1654 102 50 cum
1498 1654 102 50 sit
1542 1654 87 50 pura

137 1701 134 49 forma
227 1701 134 49 purus
316 1701 134 49 actus
405 1701 119 49 est,
480 1701 75 49 &
510 1701 104 49 ita
569 1701 89 49 ad
614 1701 134 49 nihil
704 1701 104 49 est
763 1701 89 49 in
808 1701 194 49 potentia,
957 1701 119 49 ergo
1032 1701 104 49 &c.
1091 1701 104 49 Non
1151 1701 89 49 de
1196 1701 209 49 substantia
1360 1701 164 49 aliena,
1479 1701 119 49 quia
1553 1701 104 49 non

139 1744 126 55 esset
223 1744 126 55 patri
307 1744 294 55 consubstantialis.
559 1744 70 55 ⁋
587 1744 140 55 Tertio
685 1744 84 55 ad
727 1744 196 55 principale
881 1744 112 55 sic.
952 1744 126 55 actus
1036 1744 224 55 nobilissimus
1218 1744 98 55 non
1274 1744 98 55 est
1330 1744 112 55 nisi
1400 1744 154 55 propter
1512 1744 154 55 seipsum

131 1793 103 54 non
190 1793 162 54 propter
308 1793 177 54 aliquid,
441 1793 177 54 secundum
574 1793 236 54 Philosophum.
766 1793 89 54 i.
810 1793 89 54 &.
854 1793 89 54 x.
899 1793 207 54 Ethicorum.
1061 1793 133 54 Actio
1150 1793 103 54 dei
1209 1793 148 54 manens
1312 1793 133 54 intra
1401 1793 89 54 se
1430 1793 192 54 nobilissima

147 1840 110 48 est,
216 1840 110 48 quia
284 1840 123 48 circa
367 1840 219 48 nobilissimum
545 1840 178 48 obiectum,
682 1840 110 48 quod
750 1840 96 48 est
805 1840 137 48 diuina
901 1840 164 48 essentia
1024 1840 110 48 siue
1093 1840 82 48 in
1134 1840 219 48 intelligendo
1312 1840 110 48 siue
1380 1840 151 48 volendo
1490 1840 110 48 siue
1558 1840 96 48 quo

138 1877 149 63 cunque
243 1877 120 63 alio
317 1877 120 63 modo
392 1877 164 63 agendo.
512 1877 120 63 ergo
587 1877 135 63 actio
676 1877 149 63 diuina
781 1877 149 63 manens
886 1877 135 63 intra
975 1877 105 63 est
1035 1877 164 63 propter
1155 1877 90 63 se
1199 1877 75 63 &
1229 1877 90 63 in
1274 1877 90 63 se
1319 1877 179 63 perfecta
1454 1877 105 63 non
1498 1877 135 63 propter

140 1930 169 48 aliquid
263 1930 138 48 actum
355 1930 123 48 siue
432 1930 215 48 productum.
601 1930 108 48 sed
662 1930 138 48 omnis
755 1930 138 48 actio
847 1930 108 48 per
908 1930 123 48 quam
985 1930 169 48 aliquid
1108 1930 231 48 producitur,
1293 1930 108 48 est
1354 1930 169 48 propter
1477 1930 138 48 ipsum
1554 1930 77 48 pro

137 1974 169 56 ductum.
259 1974 123 56 ergo
336 1974 107 56 &c.
397 1974 77 56 ⁋
428 1974 153 56 Quarto
535 1974 123 56 sic.
612 1974 184 56 emanatio
750 1974 215 56 significat
918 1974 138 56 fieri
1010 1974 169 56 quoddam
1133 1974 123 56 siue
1210 1974 138 56 motum
1302 1974 123 56 siue
1378 1974 169 56 exitum:
1501 1974 123 56 quae
1578 1974 92 56 in

146 2015 148 57 diuinis
253 2015 148 57 penitus
361 2015 108 57 esse
428 2015 94 57 non
482 2015 148 57 potest.
590 2015 108 57 ergo
657 2015 94 57 &c.
711 2015 67 57 ⁋
738 2015 135 57 Quinto
832 2015 108 57 sic.
899 2015 81 57 si
939 2015 81 57 in
980 2015 148 57 diuinis
1087 2015 81 57 ab
1128 2015 108 57 illa
1195 2015 148 57 persona
1303 2015 108 57 quae
1370 2015 94 57 non
1424 2015 121 57 habet
1504 2015 108 57 esse
1572 2015 81 57 ab
1599 2015 40 57 i

147 2055 110 60 alia
216 2055 123 60 habet
298 2055 151 60 emanare
408 2055 123 60 alia,
490 2055 110 60 ergo
559 2055 96 60 aut
613 2055 137 60 emanat
709 2055 82 60 ab
751 2055 110 60 illa
819 2055 192 60 procedendo
970 2055 82 60 de
1011 2055 96 60 non
1066 2055 110 60 esse
1134 2055 82 60 ad
1176 2055 123 60 esse,
1258 2055 96 60 aut
1313 2055 82 60 de
1354 2055 110 60 esse
1422 2055 82 60 ad
1463 2055 123 60 esse.
1546 2055 69 60 &
1559 2055 69 60 hoc

150 2107 82 54 de
191 2107 122 54 eodem
273 2107 109 54 esse
341 2107 82 54 in
382 2107 109 54 idem
450 2107 122 54 esse,
531 2107 95 54 aut
586 2107 82 54 de
627 2107 109 54 alio
695 2107 109 54 esse
763 2107 82 54 in
804 2107 136 54 aliud.
899 2107 95 54 Non
953 2107 122 54 primo
1035 2107 122 54 modo,
1117 2107 109 54 quia
1185 2107 109 54 tunc
1253 2107 150 54 persona
1361 2107 82 54 in
1402 2107 150 54 diuinis
1498 2107 122 54 emanans

150 2151 79 54 ab
189 2151 105 54 alia
255 2151 184 54 incepisset
400 2151 118 54 esse,
479 2151 105 54 quia
544 2151 105 54 omne
610 2151 171 54 procedens
742 2151 79 54 de
781 2151 92 54 non
834 2151 105 54 esse
900 2151 79 54 in
939 2151 105 54 esse
1005 2151 145 54 incipit
1110 2151 118 54 esse.
1189 2151 92 54 Non
1242 2151 145 54 secundo
1347 2151 118 54 modo,
1426 2151 105 54 quia
1491 2151 105 54 tunc
1544 2151 79 54 cir-

137 2195 83 57 ca
179 2195 125 57 illam
262 2195 125 57 esset
345 2195 167 57 mutatio.
470 2195 83 57 Et
512 2195 97 57 non
567 2195 139 57 tertio
664 2195 125 57 modo,
748 2195 111 57 quia
817 2195 111 57 tunc
887 2195 153 57 haberet
998 2195 111 57 esse
1067 2195 167 57 antequam
1192 2195 222 57 produceretur
1372 2195 83 57 in
1414 2195 125 57 esse:
1497 2195 111 57 quod
1553 2195 69 57 est

143 2247 226 49 impossibile.
326 2247 113 49 ergo
397 2247 99 49 &c.
453 2247 71 49 ⁋
481 2247 85 49 In
524 2247 197 49 contrarium
679 2247 113 49 est.
749 2247 155 49 quoniam
862 2247 85 49 si
905 2247 71 49 a
933 2247 155 49 persona
1046 2247 113 49 quae
1116 2247 85 49 in
1158 2247 155 49 diuinis
1271 2247 71 49 a
1299 2247 183 49 semetipsa
1441 2247 113 49 est,
1511 2247 99 49 non
1553 2247 85 49 ema-

147 2296 125 55 naret
230 2296 125 55 alia,
313 2296 97 55 cum
369 2296 111 55 ipsa
438 2296 97 55 non
493 2296 138 55 possit
590 2296 111 55 esse
659 2296 111 55 nisi
728 2296 138 55 vnica,
825 2296 83 55 vt
867 2296 97 55 iam
922 2296 166 55 ostensum
1047 2296 111 55 est:
1116 2296 97 55 non
1171 2296 125 55 esset
1254 2296 111 55 ergo
1324 2296 83 55 in
1365 2296 152 55 diuinis
1476 2296 111 55 nisi
1531 2296 97 55 vnica

145 2345 180 46 persona,
280 2345 75 46 &
310 2345 120 46 ideo
385 2345 105 46 non
446 2345 120 46 nisi
521 2345 195 46 absoluta,
671 2345 135 46 cuius
761 2345 210 46 contrarium
926 2345 135 46 supra
1017 2345 180 46 ostensum
1137 2345 90 46 est.

133 2375 88 74 ⁋
169 2375 211 74 Quaestio
327 2375 140 74 ista
414 2375 123 74 non
485 2375 193 74 quaerit
625 2375 140 74 nisi
713 2375 158 74 vtrum
818 2375 105 74 in
871 2375 193 74 diuinis
1011 2375 123 74 sit
1082 2375 176 74 aliqua
1205 2375 211 74 emanatio
1363 2375 140 74 quae
1450 2375 123 74 est
1503 2375 123 74 actio

124 2426 150 72 diuina
229 2426 150 72 manens
334 2426 150 72 intra,
440 2426 105 72 qua
500 2426 105 72 vna
560 2426 165 72 persona
680 2426 120 72 nata
755 2426 105 72 est
815 2426 195 72 procedere
966 2426 90 72 ab
1011 2426 135 72 alia,
1101 2426 135 72 large
1191 2426 165 72 sumendo
1311 2426 240 72 processionem
1507 2426 90 72 vt
1537 2426 105 72 comnl

136 2484 135 48 munis
226 2484 105 48 est
286 2484 90 48 ad
331 2484 241 48 generationem
527 2484 75 48 &
557 2484 241 48 spirationem.
753 2484 90 48 Et
798 2484 105 48 est
858 2484 180 48 dicendum
993 2484 120 48 quod
1068 2484 105 48 sic
1129 2484 165 48 necesse
1249 2484 135 48 habet
1339 2484 150 48 ponere
1445 2484 135 48 fides
1520 2484 105 48 catho

134 2527 126 49 lica,
218 2527 168 49 quamquam
343 2527 98 49 sit
399 2527 182 49 difficile
539 2527 98 49 eam
595 2527 98 49 hoc
651 2527 182 49 mysterium
790 2527 154 49 capere,
902 2527 70 49 &
930 2527 98 49 hoc
986 2527 126 49 primo
1070 2527 154 49 ratione
1181 2527 154 49 accepta
1293 2527 84 49 ex
1335 2527 154 49 ratione
1446 2527 182 49 personae.
1572 2527 56 49 Ex

134 2570 97 59 quo
190 2570 111 59 enim
259 2570 153 59 persona
370 2570 111 59 quae
440 2570 83 59 in
482 2570 153 59 diuinis
593 2570 97 59 non
649 2570 97 59 est
704 2570 83 59 ab
746 2570 125 59 alia,
829 2570 97 59 non
885 2570 97 59 est
941 2570 195 59 constituta
1094 2570 83 59 in
1135 2570 97 59 sua
1191 2570 236 59 personalitate
1386 2570 111 59 nisi
1455 2570 83 59 ex
1483 2570 139 59 respectu

145 2618 86 48 ad
188 2618 129 48 aliam
274 2618 72 48 a
303 2618 101 48 qua
360 2618 245 48 distinguitur,
562 2618 144 48 quarum
662 2618 158 48 alietas
777 2618 101 48 non
835 2618 144 48 potest
936 2618 115 48 sumi
1008 2618 115 48 nisi
1079 2618 129 48 penes
1166 2618 173 48 rationem
1295 2618 173 48 originis
1425 2618 129 48 vnius
1511 2618 86 48 ab
1540 2618 86 48 alia

130 2662 186 50 secundum
270 2662 310 50 praedeterminata,
534 2662 140 50 origo
627 2662 140 50 autem
720 2662 140 50 vnius
813 2662 93 50 ab
859 2662 124 50 alia
937 2662 109 50 non
999 2662 109 50 est
1061 2662 124 50 nisi
1139 2662 109 50 per
1201 2662 140 50 actum
1294 2662 186 50 emanandi
1433 2662 124 50 vnam
1511 2662 93 50 ab
1542 2662 93 50 alia

129 2710 109 53 non
192 2710 140 53 extra
285 2710 249 53 transeuntem,
487 2710 124 53 quia
565 2710 109 53 hoc
627 2710 109 53 est
689 2710 187 53 proprium
829 2710 233 53 emanationis
1016 2710 218 53 creaturae,
1187 2710 171 53 oportet
1311 2710 156 53 igitur
1420 2710 156 53 ponere
1529 2710 93 53 in
1560 2710 78 53 di-

131 2750 137 69 uinis
222 2750 137 69 actum
314 2750 244 69 emanationis,
512 2750 76 69 &
543 2750 107 69 hoc
604 2750 137 69 vnius
695 2750 183 69 personae
833 2750 92 69 ab
878 2750 122 69 alia
955 2750 183 69 manentem
1092 2750 153 69 intra,
1199 2750 76 69 &
1229 2750 107 69 hoc
1290 2750 92 69 ab
1336 2750 122 69 illa
1412 2750 122 69 quae
1489 2750 107 69 non
1534 2750 92 69 ema
