2017 3297
420 284 202 61 fectionem:
578 284 72 61 &
607 284 101 61 per
665 284 159 61 futurum
781 284 260 61 expectationem.
997 284 159 61 dicente
1113 284 188 61 Augustino
1257 284 130 61 super
1344 284 130 61 illo:
1431 284 101 61 Ego
1488 284 130 61 hodie
1575 284 130 61 genui
1662 284 101 61 te.
1719 284 87 61 In
1748 284 188 61 aeternitate

430 339 92 51 non
483 339 198 51 praeteritum
641 339 92 51 est
694 339 119 51 quasi
773 339 106 51 esse
839 339 172 51 desierit:
971 339 92 51 nec
1024 339 145 51 futurum
1129 339 119 51 quasi
1208 339 132 51 nondum
1301 339 106 51 sit.
1367 339 92 51 Sed
1420 339 92 51 nec
1472 339 211 51 propriissime
1644 339 185 51 explicatur
1789 339 92 51 per
1829 339 79 51 prae

439 384 102 55 sens
503 384 140 55 tantum:
604 384 140 55 dicendo
706 384 127 55 semper
795 384 190 55 producitur,
947 384 76 55 ne
985 384 203 55 intelligatur
1150 384 165 55 productio
1277 384 102 55 fore
1340 384 76 55 in
1378 384 127 55 fieri.
1467 384 114 55 Sicut
1543 384 102 55 enim
1607 384 152 55 aeternae
1721 384 190 55 productioni
1861 384 63 55 re-

425 436 135 58 pugnat
520 436 149 58 desitio
628 436 203 58 praeteriti,
791 436 68 58 &
818 436 189 58 expectatio
966 436 149 58 futuri:
1075 436 95 58 sic
1129 436 162 58 repugnat
1250 436 81 58 ei
1291 436 122 58 fieri
1372 436 203 58 praesentis.
1534 436 108 58 Vnde
1602 436 108 58 etsi
1670 436 162 58 perfecte
1778 436 135 58 explicar

426 479 108 53 non
487 479 170 53 possit,
611 479 216 53 expressior
781 479 139 53 tamen
874 479 139 53 modus
966 479 108 53 est
1028 479 108 53 quo
1090 479 201 53 perfectio
1244 479 247 53 productionis
1445 479 216 53 exprimitur
1615 479 124 53 sine
1692 479 185 53 alicuius
1816 479 108 53 expe-

423 533 177 50 ctatione,
560 533 68 50 &
587 533 136 50 ipsius
683 533 164 50 producti
805 533 177 50 instantia
942 533 109 50 sine
1010 533 164 50 alicuius
1133 533 191 50 desitione,
1283 533 68 50 &
1310 533 177 50 vtriusque
1447 533 205 50 permanentia
1610 533 109 50 sine
1678 533 123 50 fieri
1760 533 68 50 &
1774 533 150 50 successio

437 576 97 56 ne.
493 576 111 56 Quod
562 576 111 56 sit,
632 576 111 56 hanc
701 576 167 56 actiuam,
826 576 111 56 deus
895 576 167 56 producit
1020 576 125 56 deum,
1104 576 208 56 convertendo
1270 576 83 56 in
1312 576 181 56 passiuam:
1451 576 153 56 dicendo
1562 576 111 56 Deus
1631 576 139 56 semper
1729 576 181 56 productus
1854 576 69 56 est

425 620 71 54 a
453 620 113 54 deo,
524 620 85 54 vt
566 620 85 54 ly
609 620 184 54 productus
750 620 155 54 propter
863 620 141 54 tempus
962 620 212 54 praeteritum
1131 620 113 54 quod
1202 620 254 54 consignificat,
1414 620 184 54 pertineat
1555 620 85 54 ad
1598 620 226 54 productionis
1767 620 170 54 perfectio-

422 668 109 57 nem,
491 668 96 57 per
545 668 109 57 quam
614 668 178 57 perfectus
750 668 109 57 deus
818 668 96 57 est
873 668 178 57 productus
1010 668 109 57 sine
1078 668 164 57 alicuius
1201 668 232 57 expectatione.
1392 668 82 57 Ly
1433 668 109 57 est,
1501 668 109 57 quia
1570 668 96 57 est
1624 668 164 57 praesens
1747 668 123 57 verbi
1815 668 55 57 su

420 716 119 52 tiui,
499 716 158 52 pertinet
618 716 79 52 ad
657 716 132 52 ipsius
750 716 158 52 producti
868 716 185 52 instantiam
1014 716 106 52 sine
1080 716 119 52 lapsu
1159 716 79 52 in
1198 716 145 52 aliquam
1304 716 211 52 defectionem.
1476 716 66 52 l
1502 716 145 52 semper,
1607 716 106 52 quia
1673 716 119 52 omnem
1739 716 172 52 differentii

424 759 160 48 temporis
544 759 227 48 comprehendit,
731 759 160 48 pertinet
851 759 80 48 ad
891 759 213 48 aeternitatis
1064 759 173 48 vtriusque
1198 759 213 48 permanentiam
1371 759 107 48 sine
1438 759 120 48 fieri
1518 759 67 48 &
1544 759 213 48 successione.
1718 759 173 48 Gregorius
1838 759 80 48 tame

433 805 80 53 in
473 805 94 53 sua
526 805 201 53 expositione
687 805 107 53 illa
755 805 107 53 duo,
822 805 174 53 productus
956 805 67 53 &
983 805 107 53 est,
1050 805 134 53 refert
1144 805 80 53 ad
1184 805 161 53 personae
1305 805 174 53 productae
1439 805 228 53 perfectionem,
1626 805 80 53 vt
1667 805 121 53 patet
1747 805 80 53 in
1787 805 107 53 eius
1841 805 94 53 aucto

427 853 131 49 ritate
519 853 105 49 quam
585 853 118 49 ponit
663 853 118 49 super
742 853 92 49 hoc
795 853 131 49 Magtur
887 853 210 49 Sententiarum
1058 853 118 49 dist.
1137 853 92 49 ix.
1189 853 171 49 praedicta
1320 853 79 49 in
1360 853 92 49 ca.
1412 853 92 49 Hic
1465 853 131 49 quaeri
1557 853 145 49 potest.
1662 853 92 49 vbi
1715 853 158 49 inuenies
1820 853 105 49 plures

432 901 224 46 auctoritates
614 901 84 46 de
656 901 98 46 hac
712 901 168 46 materia.
866 901 84 46 Ad
908 901 154 46 vltimum
1020 901 126 46 circa
1104 901 140 46 medium
1203 901 210 46 praedictum:
1371 901 84 46 Si
1413 901 112 46 deus
1483 901 168 46 producit
1609 901 126 46 deum:
1693 901 98 46 aut
1749 901 112 46 ergo
1819 901 98 46 pro
1861 901 70 46 es-

427 945 132 57 sentia
519 945 92 57 aut
572 945 92 57 pro
624 945 184 57 supposito:
769 945 158 57 Dicendum
887 945 158 57 secundum
1006 945 263 57 praedeterminata:
1230 945 105 57 quod
1295 945 92 57 pro
1348 945 184 57 supposito,
1493 945 105 57 immo
1559 945 92 57 pro
1611 945 197 57 suppositis:
1769 945 105 57 quia
1822 945 105 57 princi

435 991 108 59 pium
503 991 108 59 esse
571 991 68 59 &
598 991 163 59 terminum
720 991 163 59 actionis
842 991 190 59 personalis
991 991 95 59 non
1046 991 95 59 est
1100 991 108 59 nisi
1168 991 231 59 suppositorum.
1357 991 81 59 Et
1398 991 108 59 quod
1466 991 176 59 assumitur
1602 991 136 59 contra
1696 991 108 59 hoc:
1764 991 108 59 quia
1832 991 81 59 in
1859 991 68 59 deo

427 1040 89 49 non
478 1040 89 49 est
529 1040 102 49 nisi
593 1040 178 49 suppositum
733 1040 178 49 relatiuum,
873 1040 102 49 quid
936 1040 153 49 secundum
1051 1040 204 49 philosophum.
1216 1040 76 49 v.
1254 1040 127 49 Physi.
1344 1040 89 49 non
1394 1040 178 49 principium
1534 1040 89 49 nec
1585 1040 153 49 terminus
1700 1040 127 49 potest
1789 1040 102 49 esse
1840 1040 89 49 actio

420 1089 99 54 nis:
482 1089 149 54 Dicendum
593 1089 87 54 est
642 1089 99 54 quod
704 1089 111 54 verum
779 1089 87 54 est
828 1089 87 54 per
878 1089 74 54 se
915 1089 136 54 ratione
1014 1089 186 54 relationis.
1162 1089 124 54 Potest
1249 1089 111 54 tamen
1323 1089 198 54 rationeleius
1484 1089 74 54 in
1521 1089 87 54 quo
1571 1089 161 54 fundatur.
1695 1089 161 54 cuiusmodi
1819 1089 87 54 est
1856 1089 74 54 ipsa

421 1132 132 56 diuina
513 1132 172 56 essentia:
645 1132 106 56 quae
711 1132 92 56 sub
764 1132 145 56 ratione
870 1132 119 56 vnius
949 1132 198 56 propietatis
1108 1132 172 56 relatiuae
1240 1132 92 56 est
1293 1132 185 56 principium
1438 1132 79 56 vt
1478 1132 92 56 quo
1531 1132 119 56 quasi
1610 1132 198 56 formaliter:
1768 1132 92 56 sub
1808 1132 119 56 ratione

426 1180 174 46 alterius
557 1180 203 46 relationis
717 1180 102 46 est
775 1180 203 46 principium
935 1180 87 46 vt
978 1180 87 46 de
1022 1180 102 46 quo
1080 1180 131 46 quasi
1167 1180 247 46 materialiter.
1370 1180 73 46 &
1399 1180 116 46 ipsa
1472 1180 203 46 proprietas
1632 1180 174 46 relatiua
1762 1180 102 46 est
1806 1180 116 46 ipsius

420 1224 194 60 suppositi
569 1224 134 60 ratio
659 1224 90 60 ad
704 1224 134 60 modum
794 1224 284 60 indiuiduationis
1033 1224 90 60 in
1077 1224 209 60 creaturis:
1242 1224 120 60 quae
1316 1224 105 60 est
1376 1224 179 60 conditio
1511 1224 75 60 &
1541 1224 134 60 modus
1630 1224 194 60 existendi
1780 1224 105 60 quo
1824 1224 105 60 super

436 1270 165 47 positum
556 1270 135 47 habet
646 1270 180 47 rationem
782 1270 225 47 singularis.
992 1270 90 47 Ad
1037 1270 135 47 illud
1127 1270 120 47 quod
1203 1270 150 47 tertio
1308 1270 195 47 adducitur
1458 1270 90 47 ad
1503 1270 225 47 principale:
1683 1270 120 47 quod
1759 1270 135 47 actus
1834 1270 105 47 omnis

433 1317 148 49 diuinus
540 1317 94 49 est
594 1317 228 49 nobilissimus,
782 1317 67 49 &
809 1317 94 49 ita
863 1317 148 49 propter
970 1317 148 49 seipsum
1078 1317 94 49 non
1131 1317 148 49 propter
1239 1317 148 49 aliquod
1346 1317 188 49 productum:
1494 1317 161 49 dicendum
1615 1317 161 49 secundum
1736 1317 107 49 quod
1790 1317 134 49 superius

422 1367 92 64 est
474 1367 171 64 expositum
606 1367 157 64 loquendo
724 1367 79 64 de
763 1367 131 64 diuina
855 1367 144 64 actione
960 1367 79 64 in
999 1367 171 64 generali,
1131 1367 105 64 quod
1196 1367 171 64 differunt
1327 1367 118 64 actus
1406 1367 105 64 quid
1472 1367 92 64 est
1524 1367 144 64 proprie
1629 1367 131 64 actio,
1721 1367 66 64 &
1747 1367 105 64 quid
1813 1367 92 64 est
1852 1367 66 64 pro

421 1414 101 59 prie
485 1414 152 59 opeatio.
599 1414 76 59 Et
637 1414 114 59 sicut
713 1414 177 59 differunt,
852 1414 89 59 sic
902 1414 127 59 habent
991 1414 203 59 perfectiones
1156 1414 203 59 differentes.
1320 1414 114 59 Sicut
1396 1414 101 59 enim
1460 1414 114 59 opeis
1536 1414 165 59 perfectio
1662 1414 165 59 consistit
1789 1414 76 59 in
1814 1414 114 59 actione

432 1459 110 59 circa
505 1459 146 59 obiectum
614 1459 231 59 perfectissimum,
809 1459 73 59 vt
846 1459 110 59 patet
919 1459 73 59 in
955 1459 158 59 opeatione
1077 1459 97 59 quae
1138 1459 85 59 est
1187 1459 170 59 felicitas:
1320 1459 85 59 sic
1369 1459 158 59 perfectio
1491 1459 146 59 actionis
1600 1459 134 59 proprie
1698 1459 122 59 dictae
1783 1459 85 59 est
1832 1459 97 59 quod
1880 1459 49 59 ha

429 1505 98 56 beat
490 1505 135 56 aliquid
589 1505 160 56 perfectum
712 1505 148 56 perfecte
823 1505 172 56 productum.
958 1505 74 56 Et
995 1505 98 56 ideo
1056 1505 111 56 licet
1130 1505 111 56 actus
1204 1505 135 56 diuinus
1303 1505 98 56 quid
1364 1505 86 56 est
1413 1505 135 56 proprie
1512 1505 148 56 opeatio,
1623 1505 160 56 cuiusmodi
1746 1505 86 56 est
1783 1505 135 56 intellige

424 1550 87 59 re,
473 1550 137 59 propter
573 1550 99 59 suam
635 1550 199 59 perfectionem
796 1550 87 59 non
846 1550 87 59 est
896 1550 137 59 propter
995 1550 112 59 aliud
1070 1550 174 59 proueniens
1206 1550 75 59 ab
1244 1550 112 59 ipso:
1318 1550 112 59 actus
1393 1550 112 59 tamen
1467 1550 87 59 qui
1517 1550 137 59 proprie
1616 1550 87 59 est
1666 1550 124 59 actio,
1753 1550 162 59 cuiusmodi
1865 1550 62 59 sut

427 1600 161 60 generare
548 1600 67 60 &
574 1600 161 60 spirare,
695 1600 148 60 propter
803 1600 121 60 alium
884 1600 121 60 modum
964 1600 215 60 perfectionis
1139 1600 108 60 suae
1206 1600 108 60 bene
1274 1600 134 60 potest
1368 1600 108 60 esse
1435 1600 148 60 propter
1543 1600 121 60 aliud
1623 1600 94 60 aut
1677 1600 148 60 propter
1785 1600 121 60 alium
1852 1600 67 60 pro

433 1643 174 63 uenientem
567 1643 80 63 ex
607 1643 94 63 sua
660 1643 161 63 actione.
808 1643 80 63 Ad
848 1643 174 63 quaertum:
982 1643 107 63 quod
1049 1643 161 63 emanatio
1169 1643 161 63 importat
1290 1643 121 63 motum
1370 1643 147 63 quendam
1478 1643 121 63 fieri
1558 1643 94 63 aut
1611 1643 134 63 exitum
1705 1643 161 63 quendam,
1812 1643 121 63 qualium

419 1693 126 50 nihil
503 1693 98 50 est
559 1693 84 50 in
600 1693 112 50 deo:
670 1693 167 50 Dicendum
796 1693 112 50 quod
866 1693 126 50 verum
949 1693 98 50 est
1005 1693 98 50 per
1061 1693 181 50 omnimodam
1200 1693 223 50 proprietatem
1382 1693 167 50 secundum
1507 1693 112 50 quam
1577 1693 140 50 vtimur
1675 1693 98 50 eis
1731 1693 84 50 in
1759 1693 167 50 creaturis.

442 1740 101 63 Vere
505 1740 114 63 tamen
581 1740 151 63 dicuntur
695 1740 76 63 in
733 1740 101 63 ipso
796 1740 88 63 per
846 1740 139 63 aliquam
947 1740 252 63 transmutationem.
1161 1740 139 63 dicente
1262 1740 101 63 Hii.
1325 1740 76 63 in
1363 1740 177 63 principio.
1502 1740 114 63 iiii.
1578 1740 76 63 de
1616 1740 177 63 trinitate.
1754 1740 88 63 Non
1792 1740 139 63 ignoramus

426 1786 84 54 ad
468 1786 98 54 res
524 1786 153 54 diuinas
635 1786 209 54 explicandas
803 1786 125 54 neque
886 1786 167 54 hominium
1012 1786 223 54 elocutionem,
1193 1786 125 54 neque
1277 1786 153 54 naturae
1388 1786 153 54 humanae
1500 1786 237 54 conperationem
1695 1786 125 54 posse
1765 1786 167 54 sufficere.

435 1832 105 50 Quod
501 1832 105 50 enim
567 1832 198 50 ienarrabile
725 1832 105 50 est,
791 1832 79 50 id
830 1832 237 50 significantiae
1028 1832 158 50 alicuius
1146 1832 119 50 finem
1225 1832 66 50 &
1252 1832 119 50 modum
1331 1832 92 50 non
1384 1832 132 50 habet:
1476 1832 66 50 &
1502 1832 105 50 quod
1568 1832 184 50 spirituale
1713 1832 105 50 est,
1779 1832 79 50 id
1818 1832 66 50 a
1832 1832 105 50 specie

424 1882 168 56 corporum
550 1882 196 56 exemploque
704 1882 168 56 diuersum
830 1882 112 56 est.
900 1882 112 56 Tmen
970 1882 98 56 (vt
1026 1882 140 56 dicit)
1124 1882 98 56 cum
1181 1882 84 56 de
1223 1882 154 56 naturis
1335 1882 210 56 caelestibus
1503 1882 126 56 sermo
1587 1882 112 56 est:
1657 1882 112 56 ipsa
1727 1882 112 56 illa
1797 1882 112 56 quae
1853 1882 70 56 sen

425 1924 89 57 su
470 1924 163 57 mentium
588 1924 237 57 continentur,
781 1924 104 57 vsu
840 1924 163 57 communi
958 1924 74 57 &
988 1924 163 57 naturae
1107 1924 74 57 &
1136 1924 178 57 sermonis
1269 1924 118 57 sunt
1344 1924 207 57 eloquenda,
1506 1924 104 57 non
1566 1924 148 57 vtique
1669 1924 104 57 dei
1729 1924 193 57 dignitati
1862 1924 74 57 con

427 1970 121 62 grua,
507 1970 94 62 sed
561 1970 147 62 ingenii
668 1970 134 62 nostri
762 1970 228 62 imbecillitati
949 1970 201 62 necessaria:
1110 1970 121 62 rebus
1190 1970 161 62 scilicet
1311 1970 174 62 verbisque
1445 1970 147 62 nostris
1552 1970 80 62 ea
1592 1970 107 62 quae
1659 1970 161 62 sentimus
1780 1970 67 62 &
1793 1970 134 62 intelli-

441 2021 129 59 gimus
527 2021 187 59 locuturi.
671 2021 86 59 Et
714 2021 86 59 vt
757 2021 101 59 ait
815 2021 101 59 li.
872 2021 86 59 i.
915 2021 129 59 siqua
1002 2021 101 59 nos
1059 2021 86 59 de
1102 2021 144 59 natura
1203 2021 101 59 dei
1260 2021 72 59 &
1289 2021 201 59 natiuitate
1447 2021 201 59 tractantes
1606 2021 245 59 comperationum
1793 2021 129 59 exempla

426 2070 187 58 afferemus:
573 2070 107 58 nemo
640 2070 80 58 ea
680 2070 161 58 aestimet
800 2070 174 58 absolutae
934 2070 80 58 in
974 2070 80 58 se
1014 2070 161 58 rationis
1135 2070 214 58 perfectionem
1309 2070 187 58 continere.
1456 2070 187 58 Comperatio
1603 2070 107 58 enim
1670 2070 187 58 terrenorum
1817 2070 80 58 ad
1857 2070 94 58 di-

430 2112 106 60 uina
496 2112 119 60 nulla
575 2112 106 60 est:
641 2112 93 60 sed
694 2112 185 60 infirmitas
839 2112 106 60 niae
906 2112 238 60 intelligentiae
1104 2112 119 60 cogit
1183 2112 145 60 species
1289 2112 145 60 quasdam
1394 2112 79 60 ex
1434 2112 211 60 inferioribus
1606 2112 145 60 tamquam
1712 2112 185 60 superiorum
1857 2112 93 60 in-

429 2160 127 62 dices
513 2160 183 62 quaerere:
654 2160 84 62 vt
696 2160 127 62 rerum
781 2160 211 62 familiarium
949 2160 211 62 consuetudie
1118 2160 183 62 admonente
1259 2160 84 62 ex
1301 2160 141 62 sensus
1400 2160 141 62 nostri
1498 2160 211 62 conscientia
1667 2160 84 62 ad
1709 2160 155 62 isoliti
1807 2160 113 62 sensus

429 2204 183 63 opinionem
570 2204 212 63 educeremur.
739 2204 85 63 Et
782 2204 141 63 semper
880 2204 99 63 (vt
937 2204 127 63 dicit
1021 2204 85 63 in
1064 2204 99 63 li.
1120 2204 99 63 ii.
1176 2204 127 63 dicti
1261 2204 127 63 ratio
1346 2204 226 63 intelligenda
1529 2204 113 63 erit
1600 2204 85 63 ex
1642 2204 127 63 sensu
1727 2204 183 63 dicentis.
1853 2204 71 63 Li-

428 2253 96 59 cet
483 2253 109 59 ergo
551 2253 178 59 emanatio,
688 2253 191 59 processio,
838 2253 68 59 &
866 2253 178 59 huiusmodi
1002 2253 137 59 nomina
1098 2253 150 59 accepta
1207 2253 68 59 a
1235 2253 178 59 creaturis
1371 2253 82 59 in
1412 2253 123 59 illis
1494 2253 205 59 significant
1658 2253 137 59 motum,
1754 2253 137 59 fieri,
1836 2253 82 59 exi-

434 2293 90 66 tum
486 2293 193 66 corporalem,
640 2293 64 66 &
666 2293 142 66 caetera
769 2293 103 66 quae
833 2293 206 66 indignitatis
1000 2293 116 66 sunt:
1078 2293 116 66 circa
1155 2293 103 66 deum
1219 2293 116 66 tamen
1296 2293 90 66 cum
1348 2293 77 66 ad
1386 2293 129 66 diuina
1477 2293 232 66 tranfferuntur,
1670 2293 167 66 vsitantur
1785 2293 142 66 solummoen

433 2345 92 64 pro
485 2345 79 64 eo
525 2345 105 64 quod
591 2345 184 64 dignitatis
736 2345 145 64 aliquid
841 2345 66 64 &
867 2345 211 64 perfectionis
1038 2345 197 64 simpliciter
1196 2345 92 64 est
1249 2345 211 64 significatum
1420 2345 118 64 illis
1499 2345 171 64 nominibus
1630 2345 118 64 etiam
1709 2345 118 64 circa
1775 2345 145 64 creaturas

432 2394 122 61 iuxta
514 2394 122 61 artem
595 2394 162 61 superius
716 2394 189 61 expositam.
865 2394 108 61 Vnde
932 2394 81 61 de
973 2394 122 61 exitu
1054 2394 162 61 personae
1176 2394 68 61 a
1203 2394 149 61 persona
1311 2394 108 61 quem
1378 2394 189 61 praetendit
1527 2394 176 61 emanatio,
1662 2394 122 61 dicit
1743 2394 189 61 Ambrosius.
1878 2394 41 61 i

429 2439 86 61 de
472 2439 201 61 trinitate.
630 2439 86 61 Si
673 2439 115 61 vero
745 2439 230 61 generationis
931 2439 230 61 proprietatem
1118 2439 215 61 requirimus,
1290 2439 86 61 ex
1333 2439 101 61 deo
1391 2439 158 61 exiuit:
1506 2439 101 61 nam
1563 2439 101 61 cum
1620 2439 86 61 in
1664 2439 101 61 vsu
1721 2439 144 61 nostro
1821 2439 86 61 ia
1850 2439 72 61 sit

426 2488 126 61 exire
510 2488 112 61 quod
580 2488 98 61 iam
635 2488 112 61 sit,
705 2488 70 61 &
733 2488 84 61 ex
775 2488 223 61 exterioribus
956 2488 167 61 secretis
1082 2488 153 61 prodire
1193 2488 167 61 videatur
1319 2488 112 61 quod
1389 2488 126 61 exire
1473 2488 181 61 phibetur,
1612 2488 167 61 angustis
1738 2488 126 61 licet
1807 2488 112 61 sermo-

430 2527 129 67 nibus
516 2527 230 67 proprietatem
703 2527 158 67 diuinae
818 2527 230 67 generationis
1005 2527 216 67 aduertimus:
1178 2527 86 67 vt
1221 2527 101 67 non
1278 2527 86 67 ex
1321 2527 115 67 loco
1393 2527 144 67 aliquo
1494 2527 173 67 videatur
1623 2527 158 67 exisse:
1738 2527 101 67 sed
1796 2527 86 67 vt
1825 2527 86 67 deus

440 2579 84 65 ex
482 2579 113 65 deo.
553 2579 84 65 Et
595 2579 99 65 li.
651 2579 99 65 ii.
707 2579 127 65 Neque
792 2579 99 65 cum
848 2579 84 65 de
890 2579 127 65 patre
975 2579 113 65 exit
1045 2579 127 65 quasi
1130 2579 84 65 de
1172 2579 113 65 loco
1242 2579 169 65 recedit,
1369 2579 99 65 aut
1425 2579 127 65 quasi
1510 2579 70 65 a
1538 2579 155 65 corpore
1651 2579 183 65 separatur
1791 2579 99 65 &c.
1848 2579 99 65 Sed

432 2622 171 61 haeretici
563 2622 210 61 emanationem,
734 2622 131 61 exitum
826 2622 92 61 &c.
878 2622 171 61 huiusmodi
1009 2622 197 61 spiritualem
1167 2622 236 61 intelligentiam
1364 2622 92 61 non
1416 2622 197 61 aduertentes
1574 2622 118 61 omnia
1653 2622 158 61 secundum
1771 2622 118 61 modum
1849 2622 92 61 quo

445 2669 128 65 vtimur
535 2669 89 65 eis
586 2669 77 65 in
624 2669 115 65 rebus
700 2669 217 65 corporalibus,
879 2669 204 65 interprstati
1045 2669 115 65 sunt.
1121 2669 140 65 dicente
1223 2669 102 65 Hil.
1287 2669 77 65 in
1325 2669 179 65 principio.
1466 2669 89 65 ii.
1517 2669 77 65 de
1555 2669 191 65 triniitate.
1708 2669 102 65 Ext.
1772 2669 128 65 terunt
1848 2669 64 65 plu

430 2718 98 48 res
486 2718 98 48 qui
542 2718 197 48 caelestium
697 2718 169 48 verborum
824 2718 239 48 simplicitatem
1020 2718 98 48 pro
1077 2718 197 48 voluntatis
1231 2718 112 48 suae
1301 2718 141 48 sensu,
1400 2718 98 48 non
1456 2718 98 48 pro
1512 2718 183 48 veritatis
1653 2718 141 48 ipsius
1737 2718 183 48 absolutione

431 2764 223 64 susciperent:
612 2764 139 64 aliter
709 2764 250 64 interprstantes
918 2764 111 64 quam
988 2764 167 64 dictorum
1113 2764 139 64 virtus
1210 2764 209 64 postularet.
1377 2764 83 64 De
1419 2764 237 64 intelligentia
1614 2764 111 64 enim
1683 2764 181 64 haeresis,
1823 2764 97 64 non
1864 2764 56 64 de

440 2810 179 78 scriptura
578 2810 110 78 est.
647 2810 110 78 Vnde
716 2810 124 78 super
798 2810 193 78 corporalem
950 2810 165 78 verborum
1073 2810 248 78 intelligentiam
1280 2810 179 78 formabant
1417 2810 124 78 omnes
1500 2810 110 78 suas
1569 2810 165 78 rationes
1693 2810 138 78 contra
1775 2810 138 78 sctonrum
