2017 3184
135 260 151 81 patrum
241 260 226 81 spiritualem
422 260 287 81 intelligentiam:
663 260 75 81 &
693 260 302 81 interprstabantur
950 260 136 81 dicta
1040 260 151 81 sacrae
1146 260 211 81 scripturae
1312 260 257 81 corporaliter,
1523 260 121 81 quae

139 310 241 62 spiritualiter
337 310 127 62 erant
422 310 269 62 interpraetanda:
649 310 85 62 vt
691 310 113 62 quia
762 310 184 62 natiuitas
904 310 85 62 in
946 310 184 62 creaturis
1088 310 170 62 praestat
1215 310 113 62 esse
1286 310 85 62 ei
1329 310 99 62 qui
1385 310 127 62 prius
1470 310 99 62 non
1527 310 113 62 erat

138 364 99 61 sic
194 364 71 61 &
223 364 85 61 in
265 364 113 61 deo,
336 364 71 61 &
364 364 155 61 caetera
477 364 198 61 huiusmodi.
633 364 170 61 secundum
760 364 113 61 quod
830 364 141 61 contra
929 364 127 61 ipsos
1014 364 127 61 dicit
1099 364 198 61 Damascenus
1255 364 99 61 li.
1311 364 85 61 i.
1353 364 99 61 ca.
1410 364 127 61 viii.
1495 364 99 61 Non
1537 364 85 61 fuit

144 415 148 56 vnquam
248 415 133 56 pater
336 415 148 56 quando
439 415 103 56 non
498 415 118 56 fuit
572 415 162 56 filius:
690 415 103 56 sed
749 415 133 56 simul
838 415 148 56 pater,
941 415 133 56 simul
1030 415 148 56 filius
1133 415 89 56 ex
1177 415 118 56 ipso
1251 415 177 56 genitus.
1384 415 89 56 Et
1428 415 103 56 ita
1472 415 148 56 impassi-

146 455 162 51 biliter
264 455 73 51 &
293 455 118 51 sine
367 455 176 51 tempore,
499 455 73 51 &
528 455 103 51 non
587 455 235 51 fluxibiliter
778 455 162 51 generat
896 455 73 51 &
925 455 118 51 sine
999 455 147 51 coitu,
1102 455 132 51 neque
1190 455 206 51 principium
1351 455 147 51 habet.
1454 455 73 51 â‹
1484 455 88 51 Ad
1513 455 103 51 vlti-

152 504 108 57 mun:
219 504 108 57 quod
286 504 81 57 si
327 504 94 57 vna
381 504 148 57 persona
489 504 135 57 emanat
583 504 81 57 ab
624 504 108 57 alia
691 504 81 57 in
732 504 162 57 diuinis:
853 504 108 57 ergo
920 504 189 57 producitur
1069 504 81 57 in
1109 504 108 57 esse
1177 504 81 57 ab
1217 504 108 57 illa
1285 504 94 57 &c.
1339 504 162 57 Dicendum
1460 504 108 57 quod
1514 504 108 57 perso-

151 551 103 45 nam
210 551 162 45 aliquam
328 551 118 45 esse
401 551 118 45 quae
475 551 103 45 non
534 551 147 45 emanat
637 551 88 45 ab
681 551 132 45 alia:
769 551 103 45 hoc
828 551 191 45 contingit
975 551 118 45 quia
1049 551 118 45 ipsa
1123 551 88 45 ex
1167 551 88 45 se
1211 551 221 45 formaliter,
1388 551 103 45 hoc
1446 551 103 45 est
1505 551 88 45 ex
1535 551 88 45 for-

155 595 87 57 ma
199 595 102 57 sua
257 595 116 57 quae
330 595 102 57 est
388 595 102 57 sua
446 595 189 57 essentia,
591 595 131 57 habet
678 595 131 57 esse:
765 595 116 57 quia
838 595 116 57 ipsa
911 595 102 57 est
969 595 131 57 esse:
1056 595 116 57 immo
1128 595 131 57 ipsum
1215 595 160 57 necesse
1332 595 131 57 esse.
1404 595 218 57 Principiatiue

156 640 113 55 autem
232 640 88 55 nec
282 640 163 55 essentiam
407 640 113 55 suam,
482 640 88 55 nec
532 640 113 55 ipsum
607 640 100 55 esse
670 640 113 55 habet
745 640 75 55 ab
782 640 113 55 alio:
857 640 138 55 propter
958 640 100 55 quod
1020 640 88 55 nec
1070 640 175 55 producitur
1208 640 75 55 in
1245 640 113 55 esse.
1321 640 175 55 Econtrario
1458 640 113 55 autem
1521 640 100 55 perso-

164 684 78 56 na
203 684 104 56 quae
268 684 131 56 emanat
360 684 78 56 ab
399 684 104 56 alia
464 684 235 56 principiatiue,
660 684 104 56 suam
725 684 170 56 essentiam
856 684 65 56 &
882 684 104 56 esse
947 684 117 56 totum
1026 684 104 56 quod
1091 684 131 56 habet,
1182 684 78 56 ab
1221 684 104 56 alio
1287 684 131 56 habet:
1378 684 144 56 propter
1482 684 104 56 quod
1535 684 91 56 verum

170 731 83 51 est
218 731 119 51 dicere
301 731 95 51 quod
361 731 167 51 producitur
491 731 71 51 in
527 731 95 51 esse
587 731 71 51 ab
622 731 107 51 illo.
694 731 83 51 Sed
741 731 83 51 hoc
789 731 155 51 intelligi
908 731 119 51 potest
991 731 179 51 dupliciter.
1134 731 83 51 Vno
1182 731 95 51 modo
1241 731 95 51 quod
1301 731 71 51 ab
1336 731 95 51 illo
1396 731 71 51 ei
1432 731 155 51 conicetur
1539 731 83 51 esse.

169 778 105 53 Alio
235 778 105 53 modo
301 778 105 53 quod
367 778 79 53 ab
406 778 105 53 illo
472 778 79 53 ei
512 778 185 53 acquiratur
657 778 119 53 esse.
736 778 119 53 Primo
815 778 105 53 modo
881 778 79 53 in
920 778 145 53 diuinis
1026 778 158 53 personae
1144 778 158 53 emananti
1263 778 79 53 ab
1303 778 105 53 alia
1369 778 171 53 conicatur
1500 778 105 53 esse
1566 778 79 53 ab

164 823 136 53 illa:
254 823 121 53 quia
330 823 136 53 totum
420 823 121 53 quod
496 823 136 53 habet
586 823 75 53 &
616 823 196 53 essentiam
767 823 121 53 suam
842 823 75 53 &
872 823 121 53 esse
948 823 256 53 principiatiue
1159 823 136 53 habet
1249 823 90 53 ab
1294 823 136 53 illa,
1385 823 196 53 inquantum
1520 823 106 53 ipsam

157 866 214 54 producendo
325 866 214 54 communicat
493 866 92 54 ei
539 866 122 54 suam
615 866 199 54 essentiam
768 866 92 54 de
813 866 107 54 qua
875 866 137 54 illam
966 866 199 54 producit,
1119 866 76 54 &
1150 866 92 54 in
1195 866 183 54 essentia
1333 866 214 54 communicat
1501 866 92 54 ei
1531 866 92 54 esse

167 911 139 55 suum,
259 911 77 55 &
290 911 139 55 omnia
382 911 123 55 quae
459 911 154 55 habet,
567 911 169 55 praeter
690 911 246 55 proprietatem
890 911 123 55 suam
967 911 108 55 qua
1029 911 246 55 distinguitur
1229 911 77 55 a
1260 911 169 55 persona
1383 911 92 55 ab
1429 911 123 55 ipsa
1491 911 123 55 produ-

157 960 117 55 cta.
230 960 160 55 Propter
347 960 117 55 quod
420 960 73 55 &
449 960 117 55 ipsa
522 960 160 55 persona
639 960 175 55 producta
770 960 73 55 a
799 960 88 55 se
843 960 219 55 formaliter,
1018 960 102 55 hoc
1076 960 102 55 est
1135 960 88 55 ex
1178 960 131 55 forma
1266 960 102 55 sua
1324 960 117 55 quae
1397 960 102 55 est
1456 960 102 55 sua
1499 960 117 55 essen-

159 1000 115 51 tia,
231 1000 130 51 habet
317 1000 130 51 esse:
403 1000 130 51 sicut
490 1000 72 51 &
519 1000 115 51 ipsa
590 1000 158 51 persona
706 1000 202 51 producens:
864 1000 115 51 quia
936 1000 173 51 loannis.
1066 1000 130 51 xvii.
1152 1000 130 51 sicut
1238 1000 130 51 pater
1325 1000 130 51 habet
1411 1000 130 51 vitam
1497 1000 86 51 in
1526 1000 101 51 semet

151 1047 139 55 ipso:
243 1047 108 55 sic
305 1047 139 55 dedit
398 1047 77 55 &
429 1047 139 55 filio
522 1047 155 55 habere
630 1047 139 55 vitam
722 1047 93 55 in
769 1047 216 55 semetipso.
939 1047 170 55 Secundo
1063 1047 139 55 autem
1155 1047 139 55 modo,
1248 1047 170 55 persona
1372 1047 170 55 emanans
1495 1047 93 55 ab
1526 1047 93 55 alia

155 1096 88 51 in
199 1096 176 51 diuinis,
331 1096 132 51 nullo
419 1096 117 51 modo
492 1096 205 51 producitur
653 1096 88 51 in
697 1096 117 51 esse
771 1096 88 51 ab
814 1096 132 51 alio:
902 1096 117 51 quia
976 1096 117 51 quid
1049 1096 103 51 sic
1107 1096 88 51 in
1151 1096 117 51 esse
1225 1096 205 51 producitur
1386 1096 88 51 ab
1430 1096 132 51 alio,
1517 1096 103 51 non
1561 1096 59 51 ha

156 1133 90 60 bet
208 1133 103 60 esse
272 1133 77 60 ex
311 1133 77 60 se
350 1133 193 60 formaliter:
504 1133 90 60 hoc
556 1133 90 60 est
607 1133 77 60 ex
646 1133 116 60 forma
723 1133 103 60 sua,
788 1133 103 60 quae
852 1133 90 60 est
904 1133 90 60 sua
955 1133 168 60 essentia:
1084 1133 90 60 sed
1136 1133 77 60 in
1175 1133 155 60 essentia
1291 1133 90 60 sua
1342 1133 142 60 recipit
1445 1133 103 60 esse
1510 1133 77 60 ab
1536 1133 77 60 alio

160 1189 181 47 existente.
302 1189 142 47 Propter
406 1189 104 47 quod
471 1189 142 47 oportet
574 1189 104 47 quod
639 1189 91 47 sit
691 1189 117 47 aliud
769 1189 78 47 in
807 1189 155 47 essentia
924 1189 78 47 ab
963 1189 78 47 eo
1002 1189 65 47 a
1027 1189 91 47 quo
1079 1189 194 47 producitur.
1235 1189 117 47 Talis
1312 1189 117 47 autem
1390 1189 91 47 est
1442 1189 155 47 essentia
1545 1189 78 47 vni-

157 1232 141 53 uersae
256 1232 197 53 creaturae:
410 1232 113 53 quam
481 1232 127 53 etiam
565 1232 211 53 philosophis
734 1232 99 53 qui
791 1232 169 53 ponebant
918 1232 141 53 mundum
1016 1232 85 53 ab
1059 1232 155 53 aeterno
1171 1232 155 53 fuisse,
1284 1232 169 53 ponebant
1411 1232 85 53 ab
1453 1232 113 53 alio
1509 1232 113 53 habere

155 1268 109 63 esse
224 1268 96 63 per
278 1268 246 63 acquisitionem,
483 1268 109 63 quia
551 1268 82 63 ex
592 1268 96 63 sua
647 1268 164 63 essentia
770 1268 96 63 non
825 1268 123 63 habet
907 1268 123 63 esse,
989 1268 82 63 eo
1030 1268 109 63 quod
1098 1268 109 63 ipsa
1166 1268 82 63 ex
1207 1268 82 63 se
1248 1268 96 63 non
1303 1268 96 63 est
1357 1268 109 63 esse
1426 1268 123 63 neque
1494 1268 123 63 necesse

156 1330 114 44 esse:
232 1330 88 44 sed
283 1330 164 44 possibile
409 1330 101 44 esse
472 1330 139 44 tantum.
573 1330 139 44 Propter
674 1330 101 44 quod
738 1330 101 44 etsi
801 1330 76 44 ab
839 1330 139 44 aeterno
940 1330 139 44 haberet
1041 1330 101 44 esse
1104 1330 76 44 ab
1142 1330 114 44 alio,
1218 1330 139 44 aeterna
1319 1330 139 44 numquam
1420 1330 164 44 diceretur
1534 1330 88 44 esse.

143 1372 76 44 â‹
173 1372 91 44 Et
219 1372 107 44 cum
280 1372 183 44 vlterius
417 1372 198 44 quaeritur
569 1372 91 44 in
615 1372 213 44 argumento:
783 1372 91 44 Si
829 1372 168 44 persona
950 1372 168 44 emanans
1072 1372 91 44 ab
1118 1372 122 44 alia
1194 1372 213 44 producitur
1362 1372 91 44 in
1408 1372 122 44 esse
1484 1372 91 44 ab
1514 1372 107 44 illa,

157 1409 107 58 ergo
223 1409 93 58 aut
277 1409 80 58 de
317 1409 93 58 non
370 1409 107 58 esse
437 1409 187 58 producitur
583 1409 80 58 in
623 1409 120 58 esse,
703 1409 93 58 aut
757 1409 80 58 de
797 1409 107 58 esse
863 1409 80 58 in
903 1409 120 58 esse:
983 1409 160 58 Dicendum
1103 1409 107 58 quod
1170 1409 107 58 lyde
1236 1409 133 58 potest
1330 1409 133 58 dicere
1423 1409 93 58 aut
1463 1409 160 58 circunstam

158 1447 93 67 tia
211 1447 172 67 principii
343 1447 119 67 quasi
422 1447 198 67 materialis:
581 1447 93 67 aut
634 1447 238 67 circunstantiam
832 1447 146 67 ordinis
938 1447 119 67 circa
1018 1447 185 67 productum.
1163 1447 119 67 Primo
1243 1447 106 67 modo
1309 1447 93 67 cum
1362 1447 146 67 persona
1467 1447 79 67 in
1494 1447 119 67 diuinis

152 1506 181 51 producitur
294 1506 78 51 de
333 1506 104 51 ipsa
398 1506 129 51 diuina
488 1506 168 51 essentia,
618 1506 104 51 quae
683 1506 91 51 est
734 1506 116 51 ipsum
812 1506 104 51 esse
877 1506 104 51 quod
941 1506 207 51 communicatur
1109 1506 168 51 producto,
1239 1506 116 51 verum
1316 1506 91 51 est
1368 1506 129 51 dicere
1459 1506 104 51 quod
1511 1506 116 51 produca

148 1549 103 56 tur
207 1549 88 56 de
251 1549 117 56 esse
324 1549 88 56 in
368 1549 132 56 esse:
457 1549 73 56 &
486 1549 132 56 nullo
574 1549 117 56 modo
647 1549 88 56 de
691 1549 103 56 non
750 1549 117 56 esse
823 1549 88 56 in
867 1549 132 56 esse.
956 1549 88 56 Et
1000 1549 117 56 quod
1073 1549 191 56 quaeritur
1220 1549 117 56 tunc
1293 1549 176 56 vlterius
1425 1549 88 56 in
1455 1549 161 56 argumento

152 1597 104 49 aut
212 1597 119 49 ergo
286 1597 89 49 de
330 1597 134 49 eodem
419 1597 119 49 esse
494 1597 89 49 in
538 1597 119 49 idem
612 1597 119 49 esse
687 1597 104 49 aut
746 1597 89 49 in
791 1597 148 49 aliud:
895 1597 178 49 dicendum
1028 1597 119 49 quod
1102 1597 104 49 non
1162 1597 89 49 de
1206 1597 119 49 alio
1281 1597 89 49 in
1325 1597 148 49 aliud,
1429 1597 89 49 vt
1474 1597 148 49 probat
1563 1597 59 49 me

155 1629 125 66 dium
234 1629 94 66 ad
281 1629 125 66 hoc:
359 1629 110 66 sed
421 1629 94 66 de
468 1629 141 66 eodem
562 1629 94 66 in
609 1629 141 66 idem:
703 1629 110 66 sed
766 1629 125 66 alia
844 1629 78 66 &
876 1629 125 66 alia
954 1629 172 66 ratione
1079 1629 94 66 vt
1126 1629 94 66 de
1173 1629 141 66 ipso:
1267 1629 78 66 &
1298 1629 94 66 vt
1345 1629 94 66 in
1392 1629 157 66 ipsum:
1502 1629 125 66 quia
1564 1629 63 66 de

153 1670 143 67 eodem
249 1670 96 67 vt
296 1670 112 67 est
360 1670 175 67 patris,
488 1670 96 67 in
535 1670 127 67 idem
615 1670 96 67 vt
663 1670 112 67 est
727 1670 143 67 filio
822 1670 255 67 communicatum
1029 1670 80 67 a
1061 1670 159 67 patre.
1173 1670 96 67 Et
1221 1670 175 67 propter
1348 1670 112 67 hoc
1412 1670 112 67 non
1460 1670 159 67 sequitur

149 1715 118 68 quod
223 1715 162 68 persona
341 1715 118 68 illa
415 1715 162 68 haberet
533 1715 118 68 esse
607 1715 177 68 antequam
740 1715 236 68 produceretur
931 1715 103 68 vel
990 1715 103 68 non
1049 1715 103 68 per
1108 1715 251 68 productionem:
1315 1715 118 68 quia
1389 1715 118 68 esse
1463 1715 133 68 illud
1551 1715 103 68 non

145 1776 114 56 est
210 1776 130 56 eius
291 1776 211 56 inquantum
454 1776 114 56 est
519 1776 98 56 de
568 1776 130 56 ipso
649 1776 228 56 productus,
828 1776 114 56 sed
893 1776 211 56 inquantum
1056 1776 114 56 est
1121 1776 98 56 in
1170 1776 146 56 ipso.
1267 1776 114 56 Sed
1332 1776 114 56 hoc
1397 1776 130 56 modo
1479 1776 98 56 in
1511 1776 114 56 crea-

146 1820 135 50 turis
236 1820 135 50 nulla
326 1820 105 50 est
386 1820 195 50 productio
536 1820 210 50 possibilis
701 1820 90 50 de
746 1820 120 50 esse
821 1820 90 50 in
866 1820 135 50 esse:
956 1820 120 50 quia
1031 1820 195 50 producens
1181 1820 165 50 nunquam
1301 1820 195 50 creaturae
1436 1820 180 50 communicat

152 1851 122 68 suum
228 1851 137 68 esse.
319 1851 91 68 Si
365 1851 122 68 vero
441 1851 76 68 l
471 1851 91 68 de
517 1851 137 68 notet
608 1851 274 68 circunstantiam
836 1851 182 68 ordinis:
972 1851 106 68 sic
1033 1851 91 68 in
1079 1851 167 68 diuinis
1200 1851 137 68 nulla
1292 1851 167 68 persona
1413 1851 213 68 producitur
1565 1851 61 68 de

154 1909 106 61 non
214 1909 136 61 esse:
305 1909 121 61 quia
381 1909 196 61 producens
532 1909 106 61 non
592 1909 181 61 producit
728 1909 121 61 nisi
804 1909 91 61 de
849 1909 106 61 sua
910 1909 227 61 substantia,
1091 1909 121 61 quae
1166 1909 106 61 est
1227 1909 136 61 ipsum
1318 1909 136 61 esse:
1408 1909 121 61 quae
1484 1909 106 61 est
1529 1909 106 61 etiam

152 1939 121 71 ipsa
228 1939 212 71 substantia
394 1939 197 71 producti.
546 1939 137 71 Nihil
637 1939 137 71 autem
728 1939 167 71 produci
850 1939 152 71 potest
956 1939 91 71 de
1001 1939 106 71 non
1062 1939 121 71 esse
1138 1939 91 71 in
1183 1939 137 71 esse,
1274 1939 121 71 siue
1350 1939 106 71 non
1411 1939 121 71 esse
1487 1939 121 71 sola
1547 1939 76 71 na-

155 1997 115 58 tura
226 1997 115 58 siue
298 1997 129 58 etiam
384 1997 186 58 duratione
527 1997 158 58 ponatur
642 1997 201 58 praecedere
800 1997 129 58 ipsum
886 1997 129 58 esse:
972 1997 115 58 nisi
1044 1997 100 58 sit
1101 1997 115 58 tale
1173 1997 115 58 quod
1244 1997 115 58 eius
1316 1997 201 58 substantia
1474 1997 100 58 est
1531 1997 86 58 in
1560 1997 57 58 po

149 2033 150 66 tentia
254 2033 90 66 ad
299 2033 120 66 esse
374 2033 75 66 &
404 2033 105 66 non
464 2033 135 66 esse:
554 2033 105 66 ita
614 2033 120 66 quod
689 2033 90 66 ex
734 2033 90 66 se
779 2033 90 66 ei
824 2033 195 66 solummodo
974 2033 180 66 conuenit
1109 2033 105 66 non
1169 2033 135 66 esse:
1259 2033 120 66 esse
1334 2033 135 66 autem
1424 2033 105 66 non
1484 2033 120 66 nisi
1559 2033 90 66 ab

153 2075 149 71 alio:
253 2075 249 71 quemadmodum
452 2075 166 71 posuit
568 2075 199 71 Auicenna
718 2075 149 71 circa
817 2075 216 71 essentiam
984 2075 232 71 creaturae.
1166 2075 133 71 Vnde
1249 2075 83 71 &
1282 2075 166 71 aliqui
1399 2075 133 71 alii
1465 2075 166 71 philoso-

150 2125 191 66 phantium
293 2125 111 66 qui
357 2125 191 66 ponebant
500 2125 127 66 quod
579 2125 191 66 creatura
723 2125 143 66 mundi
818 2125 95 66 ex
866 2125 95 66 se
913 2125 127 66 erat
993 2125 95 66 in
1041 2125 191 66 potentia
1184 2125 95 66 ad
1231 2125 143 66 esse:
1327 2125 111 66 sed
1390 2125 143 66 nullo
1486 2125 127 66 modo
1565 2125 95 66 ad

150 2179 103 54 non
209 2179 133 54 esse,
298 2179 74 54 &
327 2179 89 54 de
372 2179 221 54 necessitate
549 2179 162 54 naturae
667 2179 74 54 a
697 2179 103 54 deo
756 2179 162 54 haberet
874 2179 118 54 esse
948 2179 89 54 ab
992 2179 162 54 aeterno
1110 2179 133 54 sicut
1199 2179 74 54 &
1228 2179 118 54 ipse
1302 2179 118 54 erat
1376 2179 192 54 aeternus:
1509 2179 103 54 dice-

158 2227 122 55 rent
234 2227 199 55 creaturam
387 2227 138 55 mundi
479 2227 199 55 productam
632 2227 122 55 fore
708 2227 92 55 in
754 2227 138 55 esse:
846 2227 107 55 sed
907 2227 107 55 non
968 2227 92 55 de
1014 2227 107 55 non
1075 2227 138 55 esse.
1167 2227 199 55 Similiter
1320 2227 184 55 secundum
1458 2227 138 55 istum
1550 2227 107 55 mo-

158 2271 106 53 dum
218 2271 91 53 in
264 2271 106 53 quo
324 2271 91 53 de
369 2271 136 53 notat
460 2271 272 53 circunstantiam
687 2271 181 53 ordinis,
822 2271 136 53 nulla
913 2271 166 53 persona
1034 2271 151 53 diuina
1140 2271 211 53 producitur
1306 2271 91 53 de
1351 2271 121 53 esse
1427 2271 91 53 in
1472 2271 136 53 esse,
1547 2271 76 53 nec

151 2307 96 69 de
199 2307 144 69 eodem
295 2307 128 69 esse
375 2307 112 69 nec
438 2307 96 69 de
486 2307 144 69 alio.
582 2307 112 69 Non
646 2307 96 69 de
694 2307 144 69 alio:
790 2307 128 69 quia
870 2307 128 69 tunc
949 2307 176 69 mutatio
1077 2307 144 69 esset
1173 2307 144 69 circa
1269 2307 144 69 ipsam
1365 2307 192 69 personam
1492 2307 128 69 produ-

160 2346 141 63 ctam:
254 2346 141 63 sicut
348 2346 156 63 quando
457 2346 141 63 notat
551 2346 281 63 circunstantiam
786 2346 203 63 principii
942 2346 141 63 quasi
1036 2346 219 63 materialis
1208 2346 141 63 circa
1302 2346 203 63 essentiam
1458 2346 94 63 de
1505 2346 109 63 qua
1552 2346 78 63 pro

155 2408 181 54 ducitur.
290 2408 105 54 Nec
351 2408 90 54 de
396 2408 150 54 eodem:
501 2408 120 54 quia
576 2408 150 54 absque
681 2408 181 54 producto
817 2408 165 54 nunquam
937 2408 150 54 habuit
1042 2408 105 54 hoc
1103 2408 135 54 esse:
1193 2408 75 54 &
1223 2408 135 54 tamen
1313 2408 135 54 esset
1403 2408 150 54 absque
1494 2408 120 54 produ-

163 2445 135 60 ctione
258 2445 95 60 sua
312 2445 81 60 in
353 2445 108 60 esse
421 2445 81 60 si
461 2445 95 60 ita
502 2445 108 60 esset.

416 2454 107 102 Irca
483 2454 147 102 Quartum
590 2454 174 102 arguitur:
724 2454 107 102 quod
791 2454 80 102 ab
831 2454 107 102 illa
898 2454 147 102 persona
1005 2454 107 102 quae
1072 2454 80 102 in
1112 2454 147 102 diuinis
1219 2454 94 102 non
1273 2454 94 102 est
1327 2454 80 102 ab
1367 2454 121 102 alia,
1447 2454 94 102 non
1487 2454 121 102 emanant

430 2527 140 65 plures
528 2527 126 65 aliae
612 2527 112 65 quam
682 2527 112 65 vna.
752 2527 126 65 Primo
836 2527 112 65 sic.
906 2527 98 65 vbi
962 2527 98 65 non
1018 2527 98 65 est
1073 2527 112 65 nisi
1143 2527 112 65 vnum
1213 2527 154 65 simplex
1325 2527 196 65 principium
1465 2527 140 65 emanandi

443 2576 149 57 osonam:
552 2576 122 57 neque
633 2576 108 57 nisi
701 2576 95 57 vna
755 2576 149 57 simplex
863 2576 176 57 emanatio:
998 2576 68 57 &
1025 2576 95 57 ita
1079 2576 122 57 neque
1161 2576 108 57 nisi
1228 2576 108 57 vnum
1296 2576 162 57 emanans:
1418 2576 108 57 quia
1485 2576 81 57 ab
1512 2576 95 57 eodem

439 2623 177 54 inquantum
575 2623 109 54 idem
643 2623 95 54 non
698 2623 163 54 procedit
820 2623 109 54 nisi
888 2623 122 54 idem.
970 2623 82 54 in
1011 2623 150 54 persona
1120 2623 109 54 illa
1188 2623 109 54 quae
1256 2623 82 54 in
1296 2623 150 54 diuinis
1405 2623 95 54 non
1460 2623 95 54 est
1514 2623 82 54 ab
1541 2623 82 54 alia

429 2674 104 49 non
489 2674 104 49 est
548 2674 119 49 nisi
622 2674 119 49 vnum
696 2674 163 49 simplex
815 2674 208 49 principium
978 2674 193 49 emanandi,
1126 2674 89 49 vt
1171 2674 119 49 ipsa
1245 2674 148 49 diuina
1349 2674 193 49 essentia,
1497 2674 89 49 in
1542 2674 104 49 qua

419 2708 125 72 nulla
503 2708 98 72 est
558 2708 195 72 diuersitas
712 2708 112 72 nisi
782 2708 167 72 secundum
907 2708 167 72 rationem
1032 2708 153 72 tantum,
1144 2708 84 72 vt
1186 2708 153 72 habitum
1297 2708 98 72 est
1353 2708 139 72 supra:
1451 2708 112 72 ergo
1520 2708 84 72 in
1548 2708 70 72 deo
