2017 3280
433 292 151 63 trinitas
547 292 113 63 habet
622 292 75 63 in
660 292 75 63 se
698 292 201 63 multitudinem
861 292 201 63 attributorum
1025 292 63 63 &
1050 292 176 63 personarum
1188 292 63 63 &
1213 292 189 63 personalium
1364 292 201 63 proprietatum
1528 292 88 63 sub
1578 292 88 63 vna
1629 292 138 63 ratione
1729 292 101 63 esse
1779 292 164 63 perfectissi

430 344 88 61 mi,
481 344 75 61 vt
518 344 138 61 habitum
618 344 88 61 est
668 344 125 61 supra.
756 344 75 61 Et
794 344 100 61 ideo
856 344 113 61 sicut
931 344 100 61 deus
994 344 150 61 trinitas
1107 344 138 61 dicitur
1207 344 175 61 perfectus,
1345 344 100 61 quia
1407 344 200 61 complementum
1570 344 88 61 sui
1620 344 100 61 esse
1683 344 113 61 habet
1758 344 75 61 in
1796 344 88 61 se:
1846 344 100 61 quod
1896 344 50 61 di

429 389 92 65 cit
482 389 92 65 non
534 389 158 65 terminum
653 389 211 65 consumentem,
824 389 92 65 sed
877 389 224 65 consummantem,
1061 389 105 65 quia
1127 389 198 65 infinitatem
1285 389 171 65 includit,
1417 389 79 65 vt
1456 389 119 65 infra
1535 389 158 65 patebit:
1654 389 92 65 sic
1707 389 145 65 dicitur
1812 389 119 65 totus
1878 389 79 65 quia

437 437 209 55 multitudinem
607 437 131 55 omnium
698 437 105 55 quae
764 437 78 55 ad
803 437 105 55 suam
868 437 209 55 perfectionem
1038 437 170 55 pertinent
1169 437 78 55 in
1208 437 78 55 se
1247 437 170 55 continet,
1378 437 78 55 vt
1417 437 118 55 nihil
1496 437 118 55 eorum
1574 437 91 55 sit
1626 437 118 55 extra
1705 437 131 55 ipsum.
1796 437 78 55 Et
1835 437 105 55 quia
1888 437 65 55 non

434 486 112 53 solum
508 486 99 53 deus
570 486 149 53 trinitas
682 486 198 53 complementum
843 486 112 53 habet
917 486 87 53 sui
967 486 112 53 esse,
1041 486 87 53 sed
1091 486 149 53 continet
1203 486 174 53 quaecumque
1339 486 74 53 ad
1376 486 87 53 eam
1426 486 161 53 pertinent
1550 486 74 53 in
1587 486 87 53 se,
1637 486 136 53 tanquam
1736 486 112 53 quasi
1811 486 112 53 multa
1873 486 74 53 quae

433 534 107 55 dam,
500 534 81 55 vt
540 534 121 55 infra
620 534 174 55 videbitur
755 534 161 55 loquendo
875 534 81 55 de
916 534 107 55 toto
983 534 161 55 numerali
1104 534 81 55 in
1144 534 107 55 deo:
1211 534 107 55 ideo
1278 534 94 55 non
1332 534 121 55 solum
1412 534 107 55 deus
1479 534 161 55 trinitas
1600 534 148 55 dicitur
1707 534 174 55 perfectus
1842 534 67 55 &
1855 534 94 55 totus

429 576 85 60 sed
477 576 109 60 etiam
550 576 109 60 omnia
623 576 97 60 quae
684 576 97 60 sunt
745 576 73 60 in
781 576 109 60 ipso:
854 576 73 60 vt
891 576 158 60 personae,
1012 576 158 60 notiones,
1134 576 61 60 &
1158 576 170 60 attributa.
1292 576 134 60 Dicitur
1389 576 97 60 enim
1450 576 158 60 perfectus
1571 576 122 60 pater,
1656 576 158 60 perfectus
1778 576 134 60 filius,
1863 576 85 60 perfe

432 628 95 53 ctus
491 628 142 53 spiritus
598 628 130 53 sctuns.
693 628 130 53 Dicitur
787 628 107 53 etiam
858 628 107 53 totus
929 628 118 53 pater,
1012 628 107 53 totus
1083 628 130 53 filius,
1178 628 107 53 totus
1249 628 142 53 spiritus
1355 628 130 53 sctuns.
1450 628 142 53 secundum
1556 628 107 53 illud
1627 628 71 53 in
1663 628 142 53 Symbolo.
1769 628 107 53 Totae
1840 628 95 53 tres
1888 628 59 53 per

431 670 108 58 sonae
503 670 168 58 coaeternae
635 670 96 58 sibi
695 670 96 58 sunt
755 670 60 58 &
779 670 180 58 coaequales.
923 670 132 58 Dicitur
1019 670 108 58 etiam
1091 670 144 58 perfecta
1200 670 168 58 sapientia,
1332 670 144 58 perfecta
1440 670 144 58 bonitas,
1548 670 144 58 perfecta
1656 670 168 58 generatio,
1788 670 144 58 perfecta
1884 670 60 58 spi

439 723 129 55 ratio:
529 723 103 55 tota
593 723 180 55 sapientia,
735 723 103 55 tota
799 723 154 55 bonitas,
915 723 103 55 tota
979 723 180 55 generatio,
1121 723 103 55 tota
1185 723 154 55 spiratio
1301 723 90 55 &c,
1352 723 103 55 quia
1417 723 116 55 omnes
1494 723 154 55 rationes
1610 723 206 55 perfectionum
1777 723 167 55 rmndentes
1893 723 64 55 eis

437 762 80 52 in
477 762 173 52 creaturis
610 762 187 52 continent:
757 762 120 52 sicut
837 762 160 52 continet
957 762 133 52 diuina
1050 762 160 52 essentia
1170 762 160 52 respectu
1290 762 133 52 omnium
1384 762 200 52 essentiarum
1544 762 187 52 creaturae,
1690 762 80 52 vt
1730 762 93 52 iam
1784 762 147 52 habitum
1877 762 80 52 est.

444 816 106 54 Vnde
510 816 106 54 quia
576 816 119 54 totum
656 816 93 54 non
709 816 159 54 secundum
828 816 133 54 primam
921 816 212 54 impositionem
1094 816 146 54 nominis
1200 816 133 54 potest
1293 816 186 54 transterri
1439 816 80 54 ad
1478 816 146 54 diuina,
1585 816 93 54 sed
1638 816 172 54 solummodo
1770 816 159 54 secundum
1876 816 80 54 ali-

433 864 99 49 quam
495 864 136 49 nominis
594 864 211 49 relaxationem,
767 864 99 49 ideo
829 864 111 49 dicit
903 864 99 49 Dio.
965 864 99 49 iii.
1027 864 74 49 c.
1064 864 74 49 de
1102 864 87 49 di.
1151 864 87 49 no.
1201 864 124 49 Deitas
1287 864 111 49 neque
1362 864 99 49 pars
1424 864 111 49 neque
1498 864 111 49 totum
1572 864 99 49 est,
1634 864 62 49 &
1659 864 111 49 totum
1733 864 62 49 &
1758 864 111 49 pers,
1833 864 74 49 vt
1857 864 87 49 omnem

432 899 72 62 &
460 899 144 62 partem
561 899 72 62 &
590 899 130 62 totum
676 899 86 62 in
719 899 187 62 semetipsa
863 899 187 62 coambiens
1007 899 72 62 &
1036 899 230 62 supereminens
1223 899 72 62 &
1252 899 201 62 excellens.
1410 899 86 62 Et
1453 899 115 62 quia
1525 899 101 62 (vt
1583 899 144 62 dictum
1684 899 115 62 est)
1756 899 130 62 totum
1827 899 130 62 indiffe

426 949 144 55 renter
527 949 187 55 impositum
671 949 101 55 est
728 949 187 55 continuis
873 949 72 55 &
901 949 202 55 discretis,
1060 949 187 55 vniuersum
1204 949 187 55 discretis
1348 949 159 55 tantum,
1464 949 72 55 &
1493 949 87 55 in
1536 949 173 55 continuo
1666 949 144 55 partes
1767 949 130 55 inter
1853 949 87 55 se
1882 949 72 55 vni

422 994 135 53 tatem
512 994 150 53 habent
617 994 90 53 in
662 994 105 53 vna
723 994 135 53 forma
813 994 195 53 continui,
963 994 90 53 in
1008 994 180 53 discreto
1143 994 135 53 autem
1234 994 210 53 nequaquam,
1399 994 75 53 &
1429 994 90 53 in
1474 994 105 53 deo
1534 994 210 53 quaecumque
1699 994 240 53 intelligatur
1880 994 75 53 mul

422 1041 148 54 titudo
526 1041 252 54 quoruncumque,
733 1041 119 54 illa
808 1041 89 54 in
852 1041 163 54 vnitate
971 1041 193 54 simplicis
1119 1041 193 54 essentiae
1267 1041 193 54 vniuntur:
1415 1041 119 54 ideo
1489 1041 133 54 nomen
1578 1041 148 54 totius
1682 1041 119 54 quod
1756 1041 178 54 congruit
1875 1041 74 54 con

422 1086 144 51 tinuo,
523 1086 144 51 potius
623 1086 216 51 transfertur
796 1086 87 51 ad
840 1086 144 51 diuina
941 1086 115 51 quam
1013 1086 130 51 nomen
1099 1086 187 51 vniuersi,
1243 1086 87 51 vt
1287 1086 187 51 vsitatius
1431 1086 159 51 dicatur
1546 1086 115 51 deus
1618 1086 144 51 totus,
1719 1086 115 51 quam
1777 1086 173 51 vniuersus.

419 1131 124 65 immo
496 1131 139 65 totus
589 1131 186 65 dicitur,
728 1131 201 65 vniuersus
868 1131 170 65 nequaquam

458 1172 98 72 Ad
508 1172 164 72 primum
622 1172 98 72 in
671 1172 213 72 oppositum
835 1172 148 72 patet
934 1172 115 72 per
999 1172 115 72 iam
1065 1172 164 72 dicta.
1180 1172 148 72 licet
1278 1172 131 72 enim
1360 1172 148 72 totus
1458 1172 115 72 non
1524 1172 180 72 dicitur
1655 1172 131 72 nisi
1737 1172 197 72 respectu
1868 1172 82 72 par

433 1235 91 60 tis
485 1235 78 60 in
524 1235 169 60 creaturis
654 1235 156 60 secundum
771 1235 130 60 primam
862 1235 143 60 nominis
966 1235 221 60 impositionem:
1148 1235 156 60 secundum
1264 1235 117 60 tamen
1342 1235 143 60 nominis
1446 1235 221 60 translationem
1628 1235 143 60 dicitur
1732 1235 156 60 respectu
1836 1235 117 60 quoruli

427 1282 93 58 bet
480 1282 160 58 multorum
600 1282 107 58 quae
667 1282 80 58 in
707 1282 133 58 diuina
800 1282 160 58 essentia
920 1282 214 58 continentur,
1094 1282 80 58 vt
1134 1282 133 58 dictum
1227 1282 107 58 est.
1321 1282 80 58 Ad
1361 1282 160 58 secundum
1481 1282 160 58 dicendum
1601 1282 107 58 quod
1668 1282 93 58 non
1721 1282 93 58 est
1775 1282 133 58 simile
1868 1282 80 58 de
1895 1282 53 58 to

434 1331 86 54 to
477 1331 86 54 in
520 1331 186 54 creaturis
663 1331 72 54 &
691 1331 86 54 in
734 1331 115 54 deo:
806 1331 115 54 quia
877 1331 86 54 in
920 1331 186 54 creaturis
1064 1331 143 54 partes
1164 1331 100 54 non
1221 1331 172 54 vniuntur
1350 1331 86 54 in
1393 1331 100 54 vno
1450 1331 186 54 simplici,
1593 1331 100 54 sed
1650 1331 86 54 re
1693 1331 172 54 absoluta
1822 1331 129 54 inter
1894 1331 57 54 se

440 1375 175 49 differunt.
577 1375 137 49 propter
677 1375 100 49 quod
739 1375 87 49 non
789 1375 87 49 est
839 1375 87 49 ibi
889 1375 112 49 totum
964 1375 100 49 nisi
1027 1375 125 49 omnium
1114 1375 137 49 partium
1214 1375 112 49 simul
1289 1375 200 49 integrantium
1451 1375 87 49 rei
1501 1375 200 49 quantitatem.
1664 1375 75 49 In
1701 1375 87 49 deo
1751 1375 112 49 autem
1826 1375 112 49 omnis
1889 1375 62 49 mul

429 1426 136 52 titudo
524 1426 163 52 contenta
647 1426 81 52 in
687 1426 122 52 ipso,
769 1426 136 52 vnitur
864 1426 81 52 in
905 1426 163 52 simplici
1027 1426 163 52 essentia
1149 1426 81 52 in
1190 1426 95 52 qua
1244 1426 95 52 est
1298 1426 149 52 idipsum
1407 1426 95 52 re:
1461 1426 68 52 &
1488 1426 95 52 sic
1543 1426 163 52 essentia
1665 1426 176 52 quodlibet
1801 1426 149 52 illorum
1896 1426 54 52 to

433 1476 84 50 ta
475 1476 183 50 subintrat
616 1476 98 50 cum
672 1476 112 50 tota
742 1476 98 50 sua
798 1476 225 50 multitudine,
981 1476 112 50 quia
1051 1476 112 50 vnum
1121 1476 155 50 illorum
1234 1476 169 50 subitrat
1360 1476 169 50 alterum:
1486 1476 155 50 propter
1599 1476 112 50 quod
1669 1476 84 50 in
1711 1476 98 50 deo
1767 1476 126 50 totum
1852 1476 98 50 est
1894 1476 56 50 to

432 1515 95 54 tum
487 1515 163 54 cuilibet
609 1515 163 54 illorum.
731 1515 81 54 vt
772 1515 122 54 licet
853 1515 81 54 in
894 1515 176 54 creaturis
1030 1515 95 54 non
1084 1515 95 54 sit
1138 1515 122 54 totus
1220 1515 109 54 homo
1288 1515 95 54 pes
1342 1515 95 54 aut
1396 1515 136 54 manus,
1491 1515 136 54 corpus
1586 1515 95 54 aut
1641 1515 136 54 anima,
1736 1515 95 54 sed
1790 1515 122 54 simul
1858 1515 95 54 omnia

424 1557 133 62 haec:
513 1557 103 62 est
572 1557 133 62 tamen
660 1557 133 62 totus
748 1557 118 62 deus
822 1557 206 62 sapientia,
984 1557 133 62 totus
1073 1557 118 62 deus
1146 1557 177 62 bonitas,
1279 1557 74 62 &
1309 1557 103 62 sic
1367 1557 88 62 de
1412 1557 177 62 singulis
1544 1557 206 62 absolutis.
1706 1557 192 62 Totalitas
1854 1557 118 62 enim
1913 1557 44 62 &

432 1609 185 58 perfectio
574 1609 100 58 dei
631 1609 85 58 vt
674 1609 114 58 deus
745 1609 100 58 est
802 1609 228 58 simpliciter,
987 1609 171 58 respicit
1116 1609 128 58 solum
1201 1609 171 58 absoluta
1329 1609 71 58 &
1358 1609 171 58 communia
1486 1609 142 58 tribus
1586 1609 185 58 personis,
1728 1609 114 58 quia
1785 1609 157 58 perfectio

433 1655 89 54 in
478 1655 104 54 deo
537 1655 89 54 de
581 1655 192 54 absolutis
729 1655 118 54 est.
803 1655 118 54 Sunt
877 1655 118 54 enim
951 1655 118 54 tres
1025 1655 192 54 personae:
1173 1655 118 54 vnus
1247 1655 207 54 perfectus,
1410 1655 104 54 non
1469 1655 118 54 tres
1543 1655 192 54 perfecti:
1691 1655 192 54 similiter
1839 1655 74 54 &
1854 1655 89 54 vnus

432 1699 140 59 totus,
530 1699 98 59 non
586 1699 112 59 tres
656 1699 126 59 toti:
741 1699 126 59 licet
825 1699 112 59 sint
895 1699 112 59 tres
965 1699 182 59 perfectae
1105 1699 70 59 &
1133 1699 112 59 tres
1204 1699 126 59 totae
1288 1699 182 59 personae:
1428 1699 84 59 vt
1470 1699 98 59 sub
1526 1699 140 59 nomine
1624 1699 140 59 totius
1723 1699 70 59 &
1751 1699 168 59 perfecti
1877 1699 98 59 in-

428 1747 185 56 cludatur
567 1747 216 56 proprietas
736 1747 185 56 relatiua
875 1747 247 56 constitutiua
1076 1747 201 56 personae.
1231 1747 108 56 Sed
1292 1747 139 56 vtrum
1385 1747 201 56 huiusmodi
1539 1747 139 56 totum
1632 1747 108 56 sit
1694 1747 185 56 quicquid
1833 1747 108 56 est
1879 1747 62 56 in

427 1791 125 49 deo,
505 1791 94 49 vt
552 1791 140 49 vtrum
646 1791 125 49 vere
724 1791 172 49 dicatur
849 1791 140 49 totus
942 1791 140 49 pater
1036 1791 109 49 est
1098 1791 234 49 paternitas,
1285 1791 94 49 an
1332 1791 140 49 totus
1426 1791 125 49 deus
1504 1791 109 49 est
1566 1791 234 49 paternitas,
1753 1791 94 49 de
1800 1791 109 49 hoc
1847 1791 109 49 debet

438 1832 114 70 esse
509 1832 128 70 sermo
580 1832 156 70 inferius.

701 1847 114 95 lrca
772 1847 171 95 secundum
900 1847 171 95 arguitur
1028 1847 114 95 quod
1099 1847 128 95 ratio
1185 1847 142 95 totius
1284 1847 213 95 vniuersalis
1455 1847 114 95 siue
1526 1847 128 95 totum
1611 1847 199 95 vniuersale
1768 1847 128 95 cadat
1853 1847 85 95 in
1882 1847 71 95 deo

707 1928 122 53 primo
789 1928 108 53 sic.
856 1928 149 53 Auicen.
964 1928 81 53 v.
1005 1928 122 53 Meta.
1086 1928 176 53 definiens
1222 1928 203 53 vniuersale,
1384 1928 122 53 dicit
1465 1928 108 53 quod
1533 1928 189 53 vniuersale
1681 1928 95 53 est
1736 1928 95 53 hoc
1790 1928 108 53 quod
1857 1928 81 53 in
1898 1928 81 53 in

707 1976 175 45 tellectu
839 1976 102 45 non
897 1976 102 45 est
956 1976 219 45 impossibile
1131 1976 205 45 praedicari
1292 1976 88 45 de
1336 1976 161 45 multis.
1452 1976 175 45 quicquid
1584 1976 117 45 ergo
1657 1976 102 45 non
1715 1976 102 45 est
1759 1976 190 45 impossibile

721 2016 134 67 dicari
814 2016 80 67 in
855 2016 188 67 intellectu
1002 2016 80 67 de
1042 2016 147 67 multis,
1150 2016 94 67 est
1203 2016 201 67 vniuersale.
1364 2016 80 67 In
1404 2016 94 67 deo
1458 2016 121 67 autem
1538 2016 94 67 non
1592 2016 94 67 est
1646 2016 201 67 impossibile
1793 2016 161 67 praedicari

715 2065 78 56 de
754 2065 144 56 multis.
859 2065 118 56 Pater
937 2065 105 56 enim
1003 2065 65 56 &
1029 2065 131 56 filius
1120 2065 65 56 &
1146 2065 157 56 spiritus
1264 2065 144 56 sctuns,
1369 2065 118 56 multi
1447 2065 105 56 sunt
1513 2065 65 56 &
1539 2065 131 56 plures
1630 2065 78 56 in
1669 2065 170 56 personis,
1800 2065 65 56 &
1826 2065 78 56 de
1852 2065 92 56 ipsis

701 2115 201 60 communiter
859 2115 215 60 praedicatur
1031 2115 115 60 vere
1103 2115 86 60 in
1146 2115 201 60 intellectu
1303 2115 100 60 hoc
1361 2115 129 60 nomen
1447 2115 115 60 deus
1519 2115 86 60 vt
1562 2115 144 60 patet.
1662 2115 115 60 ergo
1734 2115 100 60 &c.
1806 2115 129 60 Secundo

709 2161 107 59 sic.
775 2161 240 59 praedicamentum
975 2161 187 59 relationis
1122 2161 107 59 vere
1189 2161 120 59 cadit
1269 2161 80 59 in
1309 2161 160 59 diuinis,
1428 2161 67 59 &
1455 2161 120 59 manet
1535 2161 160 59 secundum
1655 2161 160 59 rationem
1762 2161 173 59 praedicamen

423 2208 95 53 ti,
478 2208 81 53 vt
518 2208 149 53 habitum
626 2208 95 53 est
680 2208 135 53 supra.
775 2208 95 53 sed
829 2208 95 53 non
883 2208 95 53 est
937 2208 122 53 ratio
1018 2208 230 53 praedicamenti
1207 2208 122 53 quind
1288 2208 122 53 habet
1369 2208 162 53 rationem
1490 2208 162 53 generis,
1612 2208 68 53 &
1639 2208 95 53 ita
1693 2208 216 53 vniuersalis.
1855 2208 81 53 ergo

428 2256 91 51 &c.
480 2256 78 51 Et
519 2256 91 51 hoc
571 2256 117 51 patet
648 2256 104 51 esse
713 2256 78 51 in
752 2256 104 51 deo,
817 2256 104 51 quia
882 2256 104 51 bene
946 2256 155 51 dicitur,
1063 2256 181 51 paternitas
1205 2256 91 51 est
1257 2256 155 51 relatio,
1374 2256 155 51 filiatio
1491 2256 91 51 est
1542 2256 155 51 relatio,
1659 2256 155 51 spiratio
1776 2256 91 51 est
1814 2256 130 51 relatio.

428 2301 75 56 &
458 2301 165 56 constat
578 2301 120 56 quod
653 2301 225 56 praedicatur
832 2301 90 56 de
877 2301 105 56 eis
937 2301 105 56 non
997 2301 210 56 aequiuoce,
1162 2301 105 56 sed
1222 2301 180 56 vniuoce,
1357 2301 180 56 secundum
1492 2301 120 56 idem
1567 2301 135 56 nomen
1656 2301 75 56 &
1686 2301 150 56 eandem
1776 2301 165 56 rationem.

428 2346 117 51 ergo
502 2346 102 51 est
560 2346 117 51 vere
633 2346 161 51 commune
750 2346 102 51 eis
809 2346 88 51 vt
853 2346 132 51 genus
940 2346 102 51 vel
999 2346 88 51 vt
1043 2346 176 51 species.
1174 2346 117 51 ergo
1248 2346 102 51 &c.
1335 2346 146 51 Tertio
1438 2346 117 51 sic,
1511 2346 132 51 forma
1599 2346 146 51 quanto
1701 2346 102 51 est
1745 2346 190 51 simplicior,

428 2394 142 57 tanto
523 2394 142 57 magis
617 2394 110 57 est
680 2394 299 57 communicabilis,
932 2394 126 57 quia
1011 2394 236 57 simplicitas
1200 2394 110 57 est
1263 2394 142 57 ratio
1358 2394 284 57 communicabilis
1594 2394 173 57 eiusdem
1720 2394 95 57 ad
1768 2394 158 57 plures
1862 2394 79 57 vel

427 2438 130 60 plura,
518 2438 156 60 essentia
635 2438 156 60 deitatis
752 2438 221 60 simplicissima
934 2438 104 60 est,
999 2438 78 60 vt
1038 2438 143 60 habitum
1142 2438 91 60 est
1194 2438 130 60 supra.
1285 2438 104 60 ergo
1350 2438 91 60 &c.
1428 2438 78 60 In
1467 2438 182 60 contrarium
1610 2438 104 60 est,
1675 2438 143 60 quoniam
1779 2438 91 60 non
1831 2438 91 60 est
1870 2438 65 60 vni

429 2485 156 59 uersale
542 2485 113 59 nisi
613 2485 99 59 vbi
670 2485 198 59 communitas
826 2485 142 59 formae
925 2485 170 59 secundum
1052 2485 170 59 rationem
1180 2485 113 59 nata
1251 2485 99 59 est
1307 2485 241 59 diuersificari
1506 2485 85 59 in
1548 2485 170 59 pluribus
1676 2485 170 59 secundum
1803 2485 99 59 rem
1846 2485 85 59 abso

427 2529 137 62 lutam.
523 2529 164 62 secundum
646 2529 96 62 hoc
701 2529 109 62 enim
769 2529 123 62 dicit
851 2529 205 62 Philosophus
1015 2529 109 62 quod
1083 2529 191 62 vniuersale
1234 2529 96 62 est
1289 2529 109 62 vnum
1357 2529 82 62 in
1398 2529 137 62 multis
1494 2529 68 62 &
1521 2529 82 62 de
1562 2529 150 62 multis.
1671 2529 82 62 in
1712 2529 96 62 deo
1767 2529 123 62 autem
1835 2529 96 62 nulla

427 2581 133 60 cadit
516 2581 207 60 communitas
678 2581 148 60 realis
782 2581 192 60 absoluta,
930 2581 89 60 vt
974 2581 133 60 patet
1063 2581 89 60 ex
1107 2581 310 60 praedeterminatis.
1373 2581 118 60 ergo
1432 2581 74 60 &c.

467 2609 263 79 Fundamentum
677 2609 333 79 determinationis
957 2609 105 79 in
1009 2609 123 79 hac
1079 2609 245 79 quaestione
1272 2609 175 79 accipi
1394 2609 158 79 debet
1499 2609 105 79 ex
1552 2609 158 79 alibi
1657 2609 88 79 a
1692 2609 158 79 nobis
1797 2609 158 79 supra
1884 2609 70 79 de

424 2674 198 56 terminatis,
582 2674 66 56 &
609 2674 79 56 in
648 2674 224 56 quaestionibus
833 2674 172 56 quibusdam
965 2674 79 56 de
1005 2674 172 56 quolibet,
1137 2674 79 56 in
1176 2674 132 56 quibus
1269 2674 211 56 determinatum
1440 2674 92 56 est
1493 2674 79 56 de
1533 2674 132 56 natura
1625 2674 185 56 quiditatis
1771 2674 66 56 &
1784 2674 145 56 essentiae

426 2724 57 62 &
448 2724 159 62 suppositi,
573 2724 57 62 &
596 2724 68 62 de
630 2724 80 62 eis
676 2724 91 62 quae
733 2724 148 62 pertinent
846 2724 68 62 ad
880 2724 193 62 comperationem
1040 2724 102 62 vnius
1108 2724 68 62 ad
1142 2724 136 62 alterum.
1244 2724 80 62 Est
1290 2724 114 62 igitur
1369 2724 80 62 hic
1415 2724 136 62 sciendum
1517 2724 91 62 quod
1574 2724 102 62 ratio
1642 2724 171 62 vniversalis
1779 2724 148 62 consistit
1881 2724 57 62 non

421 2770 87 62 tam
470 2770 75 62 in
508 2770 99 62 modo
570 2770 186 62 praedicandi
719 2770 99 62 idem
781 2770 75 62 de
818 2770 161 62 pluribus,
942 2770 99 62 quam
1004 2770 75 62 in
1042 2770 124 62 natura
1129 2770 62 62 &
1153 2770 186 62 proprietate
1303 2770 87 62 rei
1352 2770 199 62 praedicatae,
1514 2770 99 62 quae
1576 2770 112 62 debet
1650 2770 99 62 esse
1712 2770 124 62 natura
1799 2770 62 62 &
1812 2770 124 62 essentia
