2017 3276
411 236 114 75 bile.
488 236 64 75 ⁋
513 236 102 75 Quia
577 236 114 75 autem
653 236 127 75 emanet
742 236 127 75 filius
831 236 64 75 a
856 236 140 75 spiritu
958 236 140 75 sancto,
1060 236 153 75 arguitur
1174 236 89 75 per
1225 236 178 75 Augustinus
1365 236 89 75 ix.
1416 236 76 75 de
1454 236 165 75 triniate.
1581 236 102 75 cap.
1645 236 140 75 vltimo.
1746 236 127 75 Partum
1823 236 76 75 men-

428 306 99 49 tis
484 306 183 49 praecedit
625 306 197 49 appetitus.
780 306 169 49 appetitu
907 306 197 49 voluntatis
1062 306 169 49 procedit
1189 306 169 49 spiritus
1315 306 169 49 sanctus,
1442 306 85 49 vt
1484 306 155 49 habitum
1597 306 113 49 est:
1668 306 127 49 partu
1752 306 113 49 vero
1808 306 85 49 men-

426 353 96 47 tis
481 353 137 47 filius
577 353 110 47 siue
646 353 151 47 verbum.
755 353 110 47 ergo
824 353 96 47 &c.
879 353 69 47 ⁋
906 353 110 47 Quia
975 353 123 47 autem
1057 353 69 47 a
1084 353 123 47 filio
1167 353 164 47 procedit
1290 353 164 47 spiritus
1413 353 151 47 sanctus
1523 353 151 47 dicitur
1633 353 82 47 in
1674 353 151 47 symbolo
1770 353 123 47 Athana-

426 391 108 56 sii.
494 391 163 56 Spiritus
616 391 149 56 sanctus
725 391 68 56 a
752 391 122 56 patre
833 391 68 56 &
860 391 122 56 filio
942 391 95 56 non
996 391 149 56 factus,
1104 391 95 56 nec
1158 391 163 56 creatus,
1280 391 95 56 nec
1335 391 163 56 genitus,
1457 391 95 56 sed
1497 391 163 56 procedens.

418 443 87 66 ⁋
452 443 140 66 Ista
540 443 209 66 quaestio
697 443 174 66 tangit
819 443 296 66 controuersiam
1063 443 105 66 de
1115 443 262 66 processione
1324 443 209 66 spiritus
1481 443 192 66 sancti.
1621 443 122 66 Qui
1691 443 140 66 enim
1760 443 140 66 dicunt

427 500 155 52 spiritum
543 500 142 52 sanctum
647 500 90 52 non
698 500 168 52 procedere
827 500 65 52 a
853 500 129 52 filio,
944 500 129 52 dicunt
1034 500 103 52 quod
1098 500 129 52 neutra
1189 500 181 52 personarum
1331 500 181 52 emanantium
1473 500 65 52 a
1499 500 142 52 persona
1602 500 103 52 quae
1667 500 90 52 est
1718 500 65 52 a
1744 500 129 52 nulla,
1822 500 77 52 ema-

428 549 91 60 nat
480 549 65 60 a
506 549 155 60 reliqua,
622 549 104 60 quia
687 549 117 60 illae
765 549 104 60 duae
830 549 155 60 personae
946 549 168 60 emanantes
1076 549 104 60 sunt
1141 549 143 60 filius,
1244 549 91 60 qui
1296 549 130 60 emanat
1387 549 104 60 modo
1452 549 155 60 naturae,
1568 549 65 60 &
1594 549 155 60 spiritus
1711 549 155 60 sanctus,
1827 549 104 60 quid

422 594 135 53 emanat
516 594 108 53 modo
583 594 202 53 voluntatis.
745 594 81 53 De
785 594 162 53 spiritus
907 594 135 53 sancto
1001 594 121 53 autem
1082 594 135 53 nullus
1176 594 135 53 vnquam
1270 594 175 53 dubitauit
1405 594 81 53 an
1445 594 135 53 filius
1540 594 81 53 de
1580 594 108 53 ipso
1648 594 202 53 procederet:
1796 594 94 53 omnes

428 642 110 53 enim
497 642 82 53 ab
538 642 137 53 initio
634 642 124 53 fidei
717 642 96 53 hoc
772 642 206 53 negauerunt,
937 642 96 53 nec
992 642 206 53 proculdubio
1157 642 96 53 hoc
1212 642 247 53 introduxerunt,
1418 642 82 53 eo
1459 642 110 53 quod
1528 642 96 53 nec
1583 642 179 53 scriptura
1720 642 124 53 sacra
1803 642 82 53 in
1830 642 69 53 ali

423 687 98 50 quo
479 687 126 50 dicto
563 687 183 50 insinuat,
704 687 155 50 aliquam
816 687 225 50 auctoritatem
999 687 197 50 ascribendo
1153 687 169 50 spiritui
1280 687 140 50 sancto
1378 687 126 50 supra
1463 687 155 50 filium,
1575 687 140 50 qualis
1673 687 126 50 debet
1758 687 112 50 esse
1814 687 84 50 eius

426 736 63 59 a
452 736 89 59 quo
502 736 152 59 procedit
616 736 152 59 aliquis,
730 736 114 59 super
806 736 114 59 illum
882 736 89 59 qui
933 736 152 59 procedit
1047 736 76 59 ab
1085 736 89 59 eo.
1136 736 114 59 Illud
1212 736 101 59 enim
1275 736 101 59 quod
1339 736 152 59 Christus
1453 736 139 59 dixisse
1554 736 165 59 scribitur
1681 736 152 59 Esaniae.
1782 736 114 59 xlviii.

411 776 99 53 Dns
468 776 128 53 misit
553 776 99 53 me,
609 776 71 53 &
638 776 170 53 spiritus
765 776 128 53 eius.
850 776 227 53 intelligitur
1034 776 156 53 dixisse
1148 776 85 53 de
1190 776 170 53 missione
1318 776 99 53 sua
1375 776 85 53 ad
1417 776 241 53 praedicandum,
1616 776 71 53 &
1644 776 99 53 pro
1701 776 142 53 natura
1786 776 113 53 humana

409 823 125 53 super
493 823 111 53 quam
562 823 167 53 spiritus
688 823 153 53 sanctus
799 823 167 53 mittendi
925 823 139 53 habuit
1022 823 237 53 auctoritatem.
1217 823 84 53 De
1259 823 98 53 hac
1315 823 111 53 ergo
1384 823 195 53 quaestione
1538 823 125 53 nulla
1621 823 98 53 est
1677 823 195 53 dubitatio:
1816 823 84 53 nisi

425 872 87 51 quo
474 872 74 51 ad
511 872 198 51 processionem
672 872 99 51 siue
734 872 186 51 emarationem
883 872 149 51 spiritus
995 872 124 51 sancti
1081 872 62 51 a
1106 872 124 51 filio.
1193 872 74 51 Et
1230 872 112 51 dicit
1304 872 161 51 Magister.
1428 872 99 51 xii.
1490 872 211 51 distinctione,
1664 872 74 51 hi
1701 872 74 51 io
1738 872 87 51 est
1787 872 99 51 quod
1837 872 62 51 hoc

420 918 123 47 multi
502 918 178 47 haeretici
639 918 205 47 negauerunt:
803 918 68 47 &
831 918 109 47 sunt
899 918 137 47 aliqui
995 918 96 47 qui
1050 918 123 47 totam
1132 918 178 47 ecclesiam
1269 918 192 47 Graecorum,
1419 918 109 47 quia
1488 918 82 47 in
1529 918 96 47 hoc
1583 918 96 47 non
1638 918 178 47 concordat
1775 918 82 47 in
1802 918 96 47 omni-

410 959 100 58 bus
467 959 100 58 cum
524 959 172 58 ecclesia
653 959 201 58 latinorum,
811 959 201 58 haereticam
969 959 86 58 in
1012 959 100 58 hoc
1069 959 115 58 esse
1141 959 158 58 dicunt:
1255 959 115 58 quod
1327 959 129 58 durum
1413 959 158 58 videtur
1527 959 143 58 multis
1628 959 158 58 propter
1742 959 158 58 loannem
1843 959 57 58 Da

408 1012 165 63 mascenum
532 1012 69 63 &
560 1012 110 63 quam
629 1012 165 63 plurimos
753 1012 124 63 alios
835 1012 165 63 doctores
959 1012 193 63 graecorum.
1111 1012 152 63 Propter
1221 1012 110 63 quod
1290 1012 138 63 dicunt
1386 1012 110 63 quod
1455 1012 83 63 in
1497 1012 138 63 dictis
1593 1012 179 63 graecorum
1731 1012 96 63 non
1786 1012 96 63 est
1827 1012 69 63 con

411 1052 177 55 trarietas
547 1052 136 55 dictis
642 1052 177 55 latinorum
778 1052 122 55 circa
860 1052 163 55 spiritus
982 1052 136 55 sancti
1077 1052 217 55 processionem
1254 1052 150 55 quantum
1363 1052 95 55 est
1417 1052 82 55 ex
1458 1052 122 55 parte
1540 1052 109 55 rei.
1608 1052 82 55 Et
1648 1052 95 55 hoc
1703 1052 177 55 ostendunt
1825 1052 68 55 ali

407 1102 105 53 qui
467 1102 90 53 ex
512 1102 135 53 parte
602 1102 135 53 verbi
693 1102 105 53 quo
753 1102 150 53 graeci
858 1102 120 53 suam
933 1102 225 53 intentionem
1113 1102 210 53 exprimunt.
1279 1102 120 53 Alii
1354 1102 120 53 vero
1429 1102 105 53 hoc
1489 1102 195 53 ostendunt
1639 1102 90 53 ex
1685 1102 135 53 parte
1775 1102 120 53 modi
1835 1102 60 53 di

413 1147 125 58 cendi
497 1147 70 58 &
525 1147 195 58 exprimendi
678 1147 112 58 suam
748 1147 223 58 intentionem.
929 1147 125 58 Primi
1013 1147 139 58 dicunt
1110 1147 112 58 quod
1180 1147 181 58 procedere
1319 1147 112 58 apud
1389 1147 153 58 graecos
1501 1147 98 58 cum
1556 1147 98 58 hoc
1612 1147 112 58 quod
1682 1147 125 58 dicit
1752 1147 139 58 personae

416 1199 241 53 emanationem,
612 1199 75 53 &
642 1199 181 53 egressum
778 1199 121 53 eius
853 1199 90 53 ab
899 1199 121 53 illo
974 1199 75 53 a
1004 1199 106 53 quo
1064 1199 166 53 emanat,
1185 1199 136 53 dicit
1276 1199 136 53 etiam
1366 1199 211 53 progressum
1532 1199 121 53 eius
1607 1199 90 53 in
1653 1199 136 53 alium
1743 1199 90 53 vt
1788 1199 90 53 in
1819 1199 75 53 quo

417 1239 170 54 quiescit
544 1239 184 54 egrediens
686 1239 71 54 &
714 1239 170 54 emanans.
842 1239 113 54 Vnde
913 1239 170 54 quamquam
1040 1239 241 54 intelligerent
1239 1239 170 54 spiritum
1366 1239 156 54 sanctum
1480 1239 142 54 egredi
1579 1239 71 54 &
1607 1239 156 54 emanare
1721 1239 85 54 ab
1763 1239 170 54 vtroque,

416 1293 100 51 non
473 1293 128 51 tamen
558 1293 171 51 secundum
687 1293 228 51 proprietatem
872 1293 171 51 vocabuli
1000 1293 114 51 apud
1071 1293 128 51 ipsos
1157 1293 185 51 potuerunt
1299 1293 143 51 dicere
1399 1293 114 51 quod
1470 1293 200 51 procederet
1627 1293 71 51 a
1656 1293 143 51 filio:
1755 1293 114 51 quia
1812 1293 86 51 etsi

418 1331 87 45 ab
461 1331 159 45 vtroque
576 1331 130 45 exit:
663 1331 116 45 exit
735 1331 130 45 tamen
822 1331 72 45 a
851 1331 130 45 patre
938 1331 87 45 in
981 1331 144 45 filium
1082 1331 72 45 &
1111 1331 101 45 non
1169 1331 202 45 econverso,
1328 1331 72 45 &
1357 1331 101 45 hoc
1414 1331 188 45 inquantum
1559 1331 87 45 in
1602 1331 202 45 emanatione
1747 1331 144 45 spiritus

408 1370 136 69 sancti
503 1370 95 69 vis
558 1370 176 69 spiratiua
693 1370 122 69 habet
774 1370 108 69 esse
842 1370 68 69 a
869 1370 122 69 patre
950 1370 81 69 in
991 1370 136 69 filio,
1086 1370 68 69 &
1113 1370 95 69 non
1167 1370 190 69 econverso.
1316 1370 95 69 Sed
1371 1370 136 69 contra
1465 1370 95 69 hoc
1520 1370 95 69 est
1574 1370 149 69 loannes
1682 1370 81 69 in
1723 1370 81 69 eo
1763 1370 108 69 quid
1831 1370 95 69 di-

415 1426 107 57 cit,
481 1426 80 57 vt
521 1426 93 57 iam
575 1426 147 57 habitum
681 1426 107 57 est.
748 1426 107 57 Spum
815 1426 147 57 sanctum
921 1426 80 57 ex
961 1426 120 57 filio
1041 1426 93 57 non
1095 1426 160 57 dicimus.
1215 1426 120 57 Sicut
1295 1426 107 57 ergo
1362 1426 133 57 graeci
1455 1426 93 57 non
1508 1426 133 57 dicunt
1602 1426 160 57 spiritum
1722 1426 147 57 sanctum
1815 1426 80 57 pro-

410 1472 139 56 cedere
507 1472 70 56 a
535 1472 139 56 filio,
633 1472 97 56 sic
688 1472 97 56 non
744 1472 139 56 dicunt
841 1472 125 56 ipsum
925 1472 111 56 esse
995 1472 83 56 ex
1036 1472 139 56 filio,
1134 1472 181 56 quocumque
1273 1472 125 56 etiam
1356 1472 111 56 modo
1426 1472 223 56 emanationis.
1607 1472 83 56 Et
1649 1472 97 56 hoc
1704 1472 125 56 verum
1788 1472 97 56 est
1829 1472 70 56 pro

409 1516 136 54 multis
505 1516 82 54 ex
546 1516 109 54 eis.
614 1516 136 54 Aliqui
709 1516 123 54 tamen
791 1516 82 54 ex
831 1516 95 54 eis
886 1516 95 54 (vt
940 1516 136 54 dicunt
1036 1516 95 54 qui
1090 1516 136 54 libros
1185 1516 123 54 eorum
1267 1516 177 54 viderunt)
1403 1516 136 54 dicunt
1499 1516 109 54 quod
1567 1516 163 54 procedit
1689 1516 82 54 ex
1730 1516 136 54 filio.
1812 1516 95 54 Dicit

409 1561 109 61 enim
477 1561 95 61 (vt
532 1561 150 61 dicunt)
641 1561 163 61 Cyrillus
763 1561 150 61 loquens
872 1561 82 61 de
913 1561 136 61 filio.
1008 1561 123 61 Spuns
1090 1561 177 61 veritatis
1226 1561 163 61 profluit
1349 1561 82 61 ab
1389 1561 82 61 eo
1430 1561 123 61 sicut
1512 1561 150 61 denique
1621 1561 82 61 ex
1662 1561 95 61 deo
1716 1561 109 61 pre.
1784 1561 82 61 Et
1811 1561 82 61 Didy

417 1609 83 47 mus
465 1609 71 47 in
500 1609 107 47 libro
572 1609 71 47 de
607 1609 131 47 spiritu
702 1609 119 47 scton.
785 1609 107 47 Neque
857 1609 95 47 alia
916 1609 83 47 est
964 1609 143 47 spiritus
1070 1609 119 47 sancti
1154 1609 166 47 substantia
1284 1609 131 47 praeter
1379 1609 71 47 id
1415 1609 95 47 quid
1474 1609 71 47 ei
1510 1609 107 47 datur
1581 1609 59 47 a
1605 1609 119 47 filio.
1688 1609 95 47 ldem
1748 1609 119 47 ibidem
1831 1609 71 47 vt
1854 1609 48 47 De

411 1653 163 51 cretorum
533 1653 95 51 cap
588 1653 122 51 vlti.
669 1653 163 51 Saluator
791 1653 81 51 ex
832 1653 81 51 se
872 1653 95 51 non
926 1653 108 51 est,
994 1653 95 51 sed
1048 1653 81 51 ex
1089 1653 122 51 patre
1170 1653 68 51 &
1197 1653 81 51 me
1238 1653 108 51 est.
1306 1653 163 51 secundum
1428 1653 108 51 quod
1495 1653 122 51 super
1577 1653 95 51 hoc
1631 1653 163 51 Magister
1753 1653 81 51 in
1780 1653 122 51 senten-

410 1701 107 45 tiis
477 1701 228 45 distinctione.
664 1701 107 45 xii.
731 1701 134 45 plures
825 1701 147 45 inducit
932 1701 228 45 auctoritates.
1119 1701 67 45 ⁋
1146 1701 107 45 ldeo
1213 1701 107 45 alii
1280 1701 134 45 dicunt
1374 1701 80 45 ad
1414 1701 214 45 excusationem
1588 1701 147 45 illorum
1695 1701 94 45 qui
1749 1701 94 45 nec
1789 1701 107 45 dicunt

421 1743 155 64 spiritum
537 1743 142 64 sanctum
640 1743 77 64 ex
679 1743 116 64 filio
756 1743 116 64 esse,
833 1743 103 64 quod
898 1743 129 64 graeci
988 1743 116 64 licet
1065 1743 90 64 non
1116 1743 129 64 dicunt
1207 1743 155 64 spiritum
1323 1743 142 64 sanctum
1426 1743 103 64 esse
1490 1743 77 64 ex
1529 1743 129 64 filio,
1619 1743 90 64 hoc
1670 1743 116 64 tamen
1747 1743 90 64 non
1786 1743 116 64 negant.

408 1792 130 50 Ratio
494 1792 130 50 quare
581 1792 101 50 hoc
639 1792 101 50 non
697 1792 159 50 dicunt,
813 1792 101 50 est
871 1792 116 50 quia
944 1792 130 50 dicit
1031 1792 130 50 loan.
1118 1792 217 50 Damasceinus
1292 1792 87 50 in
1335 1792 188 50 principio
1480 1792 232 50 sententiarum
1669 1792 159 50 suarum,
1785 1792 101 50 pro
1828 1792 58 50 se

414 1839 78 55 &
446 1839 140 55 suis.
539 1839 140 55 Omnia
632 1839 125 55 quae
710 1839 171 55 tradita
835 1839 125 55 sunt
912 1839 140 55 nobis
1006 1839 109 55 per
1068 1839 156 55 legem,
1177 1839 78 55 &
1208 1839 218 55 prophetas,
1379 1839 78 55 &
1411 1839 218 55 apostolos,
1582 1839 78 55 &
1613 1839 249 55 euangelistas
1800 1839 93 55 sus-

419 1882 183 56 cipimus,
556 1882 76 56 &
587 1882 214 56 veneramur,
755 1882 76 56 &
785 1882 229 56 cognoscimus
968 1882 137 56 nihil
1060 1882 137 56 vltra
1151 1882 122 56 haec
1228 1882 229 56 quaerentes,
1411 1882 122 56 haec
1487 1882 107 56 nos
1548 1882 214 56 diligamus,
1716 1882 76 56 &
1747 1882 137 56 inhis
1823 1882 61 56 ma

408 1931 153 57 neamus
515 1931 76 57 &
545 1931 107 57 non
606 1931 214 57 transeamus
774 1931 183 57 terminos
912 1931 199 57 aeternos:
1064 1931 137 57 neque
1156 1931 275 57 transgrediamur
1385 1931 168 57 diuinam
1507 1931 244 57 traditionem.
1706 1931 92 57 In
1752 1931 107 57 quo
1797 1931 92 57 con-

407 1977 146 54 cordat
509 1977 102 54 cum
568 1977 131 54 beato
655 1977 175 54 Dionysio
786 1977 175 54 dicente.
917 1977 102 54 Non
975 1977 102 54 est
1033 1977 175 54 audendum
1164 1977 146 54 dicere
1266 1977 160 54 aliquid
1383 1977 87 54 de
1426 1977 233 54 substantiali
1615 1977 204 54 diuinitate
1761 1977 131 54 praeter

410 2023 87 50 ea
453 2023 116 50 quae
525 2023 188 50 diuinitus
670 2023 130 50 nobis
757 2023 87 50 ex
801 2023 145 50 sacris
902 2023 174 50 eloquiis
1032 2023 116 50 sunt
1105 2023 188 50 expressa.
1250 2023 130 50 Quare
1337 2023 101 50 cum
1395 2023 87 50 in
1438 2023 145 50 sacris
1539 2023 174 50 eloquiis
1670 2023 101 50 non
1713 2023 174 50 continetur

409 2069 173 45 expressum
542 2069 80 45 de
582 2069 120 45 filio
662 2069 106 45 quod
728 2069 80 45 ab
768 2069 106 45 ipso
834 2069 200 45 processerit
994 2069 160 45 spiritus
1114 2069 160 45 sanctus:
1234 2069 120 45 sicut
1314 2069 93 45 hoc
1367 2069 186 45 continetur
1513 2069 173 45 expressum
1646 2069 80 45 de
1686 2069 120 45 patre
1766 2069 120 45 loam.
1832 2069 67 45 xv.

398 2110 160 66 Spiritum
518 2110 174 66 veritatis
651 2110 107 66 quid
718 2110 67 66 a
745 2110 120 66 patre
825 2110 174 66 procedit:
959 2110 147 66 Idcirco
1066 2110 107 66 ergo
1132 2110 94 66 non
1186 2110 134 66 dicunt
1279 2110 160 66 spiritum
1399 2110 147 66 sanctum
1506 2110 174 66 procedere
1640 2110 67 66 a
1667 2110 134 66 filio:
1760 2110 67 66 &
1787 2110 94 66 hoc
1840 2110 94 66 ma-

398 2151 133 54 xime,
487 2151 118 54 quia
561 2151 104 54 nec
620 2151 163 54 synodus
738 2151 192 54 generalis
886 2151 148 54 Nicena
990 2151 133 54 super
1079 2151 222 54 professione
1256 2151 133 54 fidei
1345 2151 148 54 habita
1448 2151 104 54 hoc
1508 2151 207 54 expressit:
1670 2151 104 54 vbi
1729 2151 163 54 legitur
1833 2151 74 54 sic

412 2206 165 61 Credimus
536 2206 82 61 in
577 2206 165 61 spiritum
701 2206 151 61 sanctum
810 2206 82 61 ex
852 2206 124 61 patre
934 2206 206 61 procedentem
1099 2206 96 61 cum
1154 2206 124 61 patre
1236 2206 69 61 &
1263 2206 124 61 filio
1346 2206 192 61 adorandum.
1497 2206 124 61 Etiam
1579 2206 110 61 quia
1648 2206 82 61 in
1689 2206 178 61 quibusdam
1812 2206 69 61 con

409 2253 141 56 ciliis
508 2253 99 56 sub
564 2253 254 56 interminatione
776 2253 212 56 Anathematis
945 2253 183 56 inuenitur
1086 2253 197 56 prohibitum
1241 2253 85 56 ne
1283 2253 155 56 aliquid
1396 2253 155 56 symbolo
1509 2253 169 56 ordinato
1636 2253 85 56 in
1678 2253 169 56 concilio
1805 2253 113 56 adda

411 2299 105 60 tur.
476 2299 105 60 ltem
542 2299 105 60 quia
607 2299 144 60 tempore
712 2299 196 60 apostolorum
869 2299 144 60 dicitur
974 2299 196 60 conscriptum
1131 2299 131 60 fuisse
1222 2299 79 60 in
1262 2299 131 60 quadam
1353 2299 144 60 legenda
1458 2299 118 60 beati
1537 2299 157 60 Andreae.
1654 2299 92 60 Pax
1707 2299 144 60 omnibus
1811 2299 105 60 quid

411 2340 137 60 credunt
510 2340 75 60 in
547 2340 99 60 vnum
609 2340 99 60 deum
671 2340 137 60 patrem,
771 2340 62 60 &
796 2340 75 60 in
833 2340 99 60 vnum
895 2340 124 60 filium
982 2340 112 60 eius,
1057 2340 62 60 &
1081 2340 75 60 in
1119 2340 99 60 vnum
1181 2340 149 60 spiritum
1293 2340 137 60 sanctum
1392 2340 186 60 procedentem
1541 2340 75 60 ex
1578 2340 112 60 prie,
1653 2340 62 60 &
1678 2340 75 60 in
1715 2340 112 60 filio
1790 2340 124 60 perma-

410 2390 138 60 nentem.
511 2390 88 60 Nec
561 2390 113 60 tamen
636 2390 125 60 graeci
723 2390 150 60 negabant
836 2390 150 60 expresse
949 2390 150 60 spiritum
1061 2390 138 60 sanctum
1161 2390 163 60 procedere
1286 2390 63 60 a
1311 2390 113 60 filio
1386 2390 100 60 nisi
1449 2390 100 60 illi
1512 2390 88 60 qui
1562 2390 75 60 ex
1599 2390 88 60 eis
1649 2390 150 60 expresse
1762 2390 113 60 erant
1824 2390 63 60 hae

408 2435 149 49 retici.
517 2435 68 49 ⁋
544 2435 95 49 Sed
598 2435 149 49 numquid
706 2435 163 49 sufficit
828 2435 95 49 Io.
883 2435 135 49 Damas.
977 2435 68 49 &
1004 2435 108 49 sibi
1072 2435 176 49 similibus
1208 2435 95 49 hoc
1262 2435 95 49 non
1316 2435 149 49 dicere,
1424 2435 95 49 aut
1479 2435 95 49 hoc
1533 2435 95 49 pro
1587 2435 122 49 dubio
1668 2435 149 49 habere,
1777 2435 95 49 aut
1817 2435 68 49 fal

409 2479 98 50 sum
465 2479 112 50 esse
535 2479 197 50 insinuare,
690 2479 98 50 cum
746 2479 126 50 dicat
830 2479 183 50 apostolus
971 2479 112 50 Rom.
1041 2479 84 50 x.
1083 2479 126 50 Corde
1167 2479 168 50 creditur
1293 2479 84 50 ad
1336 2479 197 50 iustitiam,
1490 2479 98 50 ore
1546 2479 126 50 autem
1630 2479 183 50 confessio
1771 2479 98 50 sit
1827 2479 84 50 ad

410 2527 145 60 alutem:
515 2527 131 60 Reuera
607 2527 158 60 antequam
725 2527 105 60 fuit
791 2527 92 60 hoc
844 2527 210 60 determinatum
1014 2527 66 60 &
1041 2527 171 60 expressum
1172 2527 92 60 per
1225 2527 171 60 ecclesiam
1356 2527 66 60 &
1383 2527 210 60 posteriores,
1553 2527 158 60 suffecit
1672 2527 171 60 confiteri
1803 2527 105 60 quod

410 2571 156 60 spiruius
527 2571 143 60 sanctus
631 2571 182 60 procederet
775 2571 65 60 a
801 2571 130 60 patre,
892 2571 91 60 non
944 2571 143 60 dicendo
1048 2571 117 60 neque
1126 2571 182 60 profitendo
1270 2571 117 60 ipsum
1348 2571 169 60 procedere
1478 2571 65 60 a
1504 2571 130 60 filio,
1595 2571 104 60 quia
1661 2571 117 60 licet
1739 2571 117 60 etiam
1804 2571 78 60 con-

409 2617 144 64 traria
509 2617 158 64 opinari
624 2617 129 64 circa
711 2617 173 64 notiones
840 2617 158 64 diuinas
955 2617 72 64 &
984 2617 115 64 alia
1056 2617 201 64 credibilia
1214 2617 173 64 quousque
1343 2617 173 64 veridica
1473 2617 158 64 ratione
1588 2617 101 64 aut
1646 2617 101 64 per
1689 2617 201 64 auctoritatem

409 2663 172 45 ecclesiae
541 2663 106 45 sint
607 2663 159 45 detecta:
726 2663 119 45 sicut
806 2663 159 45 hactenus
925 2663 159 45 detectum
1044 2663 93 45 est
1096 2663 106 45 quod
1163 2663 159 45 spiritus
1282 2663 145 45 sanctus
1387 2663 159 45 procedat
1506 2663 66 45 a
1533 2663 132 45 filio.
1625 2663 93 45 Hoc
1678 2663 106 45 enim
1745 2663 172 45 ordinatum

411 2709 93 61 est
464 2709 173 61 profiteri
597 2709 66 61 &
623 2709 106 61 addi
690 2709 146 61 Symbolo
796 2709 133 61 Niceni
889 2709 160 61 concilii
1009 2709 106 61 sic.
1075 2709 80 61 Et
1115 2709 80 61 in
1155 2709 160 61 spiritum
1275 2709 146 61 sanctum
1381 2709 226 61 viuificantem,
1567 2709 93 61 qui
1620 2709 80 61 ex
1660 2709 120 61 patre
1740 2709 160 61 filioque

409 2750 183 82 procedit.
550 2750 84 82 Et
592 2750 99 82 est
648 2750 155 82 additum
761 2750 127 82 illud
845 2750 183 82 Hilioque,
986 2750 211 82 auctoritate
1155 2750 169 82 concilii
1282 2750 183 82 Ephesini.
1422 2750 127 82 primi
1507 2750 197 82 Decretorum
1662 2750 169 82 penulti.
1788 2750 99 82 cap
1831 2750 56 82 de
