2017 3184
111 206 126 86 vnum
190 206 220 86 connotati:
363 206 141 86 licet
457 206 110 86 non
520 206 94 86 vt
567 206 126 86 ipsi
646 206 126 86 sunt
724 206 267 86 principaliter
944 206 157 86 plures
1054 206 204 86 distincti
1211 206 141 86 actum
1305 206 236 86 elicientes,
1478 206 126 86 secun-

120 279 107 62 dum
181 279 122 62 quod
257 279 107 62 iam
318 279 152 62 dictum
424 279 107 62 est
485 279 91 62 in
531 279 198 62 solutione
683 279 198 62 argumenti
835 279 259 62 praecedentis.
1048 279 91 62 Et
1094 279 183 62 secundum
1231 279 107 62 hoc
1291 279 137 62 licet
1383 279 107 62 non
1444 279 167 62 spirant
1550 279 61 62 vt

125 327 150 56 plures
230 327 120 56 sunt
305 327 195 56 distincti
456 327 256 56 principaliter
666 327 75 56 &
696 327 210 56 elicientes
861 327 135 56 actum
952 327 165 56 propter
1072 327 180 56 rationem
1207 327 225 56 praedictam:
1388 327 165 56 spirant
1493 327 105 56 tamen

122 377 89 52 vt
167 377 119 52 sunt
241 377 193 52 connotati
389 377 148 52 plures
493 377 193 52 distincti
641 377 133 52 circa
730 377 89 52 id
774 377 89 52 in
819 377 104 52 quo
878 377 119 52 sunt
952 377 133 52 vnum,
1041 377 119 52 quod
1115 377 104 52 est
1174 377 133 52 ratio
1263 377 193 52 eliciendi
1411 377 148 52 actum,
1515 377 74 52 &
1530 377 74 52 sic

125 425 92 51 vt
171 425 154 51 plures
279 425 139 51 vniti
371 425 92 51 in
417 425 108 51 vna
479 425 200 51 spiratiua
633 425 185 51 ratione.
772 425 139 51 Vniti
864 425 200 51 intelligo
1018 425 108 51 per
1080 425 262 51 connotationem
1296 425 139 51 circa
1388 425 123 51 vnam
1450 425 154 51 rationem

123 462 147 53 agendi:
230 462 147 53 propter
337 462 107 53 quam
404 462 134 53 quidem
497 462 227 53 connotationem
685 462 80 53 in
725 462 94 53 vna
778 462 147 53 ratione
885 462 187 53 necessario
1033 462 187 53 concurrunt
1180 462 80 53 in
1220 462 120 53 illam
1300 462 107 53 vnam
1367 462 174 53 actionem.
1501 462 67 53 â‹
1528 462 80 53 Ad
1554 462 54 53 cu

119 509 87 56 ius
168 509 187 56 intellectum
318 509 150 56 sciendum
430 509 87 56 est
480 509 100 56 quod
542 509 150 56 secundum
654 509 100 56 quod
717 509 150 56 inferius
829 509 237 56 determinabitur,
1028 509 112 56 actus
1103 509 187 56 essentiales
1253 509 100 56 sunt
1315 509 137 56 praeuii
1415 509 125 56 ordine
1489 509 100 56 quodam

123 555 185 53 rationis,
265 555 71 53 &
294 555 200 53 fundamenta
451 555 143 53 actuum
550 555 228 53 notionalium:
736 555 71 53 &
764 555 128 53 quasi
850 555 214 53 complementa
1021 555 171 53 virtutis
1149 555 114 53 siue
1220 555 171 53 rationis
1349 555 200 53 elicitiuae
1491 555 100 53 eorum

128 600 101 60 sub
185 600 159 60 ratione
301 600 203 60 respectus:
461 600 87 60 vt
504 600 130 60 ratio
591 600 159 60 dicendi
707 600 145 60 verbum
808 600 116 60 siue
880 600 101 60 vis
938 600 159 60 dictiua
1054 600 87 60 in
1098 600 130 60 patre
1185 600 101 60 sit
1242 600 145 60 diuina
1344 600 188 60 iessentia
1474 600 116 60 inquam

123 644 100 60 tum
180 644 100 60 est
237 644 214 60 intellectus
408 644 200 60 informatus
565 644 185 60 sapientia
707 644 200 60 essentiali
864 644 86 60 in
907 644 157 60 actuali
1021 644 114 60 actu
1092 644 228 60 intelligendi
1277 644 100 60 sub
1334 644 157 60 ratione
1434 644 157 60 respectus

122 689 195 55 notionalis
275 689 112 55 quem
345 689 125 55 habet
429 689 125 55 pater
512 689 84 55 ad
554 689 153 55 filium:
666 689 125 55 Ratio
749 689 112 55 vero
819 689 167 55 spirandi
945 689 167 55 spcrntum
1070 689 153 55 sanctum
1182 689 112 55 siue
1251 689 98 55 vis
1307 689 181 55 spiratiua
1447 689 84 55 in
1488 689 125 55 patre
1558 689 42 55 &

112 735 132 49 filio
200 735 103 49 sit
259 735 132 49 eadem
347 735 147 49 diuina
450 735 176 49 essentia
581 735 191 49 inquantum
728 735 103 49 est
787 735 176 49 voluntas
919 735 191 49 informata
1065 735 132 49 amore
1153 735 205 49 essentiali
1314 735 88 49 in
1358 735 161 49 actuali
1476 735 117 49 actu
1534 735 59 49 vo

121 781 129 54 lendi
207 781 115 54 siue
278 781 158 54 amandi:
393 781 72 54 &
422 781 100 54 hoc
479 781 100 54 sub
536 781 158 54 ratione
651 781 186 54 respectus
794 781 201 54 notionalis
952 781 186 54 communis,
1095 781 115 54 quem
1167 781 143 54 habent
1267 781 158 54 coniter
1382 781 129 54 pater
1468 781 72 54 &
1482 781 115 54 filius

115 831 83 55 ad
157 831 138 55 spntum
254 831 166 55 sanctum.
378 831 97 55 Sed
434 831 83 55 in
475 831 97 55 hoc
531 831 166 55 interest
655 831 83 55 ex
697 831 125 55 parte
780 831 208 55 intellectus
946 831 83 55 vt
988 831 97 55 sit
1043 831 180 55 foecundus
1182 831 83 55 ad
1223 831 166 55 dicendum
1348 831 152 55 verbum:
1459 831 69 55 &
1486 831 83 55 ex
1514 831 83 55 para

110 874 84 54 te
152 874 196 54 voluntatis
306 874 84 54 vt
348 874 98 54 sit
403 874 168 54 foecunda
529 874 84 54 ad
571 874 182 54 spirandum
711 874 154 54 spcntum
823 874 168 54 sanctum:
948 874 154 54 quoniam
1060 874 210 54 intellectus
1228 874 182 54 perfectam
1367 874 238 54 foecunditatem
1549 874 56 54 ha

122 916 109 53 bere
190 916 136 53 potest
286 916 82 53 ad
326 916 122 53 verbi
408 916 218 53 productionem
585 916 82 53 vt
626 916 150 53 existit
734 916 82 53 in
775 916 95 53 vna
830 916 109 53 sola
897 916 163 53 persona.
1020 916 163 53 Voluntas
1142 916 122 53 autem
1224 916 177 53 perfectam
1360 916 231 53 foecunditatem
1537 916 54 53 ha

120 966 107 45 bere
187 966 94 45 non
240 966 134 45 potest
334 966 80 45 ad
374 966 161 45 spiritus
495 966 134 45 sancti
589 966 215 45 productionem
763 966 107 45 nisi
830 966 148 45 existat
938 966 80 45 in
978 966 134 45 gemina
1072 966 161 45 persona.
1193 966 67 45 &
1219 966 94 45 hoc
1273 966 107 45 quia
1340 966 201 45 foecunditas
1488 966 107 45 intel-

120 1011 124 56 lectus
206 1011 161 56 consistit
330 1011 74 56 in
367 1011 185 56 plenitudine
515 1011 161 56 perfectae
639 1011 173 56 sapientiae
775 1011 99 56 quae
836 1011 124 56 potest
923 1011 99 56 esse
985 1011 74 56 in
1022 1011 124 56 vnico.
1108 1011 136 56 dicente
1207 1011 124 56 Ricar.
1293 1011 99 56 iii.
1355 1011 74 56 de
1392 1011 185 56 triniitate.
1528 1011 62 56 ca.

114 1057 112 49 xvi.
184 1057 127 49 Nihil
269 1057 183 49 definitur
409 1057 197 49 contrarium
564 1057 169 49 naturae:
690 1057 84 49 si
732 1057 183 49 plenitudo
873 1057 197 49 sapientiae
1028 1057 155 49 dicatur
1140 1057 127 49 posse
1225 1057 197 49 subsistere
1379 1057 84 49 in
1407 1057 183 49 singularita

127 1103 81 52 te
168 1103 177 52 personae,
304 1103 95 52 nam
358 1103 149 52 quantum
467 1103 163 52 videtur,
589 1103 122 52 etiam
671 1103 81 52 si
711 1103 109 52 sola
779 1103 95 52 vna
834 1103 149 52 persona
942 1103 81 52 in
983 1103 149 52 deitate
1092 1103 136 52 esset,
1187 1103 204 52 nihilominus
1350 1103 217 52 plenitudinem
1513 1103 81 52 sapi

126 1146 131 46 entiae
218 1146 131 46 habere
309 1146 184 46 potuisset.
454 1146 197 46 Ececunditas
611 1146 118 46 autem
690 1146 184 46 voluntatis
834 1146 170 46 consistit
965 1146 79 46 in
1004 1146 197 46 plenitudine
1161 1146 157 46 perfecti
1279 1146 144 46 amoris:
1384 1146 105 46 quid
1450 1146 92 46 non
1489 1146 105 46 potest

118 1192 119 57 esse
192 1192 119 57 nisi
266 1192 89 57 in
311 1192 148 57 duobus
415 1192 89 57 ad
459 1192 148 57 minus.
563 1192 163 57 dicente
682 1192 119 57 Ric.
756 1192 163 57 ibidem,
874 1192 74 57 &
904 1192 104 57 iam
963 1192 163 57 habitum
1082 1192 104 57 est
1141 1192 148 57 supra.
1245 1192 193 57 Plenitudo
1393 1192 208 57 charitatis
1542 1192 59 57 si

115 1239 80 52 ue
155 1239 133 52 amoris
247 1239 93 52 non
300 1239 159 52 hauritur
420 1239 106 52 nisi
486 1239 80 52 de
526 1239 119 52 corde
605 1239 146 52 alieno.
711 1239 80 52 Vt
751 1239 106 52 enim
818 1239 119 52 dicit
897 1239 106 52 lib.
963 1239 119 52 eodem
1043 1239 93 52 ca.
1096 1239 93 52 ii.
1149 1239 146 52 quandiu
1255 1239 106 52 quis
1322 1239 133 52 nullum
1414 1239 119 52 alium
1494 1239 106 52 quam
1547 1239 53 52 se

128 1286 144 55 ipsum.
229 1286 173 55 diligit,
359 1286 116 55 ille
431 1286 116 55 quem
503 1286 116 55 erga
575 1286 87 55 se
619 1286 130 55 habet
705 1286 173 55 priuatus
835 1286 130 55 amor,
922 1286 217 55 conuincitur
1095 1286 116 55 quod
1168 1286 144 55 summum
1269 1286 202 55 charitatis
1428 1286 144 55 gradum
1529 1286 101 55 non

130 1339 247 48 apprehendit.
330 1339 108 48 Non
392 1339 123 48 ergo
469 1339 108 48 (vt
530 1339 139 48 dicit
623 1339 123 48 cap.
700 1339 123 48 iii.
777 1339 154 48 potest
885 1339 123 48 esse
962 1339 123 48 amor
1039 1339 185 48 iocundus
1178 1339 123 48 nisi
1255 1339 108 48 sit
1317 1339 170 48 mutuus.
1440 1339 139 48 Quare
1517 1339 77 48 cum

116 1375 91 53 in
161 1375 136 53 amore
252 1375 212 53 essentiali
419 1375 182 53 voluntas
555 1375 151 53 summae
661 1375 257 53 foecunditatis
873 1375 121 53 esse
948 1375 106 53 non
1009 1375 151 53 possit
1115 1375 121 53 nisi
1190 1375 136 53 summe
1281 1375 197 53 perfectus
1433 1375 76 53 &
1448 1375 151 53 iocundus

122 1420 92 59 sit
175 1420 119 59 amor:
254 1420 158 59 oporteti
372 1420 79 59 vt
412 1420 158 59 voluntas
531 1420 158 59 foecunda
649 1420 92 59 sit
702 1420 106 59 quod
768 1420 106 59 amor
834 1420 132 59 mutuus
926 1420 106 59 sit:
992 1420 79 59 vt
1032 1420 171 59 (secundum
1164 1420 106 59 quod
1230 1420 119 59 dicit
1309 1420 92 59 ca.
1362 1420 106 59 iii.
1428 1420 92 59 sit
1480 1420 106 59 quid
1533 1420 66 59 amo

123 1468 99 58 rem
179 1468 184 58 impendit:
321 1468 71 58 &
349 1468 99 58 qui
405 1468 141 58 amorem
504 1468 184 58 rependit.
645 1468 155 58 Quoniam
758 1468 99 58 (vt
815 1468 127 58 dicit
899 1468 99 58 ca.
956 1468 113 58 vii.
1026 1468 127 58 summe
1111 1468 184 58 diligenti
1252 1468 99 58 non
1309 1468 169 58 sufficit
1436 1468 85 58 si
1478 1468 127 58 summe
1549 1468 56 58 di

120 1511 135 55 lectus
214 1511 135 55 summam
308 1511 202 55 dilectionem
470 1511 94 55 non
524 1511 175 55 rependit.
658 1511 81 55 Et
699 1511 162 55 secundum
820 1511 94 55 hoc
874 1511 94 55 (vt
928 1511 94 55 iam
981 1511 135 55 dictum
1076 1511 94 55 est
1130 1511 135 55 supra)
1224 1511 81 55 ad
1264 1511 94 55 hoc
1318 1511 108 55 quod
1386 1511 162 55 communis
1493 1511 108 55 volun-

120 1560 102 60 tas
179 1560 146 60 patris
281 1560 73 60 &
310 1560 131 60 filii
398 1560 102 60 sit
456 1560 175 60 foecunda
588 1560 88 60 ad
631 1560 190 60 spirandum
777 1560 175 60 spiritum
909 1560 175 60 sanctum,
1040 1560 102 60 non
1099 1560 175 60 sufficit
1230 1560 117 60 quod
1303 1560 102 60 sit
1361 1560 102 60 vna
1420 1560 175 60 communis
1537 1560 58 60 am

122 1602 154 50 bobus,
229 1602 77 50 &
260 1602 123 50 amor
337 1602 230 50 essentialis
521 1602 92 50 in
567 1602 123 50 ipsa
644 1602 200 50 communis,
797 1602 108 50 qua
859 1602 123 50 ambo
936 1602 138 50 simul
1028 1602 154 50 volunt
1135 1602 77 50 &
1166 1602 154 50 amant:
1273 1602 108 50 sed
1335 1602 169 50 oportet
1458 1602 123 50 quod
1519 1602 77 50 sit

126 1651 197 53 voluntas
273 1651 180 53 concors
404 1651 82 53 &
437 1651 148 53 mutua
536 1651 180 53 duorum,
667 1651 115 53 qua
733 1651 131 53 vnus
815 1651 164 53 summum
929 1651 164 53 amorem
1044 1651 164 53 alteri
1159 1651 213 53 impendit,
1323 1651 82 53 &
1356 1651 131 53 ille
1422 1651 180 53 viceversa

125 1700 150 58 eundem
230 1700 194 58 rependit:
379 1700 105 58 quo
439 1700 194 58 existente
589 1700 180 58 soecunda
723 1700 120 58 est:
798 1700 90 58 vt
843 1700 90 58 ex
888 1700 120 58 ipsa
963 1700 165 58 necesse
1082 1700 105 58 est
1142 1700 165 58 emanare
1262 1700 150 58 amorem
1367 1700 105 58 qui
1426 1700 105 58 est
1471 1700 120 58 spiri-

121 1740 98 60 tus
177 1740 167 60 sanctus.
302 1740 153 60 dicente
414 1740 112 60 Ric.
484 1740 112 60 cap.
553 1740 98 60 xi.
609 1740 84 60 In
651 1740 125 60 mutuo
735 1740 125 60 amore
818 1740 181 60 multumque
958 1740 167 60 feruente
1083 1740 125 60 nihil
1167 1740 209 60 praeclarius
1334 1740 112 60 quam
1404 1740 84 60 vt
1446 1740 84 60 ab
1487 1740 84 60 eo
1515 1740 84 60 quem

124 1786 129 50 summe
210 1786 172 50 diligis,
339 1786 72 50 &
368 1786 72 50 a
396 1786 100 50 quo
454 1786 129 50 summe
540 1786 201 50 diligeris,
698 1786 129 50 alium
784 1786 129 50 aeque
870 1786 144 50 diligi
970 1786 144 50 velis.
1071 1786 86 50 In
1114 1786 129 50 illis
1200 1786 144 50 itaque
1301 1786 129 50 sicut
1387 1786 129 50 dicit
1473 1786 129 50 mutuo
1545 1786 57 50 di

118 1835 134 55 lectis
212 1835 175 55 vtriusque
346 1835 175 55 perfectio
481 1835 81 55 vt
521 1835 188 55 consummata
669 1835 94 55 sit
723 1835 175 55 exhibitae
857 1835 202 55 dilectionis
1019 1835 175 55 consortem
1153 1835 175 55 requirit:
1288 1835 67 55 &
1315 1835 94 55 hoc
1368 1835 94 55 per
1422 1835 94 55 vim
1463 1835 134 55 spirati-

120 1875 92 49 uam
173 1875 106 49 quae
239 1875 92 49 est
291 1875 106 49 ipsa
357 1875 145 49 concors
463 1875 158 49 voluntas
581 1875 79 49 in
621 1875 119 49 mutuo
700 1875 119 49 amore
779 1875 185 49 producendo
924 1875 158 49 spcantum
1043 1875 145 49 sanctum
1149 1875 92 49 non
1201 1875 119 49 solum
1280 1875 79 49 vt
1320 1875 106 49 sunt
1386 1875 106 49 vnum
1452 1875 79 49 in
1478 1875 119 49 volunta

124 1924 79 53 te
163 1924 105 53 illa
229 1924 105 53 siue
294 1924 131 53 amore:
386 1924 92 53 sed
438 1924 79 53 vt
478 1924 105 53 sunt
543 1924 131 53 plures
635 1924 118 53 inter
714 1924 79 53 se
753 1924 184 53 distincti.
897 1924 105 53 Quae
963 1924 184 53 distinctio
1107 1924 184 53 connotatur
1251 1924 92 53 per
1304 1924 92 53 hoc
1356 1924 105 53 quod
1422 1924 157 53 voluntas
1526 1924 79 53 dici

123 1971 101 57 tur
180 1971 115 57 esse
252 1971 159 57 concors
368 1971 72 57 &
397 1971 115 57 amor
469 1971 159 57 mutuus.
584 1971 115 57 Quia
656 1971 115 57 enim
728 1971 101 57 sit
786 1971 159 57 concors
901 1971 159 57 volutas
1017 1971 72 57 &
1046 1971 115 57 amor
1118 1971 159 57 mutuus,
1233 1971 101 57 non
1291 1971 144 57 potest
1392 1971 115 57 esse
1464 1971 115 57 nisi
1521 1971 87 57 sint

121 2014 136 61 plurium
219 2014 148 61 secundum
330 2014 99 61 quod
392 2014 123 61 plures
478 2014 111 61 sunt.
552 2014 197 61 iseparabilis
712 2014 99 61 enim
774 2014 185 61 praepositio
921 2014 99 61 con,
983 2014 209 61 associationem
1156 2014 160 61 importat:
1279 2014 99 61 quae
1340 2014 86 61 non
1390 2014 86 61 est
1439 2014 99 61 nisi
1488 2014 111 61 plurium

126 2065 233 51 distinctorum.
318 2065 178 51 Propterea
456 2065 110 51 bene
524 2065 151 51 dicitur
634 2065 82 51 in
675 2065 151 51 plurali
785 2065 110 51 quod
854 2065 124 51 pater
936 2065 69 51 &
964 2065 137 51 filius
1060 2065 96 51 vel
1115 2065 165 51 spiritus
1238 2065 151 51 sanctus
1348 2065 110 51 sunt
1417 2065 110 51 tres
1471 2065 124 51 coaeter

139 2105 98 51 ii:
195 2105 98 51 cum
251 2105 126 51 tamen
335 2105 112 51 ista
404 2105 154 51 negatur
516 2105 126 51 pater
600 2105 140 51 filius
698 2105 70 51 &
726 2105 168 51 spiritus
852 2105 154 51 sanctus
963 2105 112 51 sunt
1033 2105 112 51 tres
1103 2105 168 51 aeterni.
1229 2105 98 51 Per
1285 2105 98 51 hoc
1341 2105 126 51 etiam
1424 2105 112 51 quod
1494 2105 112 51 ista
1550 2105 56 51 vo

121 2148 156 63 luntas
230 2148 171 63 concors
355 2148 109 63 est
417 2148 78 63 &
448 2148 125 63 amor
526 2148 156 63 mutuus
635 2148 171 63 duorum:
760 2148 140 63 licet
853 2148 109 63 sit
916 2148 125 63 vnus
994 2148 78 63 &
1025 2148 140 63 idem:
1118 2148 109 63 non
1180 2148 140 63 tamen
1274 2148 109 63 est
1336 2148 140 63 eadem
1430 2148 140 63 ratio
1508 2148 93 63 eius

138 2192 91 55 vt
183 2192 106 55 est
244 2192 76 55 a
274 2192 137 55 patre
365 2192 91 55 in
411 2192 152 55 filium
517 2192 197 55 impensus,
669 2192 76 55 &
699 2192 197 55 econuerso
851 2192 76 55 a
882 2192 137 55 filio
973 2192 91 55 in
1018 2192 152 55 patrem
1124 2192 197 55 repensus.
1276 2192 167 55 Quoniam
1398 2192 91 55 vt
1443 2192 137 55 dicit
1519 2192 91 55 Nic.

137 2242 120 55 lib.
212 2242 120 55 iii.
288 2242 120 55 cap.
363 2242 120 55 xix.
438 2242 151 55 quando
544 2242 105 55 duo
604 2242 90 55 se
649 2242 136 55 mutuo
739 2242 196 55 diligunt,
890 2242 75 55 &
920 2242 136 55 summi
1011 2242 196 55 desiderii
1161 2242 181 55 affectus
1297 2242 166 55 inuicem
1417 2242 211 55 rependunt,
1568 2242 45 55 &

128 2287 140 50 istius
226 2287 84 50 in
268 2287 140 50 illum,
366 2287 140 50 illius
464 2287 112 50 vero
534 2287 84 50 in
576 2287 126 50 istum
660 2287 168 50 affectus
786 2287 196 50 discurrit:
941 2287 70 50 &
969 2287 126 50 quasi
1053 2287 84 50 in
1095 2287 154 50 diuersa
1207 2287 154 50 tendit:
1319 2287 70 50 &
1347 2287 98 50 per
1403 2287 98 50 hoc
1459 2287 112 50 quod
1529 2287 112 50 qua-

127 2330 89 57 si
172 2330 89 57 in
216 2330 164 57 diuersa
335 2330 164 57 tendit,
454 2330 208 57 quodammodo
618 2330 164 57 ratione
737 2330 179 57 diuersus
871 2330 119 57 est.
945 2330 104 57 Sed
1005 2330 119 57 ista
1079 2330 208 57 diuersitas
1243 2330 179 57 rationis
1377 2330 104 57 est
1436 2330 74 57 &
1451 2330 164 57 consistit

131 2376 91 60 in
176 2376 121 60 pure
252 2376 227 60 essentiali:
434 2376 106 60 qua
495 2376 106 60 non
555 2376 182 60 obstante
692 2376 91 60 in
737 2376 121 60 illa
813 2376 197 60 voluntate
965 2376 182 60 concordi
1101 2376 76 60 &
1132 2376 136 60 amore
1223 2376 136 60 mutuo
1314 2376 167 60 existit
1420 2376 197 60 foecunditas

135 2428 178 53 penitus
264 2428 113 53 vna
329 2428 81 53 &
362 2428 162 53 eadem:
475 2428 97 53 in
524 2428 113 53 qua
589 2428 146 53 pater
686 2428 81 53 &
718 2428 162 53 filius
832 2428 130 53 vnum
913 2428 130 53 sunt
994 2428 178 53 omnino:
1124 2428 81 53 &
1156 2428 243 53 vniformiter
1351 2428 178 53 penitus
1464 2428 146 53 spirant

130 2467 190 60 spiritum
273 2467 190 60 sanctum:
415 2467 111 60 qui
479 2467 79 60 a
510 2467 158 60 duobus
621 2467 238 60 concorditer
811 2467 222 60 diligitur,
985 2467 79 60 &
1017 2467 158 60 duorum
1128 2467 190 60 affectus
1270 2467 158 60 tertii
1381 2467 158 60 amoris
1476 2467 127 60 incen-

123 2509 105 62 dio
183 2509 90 62 in
228 2509 120 62 vnum
303 2509 210 62 conflatur:
469 2509 90 62 vt
514 2509 135 62 dicit
604 2509 150 62 ibidem
709 2509 150 62 Ricar.
814 2509 90 62 Et
859 2509 180 62 secundum
995 2509 105 62 hoc
1055 2509 90 62 in
1100 2509 210 62 spiratione
1265 2509 180 62 spiritus
1401 2509 150 62 sancti
1491 2509 120 62 dupli-

125 2557 136 57 citer
215 2557 241 57 consideranda
412 2557 106 57 est
472 2557 151 57 patris
578 2557 75 57 &
608 2557 136 57 filii
698 2557 226 57 distinctio.
880 2557 106 57 Vno
940 2557 136 57 modo:
1030 2557 91 57 vt
1076 2557 226 57 exprimuntur
1257 2557 136 57 sicut
1347 2557 211 57 elicientes
1498 2557 121 57 actum.

124 2602 125 60 Alio
203 2602 141 60 modo,
296 2602 94 60 vt
343 2602 266 60 intelliguntur
562 2602 125 60 esse
640 2602 203 60 concordes
797 2602 94 60 in
844 2602 203 60 voluntate
1000 2602 78 60 &
1031 2602 141 60 amore
1125 2602 141 60 mutuo
1219 2602 141 60 circa
1313 2602 188 60 rationem
1438 2602 172 60 eliciendi

135 2654 145 50 actum.
236 2654 87 50 Et
279 2654 87 50 ex
323 2654 232 50 distinctione
511 2654 116 50 eius
584 2654 130 50 primo
671 2654 116 50 modo
743 2654 232 50 consideratae
932 2654 72 50 &
961 2654 188 50 expressae
1106 2654 130 50 nullo
1193 2654 116 50 modo
1265 2654 159 50 dicendi
1381 2654 116 50 sunt
1454 2654 159 50 spirare
1555 2654 58 50 vt

136 2693 133 73 plures.
233 2693 109 73 Licet
306 2693 97 73 enim
366 2693 97 73 sint
427 2693 121 73 plures
511 2693 97 73 quid
572 2693 145 73 spirant:
681 2693 85 73 non
730 2693 109 73 tamen
802 2693 133 73 propter
899 2693 194 73 pluralitatem
1057 2693 97 73 quae
1117 2693 206 73 principaliter
1287 2693 85 73 est
1335 2693 73 73 in
1372 2693 109 73 illis
1444 2693 145 73 spirant:
1553 2693 85 73 sed
