2017 3195
399 244 140 63 solum
493 244 93 63 ex
540 244 249 63 distinctione
742 244 140 63 eorum
836 244 140 63 dicto
929 244 125 63 modo
1007 244 218 63 connotata.
1178 244 78 63 &
1210 244 109 63 sic
1272 244 140 63 pater
1365 244 78 63 &
1396 244 156 63 filius
1506 244 109 63 non
1568 244 171 63 spirant
1692 244 187 63 spiritum
1817 244 78 63 san

399 304 124 46 ctum
477 304 93 46 vt
524 304 124 46 sunt
601 304 155 46 plures
710 304 93 46 in
757 304 186 46 actionem
896 304 217 46 eliciendo,
1067 304 140 46 licet
1161 304 217 46 concurrant
1331 304 93 46 in
1378 304 124 46 vnam
1456 304 186 46 rationem
1595 304 109 46 qua
1658 304 186 46 eliciunt
1782 304 124 46 actum:

391 348 112 55 sed
455 348 96 55 vt
503 348 128 55 sunt
583 348 160 55 plures
695 348 96 55 in
743 348 112 55 vna
807 348 224 55 voluntate,
983 348 128 55 quae
1063 348 112 55 est
1127 348 144 55 ratio
1224 348 208 55 eliciendi
1384 348 144 55 actum
1480 348 240 55 concordando
1672 348 80 55 &
1704 348 160 55 amorem
1800 348 96 55 suum

408 395 86 46 in
451 395 114 46 illa
522 395 186 46 mutuando:
665 395 114 46 quod
736 395 100 46 iam
793 395 157 46 patebit
907 395 171 46 amplius.
1036 395 71 46 â‹
1064 395 100 46 Ad.
1121 395 100 46 ix.
1178 395 100 46 aut
1235 395 171 46 procedit
1364 395 86 46 ab
1407 395 100 46 eis
1464 395 86 46 vt
1507 395 86 46 ab
1549 395 100 46 vno
1607 395 200 46 principio:
1764 395 100 46 aut
1821 395 86 46 vt
1849 395 43 46 a

398 439 190 58 pluribus:
545 439 175 58 Dicendum
676 439 117 58 quod
749 439 88 58 in
793 439 161 58 talibus
910 439 146 58 maxime
1012 439 219 58 aspiciendum
1188 439 102 58 est
1246 439 88 58 ad
1290 439 234 58 significatum
1480 439 175 58 termini.
1612 439 102 58 Est
1670 439 117 58 ergo
1729 439 175 58 intelligen

405 485 106 59 dum
465 485 166 59 propter
586 485 242 59 significatum
782 485 136 59 huius
873 485 166 59 nominis
994 485 227 59 principium,
1175 485 121 59 quod
1251 485 91 59 in
1296 485 166 59 diuinis
1417 485 106 59 est
1477 485 166 59 aliquod
1598 485 136 59 nomen
1689 485 121 59 quod
1764 485 121 59 pure
1825 485 60 59 si

410 533 185 60 gnificat
549 533 201 60 essentiam
703 533 139 60 puram
796 533 77 60 &
827 533 108 60 per
888 533 139 60 modum
981 533 216 60 essentiae:
1151 533 77 60 &
1182 533 108 60 non
1244 533 185 60 supponit
1383 533 124 60 nisi
1460 533 108 60 pro
1522 533 201 60 essentia:
1676 533 93 60 vt
1723 533 108 60 hoc
1769 533 108 60 nomen

401 577 170 55 deitas.
524 577 108 55 Est
586 577 77 55 &
616 577 139 55 aliud
709 577 139 55 nomen
802 577 123 55 quod
879 577 216 55 significat
1048 577 200 55 essentiam
1202 577 108 55 non
1264 577 108 55 per
1326 577 139 55 modum
1418 577 216 55 essentiae:
1588 577 108 55 sed
1650 577 108 55 per
1711 577 139 55 modum
1788 577 93 55 sup-

397 628 157 57 positi:
511 628 71 57 &
539 628 171 57 supponit
667 628 100 57 pro
724 628 199 57 supposito:
881 628 85 57 vt
923 628 100 57 hoc
980 628 128 57 nomen
1066 628 128 57 deus.
1151 628 100 57 Est
1208 628 128 57 autem
1293 628 157 57 tertium
1407 628 128 57 nomen
1493 628 114 57 quod
1564 628 199 57 significat
1706 628 171 57 relationem

403 682 142 50 puram
498 682 79 50 &
529 682 110 50 per
592 682 142 50 modum
687 682 236 50 relationis:
876 682 79 50 &
908 682 189 50 supponit
1050 682 142 50 solum
1144 682 110 50 pro
1207 682 221 50 relatione:
1381 682 95 50 vt
1428 682 110 50 hoc
1491 682 142 50 nomen
1586 682 236 50 paternitas.
1759 682 142 50 Quartum

404 713 102 49 est
463 713 132 49 nomen
551 713 117 49 quod
624 713 205 49 significat
785 713 132 49 medio
873 713 132 49 modo,
960 713 176 49 scilicet
1092 713 190 49 essentiam
1238 713 263 49 principaliter:
1458 713 102 49 sed
1517 713 102 49 sub
1575 713 161 49 ratione
1692 713 73 49 &
1721 713 117 49 modo
1780 713 117 49 respe-

394 762 107 59 ctus
461 762 107 59 siue
527 762 201 59 relationis:
688 762 80 59 vt
728 762 94 59 hoc
782 762 120 59 nomen
862 762 174 59 potentia,
996 762 67 59 &
1023 762 94 59 hoc
1076 762 120 59 nomen
1156 762 201 59 principium.
1317 762 94 59 sed
1370 762 214 59 differenter.
1544 762 147 59 Quoniam
1652 762 161 59 potentia
1759 762 120 59 signifi

405 804 99 47 cat
462 804 213 47 substantiam
632 804 99 47 sub
689 804 156 47 ratione
803 804 185 47 respectus
945 804 85 47 ad
988 804 128 47 actum
1073 804 256 47 principaliter:
1286 804 99 47 hoc
1343 804 128 47 nomen
1428 804 114 47 vero
1499 804 199 47 principium
1656 804 99 47 sub
1712 804 156 47 ratione
1812 804 71 47 re-

389 853 163 57 spectus
508 853 89 57 ad
552 853 193 57 productum
701 853 267 57 principaliter.
923 853 89 57 Et
968 853 148 57 iterum
1072 853 178 57 potentia
1205 853 208 57 significat
1368 853 223 57 substantiam
1547 853 104 57 sub
1606 853 163 57 ratione
1710 853 163 57 respectus

391 898 81 46 &
423 898 113 46 per
488 898 146 46 modum
585 898 211 46 respectus
747 898 178 46 quantum
877 898 113 46 est
942 898 97 46 de
990 898 178 46 ratione
1120 898 178 46 formali
1249 898 81 46 a
1282 898 113 46 qua
1346 898 146 46 nomen
1444 898 211 46 imponitur
1606 898 97 46 ad
1638 898 243 46 significandum

393 942 160 60 Propter
509 942 116 60 quod
581 942 261 60 determinauimus
799 942 131 60 supra
886 942 160 60 habendo
1002 942 189 60 respectum
1147 942 87 60 ad
1190 942 116 60 hoc,
1263 942 116 60 quod
1335 942 174 60 potentia
1466 942 102 60 non
1524 942 102 60 est
1582 942 116 60 quid
1654 942 102 60 sed
1712 942 87 60 ad
1756 942 160 60 aliquid

397 990 103 46 non
456 990 118 46 quod
530 990 206 46 significet
692 990 132 46 puram
780 990 221 46 relationem:
957 990 88 46 vt
1001 990 103 46 hoc
1060 990 132 46 nomen
1148 990 221 46 paternitas:
1325 990 103 46 sed
1384 990 118 46 quia
1457 990 132 46 licet
1545 990 206 46 significat
1693 990 191 46 substantiam

394 1036 78 52 &
426 1036 187 52 supponit
566 1036 109 52 pro
628 1036 234 52 substantia:
816 1036 218 52 significat
987 1036 140 52 tamen
1081 1036 140 52 ipsam
1175 1036 109 52 sub
1237 1036 172 52 ratione
1362 1036 78 52 &
1393 1036 125 52 modo
1471 1036 218 52 respectus.
1643 1036 218 52 Principium
1799 1036 78 52 ve-

391 1084 89 56 ro
436 1084 208 56 significat
599 1084 223 56 substantiam
777 1084 193 56 similiter
925 1084 74 56 &
955 1084 104 56 sub
1014 1084 163 56 ratione
1133 1084 208 56 respectus:
1296 1084 104 56 sed
1356 1084 104 56 per
1415 1084 134 56 modum
1504 1084 208 56 suppositi:
1667 1084 119 56 vnde
1741 1084 74 56 &
1756 1084 119 56 suprpo

394 1126 111 44 nit
458 1126 111 44 pro
521 1126 222 44 supposito.
696 1126 127 44 Vnde
775 1126 111 44 tam
839 1126 111 44 hoc
902 1126 143 44 nomen
997 1126 190 44 potentia
1140 1126 127 44 quam
1219 1126 111 44 hoc
1283 1126 143 44 nomen
1378 1126 222 44 principium
1553 1126 238 44 significant
1727 1126 159 44 substan-

394 1170 124 51 tiam
472 1170 279 51 principaliter:
705 1170 109 51 sed
767 1170 109 51 sub
829 1170 171 51 ratione
953 1170 217 51 respectus:
1124 1170 78 51 &
1155 1170 109 51 hoc
1217 1170 109 51 sub
1279 1170 264 51 indifferentia
1496 1170 155 51 quadam
1605 1170 78 51 &
1620 1170 264 51 indeterminatio-

386 1218 113 53 ne:
450 1218 242 53 quemadmodum
644 1218 113 53 hoc
709 1218 145 53 nomen
806 1218 178 53 persona
935 1218 226 53 significat
1112 1218 226 53 suppositum
1290 1218 242 53 simpliciter
1483 1218 113 53 sub
1548 1218 274 53 indifferentia
1774 1218 81 53 &
1806 1218 113 53 in-

396 1257 292 55 determinatione
639 1257 179 55 quadam.
769 1257 81 55 &
802 1257 260 55 determinatur
1013 1257 130 55 ista
1094 1257 260 55 determinatio
1305 1257 114 55 per
1370 1257 227 55 adiunctum:
1549 1257 81 55 &
1581 1257 114 55 cum
1646 1257 130 55 hoc,
1728 1257 114 55 hoc
1776 1257 114 55 nomen

397 1310 205 46 principium
559 1310 176 46 supponit
690 1310 103 46 pro
749 1310 190 46 supposito
895 1310 103 46 sub
954 1310 249 46 indifferentia
1159 1310 73 46 &
1188 1310 293 46 indeterminatione
1438 1310 161 46 quadam:
1555 1310 132 46 sicut
1643 1310 103 46 hoc
1701 1310 132 46 nomen
1774 1310 103 46 deus.

413 1352 95 58 uia
468 1352 136 58 igitur
563 1352 108 58 hoec
630 1352 122 58 nomen
712 1352 190 58 principium
861 1352 230 58 principaliter
1051 1352 190 58 significat
1200 1352 190 58 essentiam:
1349 1352 122 58 licet
1430 1352 95 58 sub
1484 1352 108 58 modo
1552 1352 203 58 relationis:
1715 1352 68 58 &
1742 1352 95 58 per
1796 1352 95 58 hoc
1837 1352 54 58 di

397 1399 88 60 cit
447 1399 75 60 de
484 1399 88 60 suo
534 1399 188 60 significato
684 1399 125 60 potius
772 1399 150 60 rationem
884 1399 175 60 elicitiuam
1022 1399 100 60 quam
1084 1399 175 60 suppositum
1222 1399 75 60 in
1259 1399 88 60 quo
1309 1399 100 60 est,
1372 1399 100 60 quod
1434 1399 88 60 per
1484 1399 113 60 ipsam
1559 1399 113 60 actum
1634 1399 138 60 elicit:
1734 1399 138 60 quamuis
1822 1399 63 60 eti

401 1440 91 55 am
446 1440 106 55 pro
507 1440 121 55 ipso
583 1440 197 55 supponit:
735 1440 121 55 ipsa
811 1440 137 55 autem
902 1440 182 55 essentia
1038 1440 106 55 vna
1099 1440 106 55 est
1160 1440 91 55 in
1205 1440 182 55 diuinis,
1342 1440 76 55 &
1372 1440 137 55 prima
1463 1440 137 55 ratio
1554 1440 197 55 elicitiua
1706 1440 152 55 omnium
1797 1440 91 55 diui

396 1489 145 61 norum
493 1489 178 61 actuum:
622 1489 97 61 vt
670 1489 178 61 habitum
799 1489 113 61 est
864 1489 161 61 supra:
977 1489 81 61 &
1009 1489 145 61 ratio
1106 1489 210 61 principii
1268 1489 161 61 maxime
1381 1489 145 61 primo
1477 1489 258 61 attribuitur:
1687 1489 129 61 quia
1752 1489 129 61 quanto

385 1547 177 49 aliquid
514 1547 145 49 habet
610 1547 145 49 magis
707 1547 193 49 rationem
851 1547 161 49 primi:
964 1547 145 49 tanto
1061 1547 145 49 habet
1157 1547 145 49 magis
1254 1547 193 49 rationem
1398 1547 225 49 principii:
1575 1547 161 49 primum
1688 1547 129 49 enim
1768 1547 80 49 &
1784 1547 97 49 prin

392 1577 149 64 cipium
496 1577 134 64 idem,
585 1577 178 64 secundum
719 1577 238 64 philosophum.
913 1577 89 64 i.
957 1577 238 64 Posteriorum:
1150 1577 164 64 Idcirco
1269 1577 119 64 dico
1344 1577 119 64 quod
1418 1577 89 64 in
1463 1577 164 64 diuinis
1582 1577 104 64 non
1641 1577 104 64 est
1701 1577 119 64 nisi
1775 1577 104 64 vna
1820 1577 59 64 ra

396 1632 103 58 tio
455 1632 192 58 principii
603 1632 236 58 propriissime
794 1632 177 58 accepti:
927 1632 74 58 &
956 1632 103 58 non
1015 1632 162 58 dicitur
1133 1632 118 58 nisi
1207 1632 251 58 singulariter:
1413 1632 74 58 &
1443 1632 103 58 hoc
1502 1632 118 58 siue
1575 1632 192 58 verificat
1708 1632 177 58 locutionem

398 1668 242 51 significando
595 1668 197 51 essentiam
746 1668 106 51 sub
807 1668 167 51 ratione
928 1668 136 51 vnius
1019 1668 197 51 respectus
1171 1668 121 51 siue
1247 1668 182 51 plurium:
1383 1668 76 51 &
1413 1668 121 51 siue
1489 1668 182 51 supponat
1625 1668 106 51 pro
1686 1668 106 51 vno
1731 1668 152 51 supposi-

388 1720 91 52 to
433 1720 227 52 verificando
614 1720 211 52 locutionem
781 1720 121 52 siue
856 1720 106 52 pro
917 1720 181 52 pluribus
1052 1720 151 52 simul,
1158 1720 151 52 duobus
1264 1720 106 52 aut
1324 1720 166 52 tribus:
1445 1720 136 52 licet
1536 1720 166 52 accepto
1657 1720 196 52 principio
1792 1720 76 52 non

397 1760 102 65 sic
456 1760 175 65 proprie,
587 1760 175 65 scilicet
718 1760 102 65 pro
777 1760 219 65 simpliciter
951 1760 131 65 primo
1039 1760 73 65 &
1068 1760 160 65 remoto,
1185 1760 102 65 sed
1243 1760 102 65 pro
1301 1760 160 65 proximo
1418 1760 73 65 &
1447 1760 190 65 immediato
1593 1760 131 65 actui
1680 1760 160 65 proprio
1783 1760 87 65 prin

394 1807 116 61 cipia
472 1807 155 61 dicuntur
588 1807 103 61 esse
652 1807 129 61 plura:
743 1807 116 61 sicut
820 1807 65 61 &
846 1807 129 61 plures
936 1807 155 61 dicuntur
1053 1807 103 61 esse
1117 1807 181 61 potentiae.
1259 1807 181 61 Econtrario
1401 1807 103 61 enim
1466 1807 168 61 contingit
1595 1807 77 61 in
1634 1807 142 61 ratione
1724 1807 155 61 principii,

385 1854 73 52 &
415 1854 161 52 ratione
532 1854 205 52 potentiae:
693 1854 117 52 quia
767 1854 132 52 tanto
855 1854 220 52 vnumquodque
1031 1854 132 52 magis
1119 1854 132 52 habet
1207 1854 176 52 rationem
1339 1854 205 52 principii,
1500 1854 147 52 quanto
1603 1854 132 52 magis
1691 1854 132 52 habet
1764 1854 103 52 ratio

391 1901 109 47 nem
454 1901 140 47 primi
547 1901 78 47 &
578 1901 155 47 remoti
687 1901 78 47 a
718 1901 249 47 principiato,
920 1901 93 47 vt
967 1901 109 47 iam
1029 1901 155 47 dictum
1138 1901 124 47 est.
1215 1901 140 47 Tanto
1308 1901 124 47 vero
1386 1901 233 47 vnumquodque
1573 1901 140 47 magis
1666 1901 140 47 habet
1744 1901 124 47 ratio-

387 1942 107 51 nem
448 1942 214 51 potentiae,
616 1942 153 51 quanto
723 1942 138 51 magis
815 1942 138 51 habet
907 1942 184 51 rationem
1044 1942 168 51 proximi
1167 1942 76 51 &
1197 1942 199 51 immediati
1350 1942 122 51 ipsi
1427 1942 245 51 principiato.
1625 1942 168 51 Propter
1748 1942 122 51 quid
1809 1942 61 51 se

383 1993 155 48 cundum
491 1993 247 48 philosophum.
692 1993 108 48 ix.
753 1993 185 48 Metaphy.
892 1993 155 48 acetum
1001 1993 108 48 non
1062 1993 108 48 est
1124 1993 170 48 proprie
1248 1993 93 48 in
1294 1993 185 48 potentia
1433 1993 155 48 vinum:
1541 1993 108 48 sed
1603 1993 124 48 aqua
1681 1993 185 48 existens
1804 1993 62 48 in

383 2032 177 65 stipite.
516 2032 118 65 Vnde
589 2032 132 65 pater
678 2032 162 65 dicitur
795 2032 118 65 esse
869 2032 118 65 vnum
943 2032 206 65 principium
1105 2032 147 65 filii,
1208 2032 177 65 spiritus
1340 2032 162 65 sancti,
1458 2032 74 65 &
1487 2032 236 65 creaturarum:
1679 2032 118 65 quia
1752 2032 103 65 vna
1796 2032 74 65 est

381 2089 130 55 diuina
472 2089 169 55 essentia,
602 2089 104 55 quae
668 2089 78 55 in
707 2089 104 55 ipso
772 2089 91 55 est
824 2089 117 55 vnica
902 2089 117 55 ratio
980 2089 208 55 principiandi
1150 2089 104 55 illa
1215 2089 130 55 omnia:
1306 2089 117 55 licet
1384 2089 91 55 sub
1436 2089 143 55 ratione
1540 2089 156 55 alterius
1658 2089 169 55 respectus
1788 2089 91 55 est
1827 2089 52 55 ra

387 2126 99 54 tio
444 2126 227 54 principiandi
628 2126 156 54 filium:
741 2126 71 54 &
770 2126 99 54 sub
826 2126 156 54 ratione
940 2126 113 54 alia
1011 2126 170 54 spiritum
1138 2126 170 54 sanctum:
1266 2126 71 54 &
1294 2126 99 54 sub
1351 2126 142 54 tertia
1450 2126 227 54 creaturarum.
1634 2126 184 54 Similiter
1762 2126 99 54 pater

385 2172 72 62 &
413 2172 143 62 filius
514 2172 115 62 sunt
585 2172 115 62 vnum
657 2172 201 62 principium
814 2172 172 62 spiritus
943 2172 143 62 sancti
1044 2172 72 62 &
1072 2172 229 62 creaturarum,
1258 2172 129 62 licet
1344 2172 100 62 sub
1402 2172 115 62 alia
1473 2172 158 62 ratione
1588 2172 172 62 spiritus
1717 2172 158 62 sancti,
1817 2172 43 62 &

381 2216 101 55 sub
438 2216 116 55 alia
511 2216 231 55 creaturarum,
698 2216 72 55 &
727 2216 130 55 licet
814 2216 116 55 sint
886 2216 159 55 diuersa
1002 2216 202 55 supposita:
1161 2216 72 55 &
1190 2216 101 55 hoc
1248 2216 116 55 quia
1320 2216 87 55 in
1363 2216 130 55 ipsis
1450 2216 130 55 vnica
1537 2216 173 55 essentia
1667 2216 101 55 est
1724 2216 130 55 ratio
1797 2216 72 55 pri

384 2270 90 51 ma
429 2270 164 51 illorum
548 2270 209 51 elicitiua:
713 2270 105 51 nec
773 2270 179 51 referret
907 2270 90 51 in
952 2270 149 51 aliquo
1057 2270 120 51 quin
1132 2270 209 51 dicerentur
1296 2270 120 51 esse
1371 2270 120 51 vnum
1445 2270 209 51 principium
1610 2270 179 51 spiritus
1729 2270 135 51 sancti,

380 2314 134 59 etiam
470 2314 90 59 si
514 2314 105 59 sub
574 2314 179 59 pluribus
709 2314 209 59 rationibus
873 2314 224 59 respectiuis
1052 2314 90 59 in
1097 2314 134 59 patre
1186 2314 75 59 &
1216 2314 134 59 filio
1306 2314 134 59 esset
1395 2314 239 59 principiandi
1589 2314 75 59 &
1619 2314 209 59 originandi
1768 2314 105 59 ratio

388 2350 147 57 spantum
494 2350 160 57 sanctum:
614 2350 200 57 quemadmodum
774 2350 93 57 non
828 2350 133 57 refert
921 2350 80 57 in
961 2350 120 57 patre
1041 2350 107 57 quin
1108 2350 147 57 dicatur
1215 2350 107 57 vnum
1281 2350 187 57 principium
1428 2350 120 57 filii
1508 2350 67 57 &
1535 2350 160 57 spiritus
1655 2350 147 57 sancti:
1748 2350 120 57 quamuis

385 2402 168 62 essentia
511 2402 84 62 in
553 2402 112 62 ipso
624 2402 168 62 secundum
750 2402 168 62 diuersas
876 2402 197 62 relationes
1031 2402 98 62 sit
1087 2402 126 62 ratio
1171 2402 197 62 originandi
1326 2402 140 62 ipsos.
1424 2402 84 62 Et
1466 2402 98 62 sic
1522 2402 168 62 praecisa
1648 2402 126 62 ratio
1733 2402 98 62 qua
1775 2402 98 62 pater

382 2446 69 56 &
410 2446 137 56 filius
506 2446 165 56 dicuntur
630 2446 192 56 principium
781 2446 110 56 vnum
850 2446 165 56 spiritus
973 2446 151 56 sancti,
1083 2446 96 56 est
1138 2446 110 56 ipsa
1207 2446 165 56 essentia
1331 2446 96 56 sub
1386 2446 151 56 ratione
1496 2446 179 56 respectus
1633 2446 69 56 &
1661 2446 192 56 relationis
1798 2446 69 56 sim

382 2493 178 52 pliciter,
519 2493 109 52 quem
587 2493 137 52 habent
683 2493 82 52 ad
724 2493 150 52 spcntum
833 2493 150 52 sanctum
943 2493 82 52 in
984 2493 191 52 producendo
1134 2493 137 52 ipsum.
1230 2493 96 52 Non
1284 2493 109 52 dico
1353 2493 96 52 sub
1407 2493 150 52 ratione
1517 2493 191 52 relationis
1667 2493 123 52 vnius
1749 2493 109 52 quae
1804 2493 68 52 est

377 2542 156 57 communis
494 2542 117 57 notio
572 2542 182 57 vtriusque:
714 2542 91 57 hoc
766 2542 104 57 enim
831 2542 143 57 incidit
935 2542 104 57 quod
999 2542 91 57 sit
1051 2542 104 57 vna:
1116 2542 104 57 quia
1181 2542 91 57 (vt
1233 2542 130 57 dictum
1323 2542 104 57 est)
1388 2542 78 57 si
1427 2542 91 57 non
1479 2542 117 57 esset
1557 2542 91 57 vna
1609 2542 91 57 sed
1661 2542 130 57 plures
1738 2542 130 57 nihilomi

377 2587 96 57 nus
432 2587 151 57 propter
542 2587 178 57 essentiam
679 2587 110 57 vnam
748 2587 110 57 quae
816 2587 124 57 habet
899 2587 165 57 rationem
1022 2587 178 57 principii
1159 2587 137 57 primi,
1256 2587 192 57 dicerentur
1406 2587 110 57 vnum
1475 2587 192 57 principium
1626 2587 124 57 eius.
1708 2587 69 57 â‹
1736 2587 82 57 Ex
1777 2587 96 57 quo
1818 2587 55 57 pa

372 2629 94 47 tent
431 2629 153 47 quaetuor.
549 2629 118 47 Primum
631 2629 94 47 quod
690 2629 118 47 vnitas
772 2629 153 47 principii
889 2629 82 47 per
936 2629 71 47 se
972 2629 129 47 sumitur
1066 2629 59 47 &
1089 2629 141 47 praecise
1195 2629 71 47 ex
1230 2629 129 47 vnitate
1324 2629 94 47 eius
1383 2629 94 47 quod
1442 2629 82 47 est
1489 2629 106 47 prima
1559 2629 106 47 ratio
1630 2629 200 47 principiandi:
1783 2629 82 47 licet

372 2674 88 50 non
423 2674 101 50 nisi
486 2674 76 50 vt
524 2674 202 50 consideratur
687 2674 88 50 sub
738 2674 139 50 ratione
839 2674 164 50 respectus
965 2674 63 50 &
990 2674 176 50 relationis
1129 2674 76 50 ad
1166 2674 76 50 id
1204 2674 113 50 cuius
1280 2674 88 50 est
1330 2674 113 50 ratio
1406 2674 189 50 originandi.
1557 2674 139 50 Propter
1658 2674 101 50 quod
1721 2674 113 50 licet
1784 2674 88 50 eadem

366 2722 157 74 essentia
483 2722 91 74 sit
536 2722 78 74 in
575 2722 209 74 principiato:
745 2722 91 74 non
797 2722 118 74 tamen
875 2722 118 74 eadem
954 2722 118 74 ratio
1032 2722 183 74 principii:
1176 2722 104 74 quia
1241 2722 91 74 non
1293 2722 91 74 est
1346 2722 78 74 in
1385 2722 104 74 illo
1450 2722 91 74 sub
1502 2722 144 74 ratione
1607 2722 144 74 eiusdem
1711 2722 118 74 respe
1777 2722 91 74 ctus.
