2017 3299
397 241 123 89 modo
473 241 123 89 amor
550 241 184 89 procedit
689 241 92 89 de
735 241 200 89 voluntate
888 241 200 89 personali
1042 241 184 89 mediante
1180 241 230 89 essentiali:
1365 241 138 89 sicut
1457 241 77 89 &
1487 241 169 89 notitia
1610 241 154 89 genita
1718 241 92 89 de
1749 241 184 89 intellectu

407 313 180 74 mediante
542 313 165 74 notitia
646 313 195 74 essentiali.

703 343 90 84 rca
755 343 155 84 septimum
871 343 168 84 arguitur,
1000 343 103 84 quod
1065 343 142 84 persona
1168 343 103 84 quae
1233 343 142 84 coniter
1336 343 129 84 emanat
1426 343 77 84 ab
1465 343 103 84 illa
1530 343 103 84 quae
1594 343 90 84 non
1646 343 90 84 est
1698 343 77 84 ab
1736 343 116 84 alia,
1814 343 65 84 &
1827 343 103 84 abilla

701 412 100 55 quae
763 412 87 55 est
813 412 75 55 ab
850 412 112 55 alia,
925 412 75 55 vt
963 412 150 55 spiritus
1075 412 137 55 sanctus
1175 412 62 55 a
1200 412 112 55 patre
1275 412 62 55 &
1300 412 125 55 filio,
1387 412 87 55 non
1437 412 125 55 emanat
1524 412 75 55 ab
1562 412 112 55 illis
1636 412 112 55 aeque
1711 412 125 55 primo:
1799 412 100 55 quia
1861 412 100 55 quid

688 459 186 59 conuenit
828 459 202 59 principio
983 459 78 59 &
1014 459 248 59 principiato,
1216 459 155 59 ordine
1324 459 202 59 naturalis
1479 459 186 59 originis
1619 459 186 59 conuenit
1758 459 124 59 eis,
1836 459 93 59 vt
1867 459 62 59 pa

695 505 104 62 tet
755 505 89 62 ex
799 505 164 62 habitis
918 505 149 62 supra.
1022 505 164 62 spirare
1141 505 179 62 spiritum
1275 505 164 62 sanctum
1394 505 179 62 convenit
1528 505 134 62 patri
1618 505 74 62 &
1647 505 134 62 filio
1737 505 89 62 vt
1766 505 164 62 principio

700 553 71 55 &
728 553 228 55 principiato:
913 553 114 55 quia
984 553 128 55 patri
1070 553 85 55 ex
1113 553 100 55 se,
1170 553 128 55 filio
1255 553 128 55 autem
1340 553 71 55 a
1369 553 142 55 patre,
1468 553 85 55 vt
1511 553 185 55 similiter
1654 553 157 55 habitum
1767 553 100 55 est
1810 553 114 55 supra.

695 602 117 53 ergo
769 602 103 53 &c.
827 602 73 53 ⁋
857 602 117 53 Quia
930 602 103 53 non
988 602 132 53 aeque
1076 602 264 53 principaliter,
1296 602 117 53 quia
1369 602 132 53 dicit
1457 602 220 53 Augustinus,
1633 602 103 53 xv.
1692 602 88 53 de
1736 602 176 53 trinita.
1853 602 73 53 ca.

677 627 124 74 xvii.
760 627 83 74 &.
802 627 124 74 xxvi.
885 627 111 74 quod
954 627 166 74 spiritus
1078 627 152 74 sanctus
1189 627 235 74 principaliter
1383 627 166 74 procedit
1507 627 83 74 de
1549 627 138 74 patre.
1645 627 111 74 ltem
1715 627 194 74 Hieronymus
1853 627 69 74 di-

406 687 92 62 cit
459 687 105 62 quod
524 687 158 62 spiritus
643 687 145 62 sanctus
749 687 158 62 procedit
867 687 145 62 proprie
973 687 66 62 a
999 687 132 62 patre,
1091 687 79 62 vt
1131 687 158 62 ostendit
1250 687 171 62 Magister.
1381 687 79 62 i.
1421 687 211 62 Sententiarum
1592 687 224 62 distinctione.
1777 687 105 62 xii.
1843 687 79 62 in
1869 687 66 62 ca.

402 736 80 63 Ex
442 736 133 63 eodem,
535 736 160 63 triplici
655 736 213 63 auctoritate.
828 736 93 63 sed
881 736 93 63 non
935 736 147 63 dicitur
1041 736 147 63 proprie
1148 736 173 63 procedere
1281 736 67 63 a
1308 736 93 63 pre
1361 736 107 63 nisi
1428 736 80 63 ad
1468 736 213 63 differentiam
1641 736 147 63 aliquam
1748 736 107 63 quod
1814 736 93 63 non
1854 736 67 63 pro

407 788 137 53 cedit
498 788 107 53 ita
559 788 168 53 proprie
681 788 76 53 a
711 788 152 53 filio.
818 788 107 53 cum
879 788 137 53 autem
970 788 183 53 procedit
1107 788 168 53 aliquid
1229 788 76 53 a
1260 788 168 53 duobus,
1382 788 91 53 ab
1427 788 107 53 vno
1488 788 183 53 proprie,
1625 788 91 53 ab
1671 788 122 53 alio
1747 788 107 53 non
1793 788 137 53 proprie

402 834 241 55 principaliter
600 834 170 55 procedit
728 834 85 55 ab
770 834 113 55 illo
841 834 71 55 a
870 834 99 55 quo
926 834 170 55 procedit
1054 834 170 55 proprie.
1182 834 113 55 ergo
1253 834 99 55 &c.
1309 834 71 55 ⁋
1338 834 113 55 Quia
1409 834 99 55 non
1465 834 128 55 aeque
1550 834 199 55 immediate,
1706 834 184 55 arguitur:
1834 834 85 55 quia

399 883 170 64 procedit
526 883 71 64 a
555 883 128 64 patre
640 883 99 64 per
697 883 156 64 filium,
810 883 85 64 vt
853 883 170 64 ostendit
980 883 170 64 Magister
1108 883 227 64 distinctione
1292 883 142 64 dicta,
1391 883 99 64 ca.
1448 883 142 64 Eorte.
1547 883 170 64 pluribus
1675 883 255 64 auctoritatibus
1873 883 57 64 Hi

401 930 104 55 la.
461 930 134 55 Nihil
550 930 134 55 autem
640 930 134 55 aeque
729 930 194 55 immediate
879 930 179 55 procedit
1013 930 75 55 a
1043 930 149 55 duobus
1147 930 149 55 quando
1252 930 90 55 ab
1296 930 104 55 vno
1356 930 179 55 procedit
1490 930 104 55 per
1550 930 179 55 alterum.
1684 930 119 55 ergo
1759 930 104 55 &c.
1819 930 75 55 ⁋
1833 930 90 55 Quia

407 974 90 51 non
458 974 115 51 aeque
535 974 90 51 per
586 974 90 51 se,
638 974 102 51 quia
701 974 102 51 quod
765 974 90 51 per
817 974 77 51 se
855 974 154 51 convenit
970 974 141 51 alicui,
1073 974 154 51 convenit
1188 974 77 51 ei
1226 974 90 51 non
1277 974 77 51 ab
1316 974 115 51 alio.
1392 974 90 51 sed
1444 974 115 51 filio
1520 974 154 51 convenit
1636 974 141 51 spirare
1738 974 77 51 ab
1776 974 102 51 alio
1827 974 90 51 sicut

394 1021 74 50 &
424 1021 133 50 esse,
512 1021 89 50 vt
557 1021 74 50 a
586 1021 148 50 patre.
690 1021 133 50 patri
778 1021 133 50 autem
867 1021 74 50 a
896 1021 103 50 se.
955 1021 118 50 ergo
1029 1021 103 50 &c.
1088 1021 74 50 ⁋
1118 1021 118 50 Quia
1192 1021 103 50 non
1251 1021 133 50 eodem
1339 1021 133 50 modo,
1428 1021 177 50 arguitur
1561 1021 133 50 primo
1649 1021 118 50 sic.
1723 1021 118 50 quia
1782 1021 148 50 procedit

396 1069 74 62 a
426 1069 133 62 patre
515 1069 133 62 amore
603 1069 207 62 procedente
766 1069 89 62 in
810 1069 163 62 filium,
929 1069 74 62 a
958 1069 133 62 filio
1047 1069 133 62 autem
1136 1069 192 62 econuerso
1284 1069 133 62 amore
1373 1069 207 62 procedente
1535 1069 74 62 a
1565 1069 89 62 se
1609 1069 89 62 in
1654 1069 163 62 patrem,
1772 1069 89 62 vt
1802 1069 118 62 dictum

391 1117 109 51 est
454 1117 156 51 supra.
563 1117 125 51 Amor
641 1117 140 51 autem
735 1117 109 51 est
797 1117 140 51 ratio
891 1117 219 51 producendi
1063 1117 187 51 spiritum
1203 1117 172 51 sanctum
1328 1117 94 51 ab
1375 1117 187 51 vtroque:
1515 1117 109 51 non
1578 1117 140 51 autem
1671 1117 125 51 idem
1749 1117 140 51 modus
1827 1117 94 51 iste

401 1160 74 57 &
431 1160 134 57 ille.
520 1160 119 57 ergo
595 1160 104 57 non
654 1160 104 57 est
714 1160 119 57 idem
788 1160 134 57 modus
878 1160 164 57 ratione
997 1160 208 57 procedendi
1161 1160 179 57 spiritum
1295 1160 164 57 sanctum
1414 1160 89 57 ab
1458 1160 179 57 vtroque.
1592 1160 104 57 sed
1652 1160 104 57 vbi
1712 1160 104 57 non
1771 1160 104 57 est
1816 1160 104 57 ratio

397 1205 167 70 penitus
518 1205 167 70 eiusdem
640 1205 137 70 modi,
731 1205 106 70 nec
792 1205 121 70 idem
867 1205 137 70 modus
958 1205 228 70 procedendi.
1141 1205 121 70 ergo
1217 1205 106 70 &c.
1277 1205 76 70 ⁋
1308 1205 167 70 Secundo
1429 1205 121 70 sic.
1505 1205 137 70 causa
1596 1205 182 70 primaria
1733 1205 76 70 &
1748 1205 182 70 secundaria

399 1256 114 65 non
464 1256 211 65 producunt
626 1256 146 65 eodem
723 1256 130 65 modo
805 1256 195 65 effectum
951 1256 146 65 vnum,
1048 1256 195 65 secundum
1194 1256 162 65 primam
1308 1256 276 65 propositionem
1535 1256 97 65 de
1584 1256 179 65 causis.
1714 1256 146 65 pater
1811 1256 97 65 in
1844 1256 81 65 pro

396 1298 173 60 ductione
526 1298 173 60 spiritus
655 1298 144 60 sancti
757 1298 101 60 est
814 1298 130 60 causa
901 1298 188 60 primaria:
1045 1298 144 60 filius
1146 1298 130 60 quasi
1233 1298 217 60 secundaria:
1406 1298 116 60 quia
1478 1298 144 60 filius
1579 1298 130 60 habet
1666 1298 72 60 a
1695 1298 130 60 patre
1782 1298 116 60 quod
1839 1298 87 60 pro-

398 1347 132 67 ducit
486 1347 176 67 spiritum
619 1347 176 67 sanctum.
751 1347 117 67 ergo
824 1347 103 67 &c.
883 1347 73 67 ⁋
912 1347 147 67 Tertio
1015 1347 117 67 sic.
1088 1347 161 67 propter
1206 1347 117 67 quod
1279 1347 220 67 vnumquodque
1455 1347 132 67 tale,
1543 1347 73 67 &
1573 1347 132 67 illud
1661 1347 147 67 magis.
1764 1347 88 67 si
1793 1347 132 67 ergofi-

405 1393 115 67 ius
470 1393 164 67 spirat
585 1393 180 67 propter
715 1393 164 67 patrem
830 1393 82 67 a
863 1393 115 67 quo
928 1393 164 67 habet:
1043 1393 147 67 magis
1141 1393 131 67 ergo
1223 1393 164 67 spirat
1337 1393 164 67 pater,
1452 1393 147 67 quare
1550 1393 115 67 non
1615 1393 147 67 eodem
1713 1393 147 67 modo.
1811 1393 82 67 ⁋
1828 1393 98 67 Con-

391 1445 125 62 tra,
469 1445 218 62 quaecumque
641 1445 125 62 sunt
718 1445 125 62 vnum
796 1445 234 62 simpliciter
983 1445 93 62 in
1030 1445 156 62 agendo
1139 1445 171 62 aliquem
1263 1445 156 62 actum,
1372 1445 140 62 agunt
1466 1445 140 62 aeque
1559 1445 140 62 primo
1653 1445 265 62 principaliter
1855 1445 78 62 im-

394 1493 169 57 mediate
517 1493 108 57 per
578 1493 92 57 se
624 1493 77 57 &
655 1493 138 57 eodem
747 1493 138 57 modo,
840 1493 123 57 quia
917 1493 185 57 opposita
1055 1493 138 57 horum
1147 1493 108 57 non
1209 1493 154 57 habent
1317 1493 138 57 locum
1409 1493 92 57 in
1455 1493 138 57 eodem
1547 1493 200 57 simplici.
1701 1493 138 57 pater
1794 1493 77 57 &
1809 1493 123 57 filius

394 1534 129 71 sunt
475 1534 129 71 vnum
555 1534 242 71 simpliciter
749 1534 97 71 in
797 1534 194 71 spirando
942 1534 194 71 spiritum
1088 1534 194 71 sanctum,
1233 1534 97 71 vt
1281 1534 177 71 habitum
1410 1534 113 71 est
1475 1534 161 71 supra.
1588 1534 129 71 ergo
1652 1534 81 71 &c.

397 1604 102 90 ⁋
437 1604 244 90 Dicendum
620 1604 122 90 ad
681 1604 203 90 primum
823 1604 285 90 argumentum
1047 1604 183 90 iuxta
1169 1604 264 90 praedicta
1372 1604 122 90 in
1433 1604 264 90 principio
1616 1604 305 90 dissolutionis

412 1677 163 60 astionis
535 1677 150 60 proxime
644 1677 231 60 praecedentis,
834 1677 109 60 quod
902 1677 122 60 sicut
984 1677 218 60 multitudinem
1161 1677 204 60 procedentem
1324 1677 82 60 ab
1365 1677 95 60 vno
1419 1677 150 60 oportet
1528 1677 136 60 ordine
1624 1677 136 60 quodam
1719 1677 136 60 reduci
1814 1677 82 60 ad
1841 1677 82 60 vnum

407 1727 121 46 vnde
482 1727 121 46 ambo
558 1727 211 46 procedunt:
724 1727 91 46 vt
769 1727 121 46 ideo
845 1727 106 46 non
905 1727 136 46 aeque
996 1727 136 46 primo
1086 1727 166 46 possint
1207 1727 151 46 plures
1313 1727 196 46 procedere
1464 1727 91 46 ab
1509 1727 121 46 vno,
1585 1727 181 46 secundum
1721 1727 121 46 quod
1796 1727 106 46 ibi
1841 1727 76 46 de-

398 1768 186 66 claratum
537 1768 124 66 est:
614 1768 108 66 Sic
676 1768 93 66 ex
723 1768 139 66 parte
816 1768 124 66 ista
893 1768 248 66 pluralitatem
1095 1768 77 66 a
1126 1768 108 66 qua
1187 1768 186 66 procedit
1327 1768 139 66 vnus,
1420 1768 170 66 oportet
1544 1768 155 66 ordine
1652 1768 155 66 quodam
1761 1768 155 66 reduci
1869 1768 93 66 ad

397 1821 138 59 vnum,
489 1821 123 59 vnde
565 1821 123 59 ambo
642 1821 214 59 procedunt,
810 1821 184 59 scilicet
948 1821 77 59 &
979 1821 123 59 ille
1055 1821 123 59 vnus
1132 1821 107 59 qui
1193 1821 92 59 ab
1239 1821 184 59 ambobus,
1377 1821 77 59 &
1407 1821 199 59 similiter
1560 1821 138 59 alter
1652 1821 168 59 illorum
1775 1821 77 59 a
1805 1821 107 59 quo
1851 1821 77 59 il-

394 1861 97 60 le
442 1861 130 60 vnus
523 1861 211 60 procedit:
685 1861 97 60 vt
734 1861 130 60 ideo
815 1861 113 60 non
880 1861 146 60 aeque
977 1861 146 60 primo
1074 1861 162 60 possit
1187 1861 113 60 vna
1252 1861 178 60 persona
1382 1861 211 60 procedere
1544 1861 81 60 a
1576 1861 211 60 pluribus.
1722 1861 194 60 Veruntamen

397 1910 146 49 aliter
500 1910 102 49 hic
558 1910 117 49 quam
632 1910 117 49 ibi.
705 1910 102 49 lbi
763 1910 117 49 enim
837 1910 132 49 nullo
924 1910 117 49 modo
998 1910 102 49 duo
1056 1910 102 49 sic
1115 1910 132 49 aeque
1203 1910 132 49 primo
1290 1910 190 49 procedunt
1437 1910 88 49 ab
1481 1910 117 49 vno,
1554 1910 117 49 quin
1627 1910 102 49 sit
1686 1910 102 49 ibi
1744 1910 161 49 aliquis
1847 1910 73 49 or-

399 1955 116 64 do,
466 1955 99 64 vt
515 1955 116 64 ibi
581 1955 182 64 exposit
713 1955 99 64 am
763 1955 132 64 est.
846 1955 116 64 Hic
912 1955 132 64 vero
994 1955 231 64 quodammodo
1176 1955 132 64 sic,
1259 1955 83 64 &
1292 1955 231 64 quodammodo
1474 1955 132 64 non.
1556 1955 149 64 luxta
1656 1955 132 64 enim
1738 1955 182 64 quandam
1854 1955 66 64 di

400 2002 242 67 stinctionem
593 2002 97 67 in
642 2002 226 67 quaestione
819 2002 242 67 praecedente
1012 2002 193 67 positam,
1157 2002 81 67 l
1190 2002 145 67 aeque
1286 2002 145 67 primo
1383 2002 161 67 potest
1496 2002 242 67 determinare
1689 2002 145 67 actum
1770 2002 145 67 spiran-

398 2050 107 69 di,
459 2050 92 69 vt
505 2050 184 69 refertur
642 2050 92 69 ad
688 2050 138 69 agens
780 2050 92 69 vt
826 2050 138 69 agens
918 2050 107 69 est
979 2050 76 69 &
1009 2050 184 69 praecise
1147 2050 184 69 eliciens
1285 2050 153 69 actum,
1392 2050 245 69 intelligendo
1591 2050 199 69 potentiam
1743 2050 184 69 spirandi
1866 2050 61 69 ex

401 2102 136 63 parte
491 2102 151 63 actus,
597 2102 75 63 &
627 2102 166 63 includi
748 2102 105 63 sub
808 2102 121 63 illa
883 2102 286 63 determinatione:
1124 2102 105 63 vel
1185 2102 90 63 vt
1230 2102 181 63 refertur
1365 2102 90 63 ad
1411 2102 136 63 agens
1501 2102 181 63 eliciens
1637 2102 136 63 actum
1727 2102 90 63 vi
1757 2102 151 63 spiratiu

394 2149 109 48 vim
457 2149 219 48 spiratiuam
629 2149 250 48 intelligendo
831 2149 94 48 ex
878 2149 140 48 parte
972 2149 172 48 agentis
1097 2149 109 48 non
1159 2149 187 48 inclusam
1300 2149 109 48 sub
1362 2149 125 48 illa
1440 2149 297 48 determinatione.
1690 2149 140 48 Primo
1784 2149 125 48 modo
1862 2149 94 48 di

388 2193 90 64 co
433 2193 120 64 quod
508 2193 135 64 pater
598 2193 75 64 &
628 2193 150 64 filius
733 2193 105 64 non
793 2193 135 64 aeque
883 2193 135 64 primo
973 2193 180 64 spirant,
1108 2193 105 64 sed
1167 2193 150 64 ordine
1272 2193 165 64 quodam,
1392 2193 180 64 scilicet
1527 2193 105 64 quo
1587 2193 150 64 habent
1692 2193 105 64 vim
1737 2193 180 64 spiratiuam

391 2233 128 64 pater
476 2233 170 64 scilicet
604 2233 71 64 a
632 2233 99 64 se,
689 2233 142 64 filius
788 2233 71 64 a
817 2233 142 64 patre.
916 2233 99 64 sic
973 2233 114 64 enim
1044 2233 170 64 conuenit
1172 2233 128 64 patri
1257 2233 128 64 primo
1342 2233 156 64 spirare
1456 2233 71 64 &
1484 2233 128 64 filio
1569 2233 213 64 secundario:
1739 2233 71 64 &
1768 2233 99 64 hoc
1825 2233 99 64 non
1867 2233 57 64 ra

389 2291 113 60 tione
465 2291 125 60 ipsius
552 2291 125 60 actus:
640 2291 88 60 sed
690 2291 138 60 ratione
790 2291 150 60 virtutis
902 2291 175 60 spiratiuae
1040 2291 188 60 intellectae
1190 2291 113 60 circa
1265 2291 125 60 actum,
1352 2291 100 60 quam
1415 2291 125 60 ordine
1502 2291 125 60 quodam
1590 2291 125 60 habent
1677 2291 88 60 ptr
1727 2291 63 60 &
1752 2291 138 60 filius,
1840 2291 75 60 quia

388 2326 121 63 filius
473 2326 60 63 a
497 2326 121 63 patre,
581 2326 181 63 quemadmodum
727 2326 145 63 secundum
835 2326 109 63 Hila.
908 2326 121 63 filius
993 2326 85 63 est
1041 2326 145 63 secundus
1150 2326 60 63 a
1174 2326 109 63 prse,
1247 2326 157 63 inquantum
1368 2326 109 63 habet
1440 2326 97 63 esse
1501 2326 60 63 a
1525 2326 97 63 pre.
1585 2326 133 63 Secundo
1682 2326 97 63 modo
1743 2326 97 63 dico
1803 2326 97 63 quod
1852 2326 60 63 ptr

389 2374 71 64 &
417 2374 141 64 filius
516 2374 127 64 aeque
601 2374 127 64 primo
686 2374 141 64 absque
785 2374 113 64 omni
856 2374 141 64 ordine
955 2374 170 64 spirant:
1082 2374 113 64 quia
1153 2374 113 64 sunt
1224 2374 113 64 vnum
1294 2374 198 64 principium
1450 2374 85 64 in
1493 2374 156 64 origine
1606 2374 226 64 spirationis,
1790 2374 85 64 vt
1818 2374 99 64 supra

390 2423 172 61 dictum
510 2423 138 61 est.
597 2423 241 61 Argumentum
786 2423 172 61 contra
907 2423 121 61 hoc
976 2423 207 61 inductum
1131 2423 155 61 solum
1234 2423 207 61 procedit
1389 2423 103 61 in
1441 2423 155 61 primo
1544 2423 172 61 membro
1647 2423 276 61 distinctionis.

403 2468 96 60 vt
451 2468 144 60 patet
547 2468 255 60 inspicienti.
754 2468 80 60 ⁋
786 2468 96 60 Ad
834 2468 191 60 secundum
978 2468 223 60 argumentum
1153 2468 96 60 de
1201 2468 287 60 principaliter,
1440 2468 271 60 distinguendum
1664 2468 112 60 est
1712 2468 207 60 distinctio-

398 2515 99 64 ne
447 2515 115 64 iam
513 2515 181 64 posita:
645 2515 82 64 &
678 2515 148 64 eodem
777 2515 132 64 modo
859 2515 115 64 est
925 2515 148 64 vera,
1024 2515 82 64 &
1057 2515 165 64 falsa.
1173 2515 132 64 Vnde
1255 2515 231 64 Augustinus
1437 2515 132 64 cap.
1519 2515 148 64 xvii.
1618 2515 181 64 subdens
1750 2515 148 64 quare
1833 2515 82 64 di-

386 2570 105 49 xit
446 2570 270 49 principaliter,
671 2570 150 49 dicit.
776 2570 120 49 ldeo
851 2570 150 49 addidi
956 2570 270 49 principaliter:
1180 2570 120 49 quia
1255 2570 75 49 &
1285 2570 90 49 de
1330 2570 135 49 filio
1420 2570 180 49 spiritus
1555 2570 165 49 sanctus
1675 2570 195 49 procedere
1810 2570 105 49 repe-

396 2608 146 62 ritur:
498 2608 102 62 sed
557 2608 102 62 hoc
615 2608 146 62 quoque
717 2608 117 62 illi
790 2608 131 62 pater
878 2608 146 62 dedit.
980 2608 73 62 ⁋
1009 2608 87 62 Et
1053 2608 102 62 cum
1111 2608 248 62 principalitas
1315 2608 160 62 dicitur
1432 2608 277 62 quadrupliciter:
1665 2608 175 62 scilicet
1782 2608 131 62 Virtute

379 2667 241 47 quemadmodum
572 2667 145 47 pater
668 2667 273 47 principaliter
893 2667 177 47 generat
1021 2667 112 47 non
1086 2667 161 47 mater,
1198 2667 96 47 vt
1246 2667 96 47 in
1295 2667 225 47 creaturis:
1471 2667 193 47 Actione,
1616 2667 241 47 quemadmodum
1793 2667 112 47 forma

394 2712 144 62 ignis
490 2712 272 62 principaliter
714 2712 176 62 generat
842 2712 144 62 ignem
938 2712 112 62 non
1002 2712 144 62 calor
1098 2712 144 62 eius:
1193 2712 224 62 Dignitate,
1369 2712 240 62 quemadmodum
1561 2712 144 62 causa
1657 2712 192 62 primaria
1801 2712 80 62 &
1817 2712 96 62 vni-

393 2759 183 61 uersalis
530 2759 259 61 principaliter
743 2759 122 61 agit
819 2759 183 61 respectu
956 2759 152 61 causae
1063 2759 228 61 secundariae
1245 2759 76 61 &
1276 2759 259 61 particularis:
1489 2759 91 61 Et
1534 2759 244 61 auctoritate,
1717 2759 198 61 quemadmodum

378 2806 175 55 princeps
509 2806 247 55 principaliter
713 2806 189 55 praecipit
858 2806 175 55 respectu
989 2806 160 55 Baliui:
1106 2806 131 55 solum
1193 2806 116 55 isto
1266 2806 116 55 modo
1338 2806 145 55 vltimo
1440 2806 160 55 sumitur
1556 2806 247 55 principalitas
1760 2806 87 55 in
1789 2806 131 55 diuinis
